2376 3925
760 211 1157 264 JOANNES·
1233 211 1401 264 CAP.
1441 213 1489 263 9.

180 321 439 365 dicebant:
458 318 646 363 Nonne
664 316 747 361 hie
767 319 866 374 est,
895 315 980 372 qui
1003 329 1087 361 se-

179 387 333 432 debat
358 386 409 430 et
434 383 780 430 mendicabat?
814 382 920 430 Alii
950 382 1087 430 dice·-

178 455 327 498 bant:
350 451 481 504 Quia
498 451 582 496 hic
605 448 703 496 est!

250 523 297 566 9.
328 518 434 564 Alii
443 519 613 563 autem
624 529 636 562 z
648 517 987 575 Nequaquam,
1001 516 1089 563 sed

181 585 362 633 similis
392 586 473 630 est
504 583 575 630 ei!
610 584 701 630 Ille
722 597 845 630 vero
867 583 1087 631 dicebat:

184 655 315 708 Quia
337 664 435 710 ego
458 650 587 697 sum!

251 721 335 767 10.
370 718 619 765 Dicebant
630 731 752 778 ergo
775 719 1090 774 eizauomo-

186 789 249 834 do
271 786 437 846 aperti
455 788 571 832 sunt
587 786 680 832 tibi
700 787 865 833 oculi?

254 856 336 900 11.
369 852 673 910 Respondit:
694 852 786 900 llle
806 855 985 912 homo,
1006 852 1092 910 qui

186 921 372 967 dieitur
389 922 419 966 J
422 932 555 978 esus,
575 919 736 966 lutum
752 921 875 967 fecit
887 951 902 980 ,
923 922 976 966 et
993 935 1090 966 un-

184 989 269 1036 xit
305 987 477 1033 oeulos
504 999 673 1044 meos,
707 990 759 1032 et
787 987 915 1033 dixit
938 987 1089 1032 mihi:

182 1054 329 1100 Vade
349 1055 408 1099 ad
426 1053 680 1100 natatoria
701 1053 860 1113 Siloe,
882 1056 933 1100 et
952 1051 1090 1100 lava!

188 1121 259 1168 Et
279 1121 393 1180 abii,
415 1122 464 1168 et
480 1121 612 1178 lavi3
635 1121 687 1166 et
706 1121 872 1166 video.

257 1190 337 1234 12.
371 1188 439 1234 Et
458 1189 697 1234 dixerunt
715 1187 791 1233 ei:
818 1187 914 1234 Ubi
933 1188 1010 1232 est
1028 1186 1092 1232 il-

186 1257 269 1303 le?
288 1255 399 1302 Ait:
420 1255 621 1300 Nescio.

255 1325 338 1368 13.
375 1321 639 1368 Adducunt
675 1335 789 1368 eum
826 1319 889 1367 ad
912 1319 1093 1367 Phari-

186 1403 355 1450 saeos,
378 1389 462 1446 qui
482 1402 657 1435 caecus
678 1390 861 1435 fuerat.

253 1459 335 1502 14.
388 1457 515 1502 Erat
582 1457 749 1502 autem
817 1455 1092 1514 sabbatum,

186 1524 389 1582 quando
434 1523 594 1568 lutum
648 1523 771 1569 fecit
812 1523 842 1568 J
845 1535 960 1568 esus
973 1553 987 1581 ‚
1046 1524 1097 1568 et

184 1591 388 1652 aperuit
406 1590 582 1637 oculos
604 1589 732 1647 ejus.

256 1660 337 1703 15.
356 1659 545 1704 Iterum
566 1670 691 1714 ergo
712 1657 1097 1714 interrogabant

186 1739 299 1772 eum
326 1723 618 1782 Pharisaei,
656 1721 908 1779 quomodo
936 1722 1095 1767 vidis-

186 1795 279 1839 set.
346 1792 444 1837 Ille
466 1791 630 1836 autem
654 1788 786 1834 dixit
802 1789 1097 1834 eiszLutum

184 1859 305 1907 mihi
321 1857 502 1918 posuit
520 1851 671 1913 super
692 1854 887 1914 oculos,
906 1855 957 1901 et
974 1851 1095 1913 lavi,

188 1930 239 1975 et
257 1927 425 1973 video.

253 1997 335 2040 16.
370 1992 621 2039 Dicebant
650 2002 779 2055 ergo
815 2004 882 2038 ex
915 1989 1100 2037 Phari-

187 2062 319 2109 saeis
339 2060 563 2119 quidam:
591 2059 710 2104 Non
740 2060 819 2105 est
840 2058 923 2106 hic
941 2057 1095 2104 homo

187 2144 217 2175 a
234 2130 377 2189 Deo,
408 2128 492 2184 qui
512 2128 768 2173 sabbatum
796 2139 903 2172 non
923 2128 1095 2173 custo-

188 2197 274 2241 dit.
342 2194 447 2240 Alii
475 2196 641 2239 autem
672 2193 929 2240 dicebant:
953 2194 1097 2247 Quo-

186 2261 341 2308 modo
360 2262 529 2319 potest
547 2261 699 2307 homo
711 2262 951 2318 peccator
969 2260 1097 2307 haec

184 2330 335 2388 signa
352 2330 521 2376 facere
532 2329 553 2373 ’.ἱ
564 2328 633 2373 Et
652 2326 866 2374 schisma
886 2328 1097 2374 eratin-

180 2402 265 2443 ter
286 2408 391 2442 eos.

252 2464 335 2508 17.
371 2462 559 2509 Dicunt
578 2474 701 2521 ergo
716 2474 866 2509 caeco
886 2461 1093 2507 iterum:

186 2532 269 2576 Tu
290 2530 409 2586 quid
430 2529 551 2576 dicis
572 2528 633 2576 de
654 2528 744 2575 illo
758 2560 773 2589 ‚
794 2528 880 2586 qui
898 2527 1097 2587 aperuit

184 2596 367 2643 oeulos
402 2598 515 2643 tuos
532 2596 556 2641 Φ
605 2596 699 2643 Ille
738 2597 906 2643 autem
942 2596 1093 2643 dixit:

188 2664 325 2717 Quia
342 2654 643 2722 Prophetas
661 2662 760 2710 est!

256 2732 341 2775 18.
374 2730 493 2778 Non
513 2730 837 2778 erediderunt
855 2743 979 2788 ergo
1000 2730 1093 2775 Ju-

186 2796 305 2845 daei
326 2797 385 2843 de
403 2798 493 2844 illo
507 2829 521 2857 ,
552 2798 670 2855 quia
698 2810 876 2843 caecus
896 2798 1093 2856 fuisset,

184 2869 239 2911 et
256 2864 485 2925 vidisset,
498 2865 662 2912 donee
675 2866 989 2909 vocaverunt
1003 2877 1094 2921 pa-

182 2933 360 2979 rentes
381 2933 508 2992 ejus,
529 2932 616 2989 qui
635 2930 845 2977 viderat.

253 3002 335 3045 19.
387 2998 457 3045 Et
490 2998 941 3056 interrogaverunt
985 3010 1092 3055 eos,

182 3067 436 3114 dieentes:
482 3067 578 3113 Hic
625 3068 702 3111 est
737 3064 869 3111 filius
905 3066 1093 3123 vester,

226 3157 255 3191 1
271 3158 373 3195 Luc.
391 3162 429 3201 7,
446 3160 505 3195 16.

302 3306 367 3348 Ca
406 3302 537 3347 .1x.

182 3368 255 3407 10.
287 3362 409 3405 oeni
436 3362 537 3403 tibi.
617 3364 683 3404 11.
714 3361 1008 3411 natatoriam3
1038 3359 1149 3405 ibid.
1174 3361 1286 3403 vidi.
1365 3366 1432 3405 15.
1465 3365 1620 3417 posuit
1636 3365 1760 3407 mihi.

1963 215 2064 266 161

1157 327 1306 372 quem
1325 326 1419 362 vos
1441 316 1622 375 dicitis,
1636 317 1752 373 quia
1771 331 1950 364 caecus
1969 330 2065 363 na·-

1155 385 1238 428 tus
1259 383 1364 428 est?
1397 382 1664 434 Quomodo
1685 397 1809 442 ergo
1829 398 1966 432 nunc
1983 386 2064 431 vi-

1158 449 1273 496 detz

1225 518 1306 562 2⁰.
1340 517 1815 574 Responderunteis
1825 521 2062 576 parentes

1158 584 1270 641 ejus
1308 584 1359 630 et
1395 583 1658 630 dixerunt:
1699 586 1909 645 Scimus,
1947 587 2066 644 qnia

1156 652 1240 697 hie
1260 653 1338 697 est
1354 651 1487 697 filius
1507 653 1709 711 noster,
1728 655 1790 699 .et
1813 654 1930 709 quia
1948 668 2064 701 cae-

1161 731 1248 764 cus
1267 720 1417 764 natus
1437 719 1544 775 est3

1227 787 1308 830 21.
1347 784 1601 842 quomodo
1636 788 1803 832 autem
1827 799 1966 843 nunc
1987 787 2066 833 vi-

1162 852 1303 910 deat,
1341 852 1620 911 nescimus3
1675 855 1762 899 aut
1807 852 1918 910 quis
1957 854 2066 912 ejus

1160 919 1360 976 aperuit
1397 919 1601 978 oculos,
1650 932 1747 965 nos
1784 921 2066 978 nescimus;

1160 987 1324 1043 ipsum
1352 985 1692 1044 interrogate!
1733 989 1951 1034 aetatem
1977 987 2069 1034 ha-

1159 1054 1260 1112 bet,
1281 1053 1390 1110 ipse
1411 1052 1472 1099 de
1493 1067 1548 1098 se
1567 1053 1818 1111 loquatur.

1227 1121 1310 1165 22.
1362 1120 1502 1166 Haec
1550 1120 1790 1168 dixerunt
1833 1124 2071 1178 parentes

1162 1185 1292 1246 eJus,
1314 1187 1551 1243 quoniam
1569 1187 1812 1234 timebant
1819 1189 1852 1233 J
1855 1189 2040 1234 udaeos
2054 1204 2069 1246 ς

1155 1253 1264 1310 jam
1283 1252 1418 1298 enim
1437 1254 1858 1310 conspiraverant
1873 1255 2070 1314 Iudaei,

1162 1321 1220 1366 ut
1247 1319 1292 1365 si
1319 1320 1432 1376 quis
1459 1333 1573 1366 eum
1603 1323 1930 1367 confiteretur
1960 1335 2073 1368 esse

1165 1386 1419 1433 Christum
1433 1417 1449 1446 ,
1472 1389 1620 1434 extra
1650 1400 1964 1446 synagogam
1980 1391 2072 1436 fie-

1161 1456 1258 1500 ret.

1234 1523 1316 1567 23.
1367 1523 1650 1580 Propterea
1683 1526 1922 1580 parentes
1959 1524 2072 1581 ejus

1167 1588 1432 1640 dixerunt:
1484 1589 1616 1643 Quia
1651 1591 1866 1636 aetatem
1903 1590 2072 1650 habet,

1165 1655 1330 1714 ipsum
1348 1656 1688 1714 interrogate!

1235 1724 1314 1766 24.
1343 1723 1675 1770 vocaverunt
1710 1735 1838 1782 ergo
1872 1736 2075 1770 rursum

1164 1786 1447 1848 hominem,
1476 1789 1562 1846 qui
1589 1791 1756 1836 fuerat
1783 1803 1992 1848 caecus,
2023 1793 2075 1836 et

1168 1853 1410 1900 dixerunt
1444 1856 1516 1901 ei:
1562 1856 1642 1900 Da
1677 1856 1894 1914 glor-iam
1937 1856 2072 1903 Deo!

1166 1921 1274 1968 Nos
1295 1921 1477 1969 scimus
1490 1952 1505 1982 ,
1545 1922 1662 1981 quia
1677 1922 1760 1971 hic
1777 1923 1931 1971 homo
1953 1939 2074 1983 pee-

1168 1991 1311 2037 cator
1331 1991 1422 2035 est:

1233 2059 1313 2102 25.
1350 2057 1495 2104 Dixit
1512 2070 1637 2117 ergo
1658 2058 1732 2104 eis
1750 2058 1861 2105 ille:
1876 2060 1932 2107 Si
1952 2074 2071 2119 pec-

1166 2127 1309 2171 cator
1329 2126 1421 2185 est,
1434 2126 1608 2171 nescio
1620 2140 1712 2183 3un
1719 2140 1800 2172 um
1819 2126 1944 2187 scio,
1959 2129 2075 2185 quia

1165 2204 1346 2239 caecus
1365 2206 1477 2239 eum
1497 2206 1676 2253 essem,
1696 2194 1850 2241 modo
1871 2196 2037 2243 video.

1233 2274 1314 2318 26.
1349 2273 1606 2321 Dixerunt
1631 2288 1757 2333 ergo
1793 2274 1898 2323 illi:
1941 2276 2071 2329 Quid

1163 2339 1288 2386 feeit
1313 2340 1438 2387 tibi?
1469 2342 1724 2398 quomodo
1754 2343 1955 2399 aperuit
1983 2344 2072 2389 tibi

1166 2406 1378 2454 oeulos'.⁸

1233 2474 1312 2519 27.
1347 2474 1627 2532 Respondit
1645 2476 1744 2523 eis:
1774 2476 1898 2522 Dixi
1927 2476 2070 2523 vobis

1158 2539 1284 2600 jam,
1306 2543 1356 2586 et
1374 2542 1604 2589 audistis!
1618 2542 1736 2599 quid
1752 2542 1935 2589 iterum
1957 2542 2068 2588 vul-

1162 2608 1229 2654 ti·
1250 2608 1455 2654 audire?
1467 2609 1716 2666 Numquid
1735 2612 1788 2655 et
1806 2622 1898 2654 vos
1918 2609 2068 2655 vultis

1164 2674 1398 2733 discipuli
1418 2676 1527 2733 ejus
1545 2677 1657 2723 fieri
1669 2678 1692 2721 ’β

1231 2744 1313 2787 28.
1347 2742 1728 2789 Maledixerunt
1755 2755 1880 2799 ergo
1911 2744 1984 2803 ei,
2020 2746 2070 2791 et

1166 2808 1429 2855 dixerunt:
1445 2811 1522 2855 Tu
1535 2808 1806 2865 discipulus
1821 2809 1958 2857 illius
1977 2812 2069 2858 sis!

1160 2888 1260 2921 nos
1280 2875 1623 2933 autemMoysi
1635 2874 1865 2934 discipuli
1884 2891 2068 2924 sumus.

1231 2943 1311 2985 29.
1347 2941 1456 2986 Nos
1492 2941 1702 3001 scimus,
1749 2944 1866 3000 quia
1901 2946 2071 3005 Moysi

1160 3008 1362 3054 locutus
1409 3009 1486 3053 est
1520 3008 1684 3067 Deus;
1732 3010 1866 3059 hunc
1904 3016 2070 3059 autem

1161 3075 1434 3134 nescimus,
1453 3074 1587 3123 unde
1608 3076 1688 3122 sit.

1231 3143 1310 3187 30.
1344 3142 1622 3201 Respondit
1639 3143 1726 3191 ille
1743 3146 1914 3205 homo,
1929 3148 1981 3192 et
1992 3147 2070 3193 di·-

595 3310 635 3347 8.
666 3309 713 3347 et
734 3305 945 3347 dicebant
976 3304 1063 3361 (sic
1090 3306 1139 3347 in
1169 3306 1259 3348 fine
1277 3308 1361 3361 ι),
1419 3310 1460 3350 9.
1493 3308 1618 3360 ejus;
1638 3308 1748 3353 ibid.
1769 3306 1850 3352 ille
1871 3310 2064 3351 dieebat.

1841 3368 1906 3407 16.
1937 3366 2068 3416 quia3

178 3417 297 3461 ibid.
322 3418 372 3459 in
400 3418 484 3459 eis.
565 3419 631 3459 17.
672 3417 729 3458 de
758 3430 827 3458 eo.
904 3420 973 3459 22.
1014 3418 1143 3471 quia3
1172 3415 1282 3461 ibid.
1313 3420 1602 3462 confiteretur
1631 3419 1858 3462 Christum
1897 3419 2066 3471 (omiss.

183 3474 332 3527 me).

410 3476 482 3514 25.
513 3469 594 3513 ille
616 3471 784 3525 (omiss.
806 3472 909 3526 eis).
984 3476 1055 3515 28.
1086 3470 1426 3516 maledixerunt
1454 3475 1495 3515 ei
1527 3474 1592 3527 (ei
1620 3474 1786 3517 litteris
1813 3472 2080 3523 minusculis,

187 3529 347 3573 omiu.
370 3528 527 3582 ergo);
547 3526 653 3571 ibid.
674 3540 736 3569 es.
795 3530 864 3571 29.
897 3530 1119 3582 quoniam.

1568 3589 1663 3632 Ga
