2376 3925
255 167 288 217 6
733 166 1271 218 MATTHAEUs.
1343 166 1494 218 cAP.
1532 167 1583 217 4.
1604 169 1653 217 5.

327 271 406 313 22.
450 268 531 313 Illi
567 269 731 314 autem
767 269 933 312 statim
965 269 1158 314 relictis
1225 268 1327 313 iam
1367 268 1467 326 ipsi
1513 269 1911 316 misericordiam
1944 284 2141 318 conse-

259 336 450 381 retibus
469 337 520 380 et
537 337 695 392 patre,
717 335 876 380 secuti
895 338 1013 381 sunt
1031 349 1157 381 eum.
1228 337 1458 391 quentur.

326 403 406 448 23.
441 401 510 446 Et
545 401 786 447 circuibat
818 403 968 447 Jesus
1003 404 1159 447 totam

1294 403 1339 446 8.
1360 401 1501 446 Beati
1508 402 1693 448 mundo
1705 403 1857 450 corde
1868 401 1879 449 ἔ
1892 405 2136 461 quoniam

259 467 552 527 Galilaeam,
575 467 761 514 docens
781 469 834 513 in
853 460 1160 526 synagogis&
1225 467 1323 526 ipsi
1340 468 1502 514 Deum
1520 468 1778 518 videbunt.

259 548 460 594 eorum,
509 536 561 580 et
593 535 888 592 praedicans
933 547 1156 592 evange·

259 602 381 647 lium
414 601 588 661 regni,
639 604 690 648 et
731 614 914 646 sanans
959 613 1158 646 omnem

259 669 557 726 languorem
586 671 637 715 et
664 681 861 714 omnem
893 667 1156 713 infirmita-

257 739 359 782 tem
377 736 431 781 in
447 735 636 794 populo
649 740 684 780 ⁸.

327 805 407 849 24.
440 803 511 848 Et
528 802 648 849 abiit
677 800 850 857 opinio
872 800 982 856 ejus
1001 799 1056 846 in
1073 803 1156 846 to-

1294 537 1340 580 9.
1375 535 1517 581 Beati
1535 535 1752 592 pacifici!
1783 537 2023 594 quoniam
2040 538 2135 586 filii

1226 600 1323 647 Dei
1342 603 1673 648 vocabuntur.

1281 669 1361 713 10.
1397 669 1565 728 Beati,
1598 669 1685 726 qui
1710 670 2128 727 persecutionem

1216 735 1473 792 patiuntur
1554 739 1764 795 propter
1836 738 2125 794 justitiam!

1216 803 1455 858 quoniam
1501 802 1730 860 ipsorum
1776 806 1856 850 est
1908 819 2129 864 regnum

257 873 359 916 tam
405 869 625 928 Syriam,
681 871 731 912 et
776 867 1066 913 obtulerunt
1109 868 1158 914 ei
1217 861 1511 917 coeloruml.

254 950 432 982 omnes
449 935 578 980 male
598 935 855 992 habentes,
868 933 1023 996 variis
1043 933 1156 978 lan-

257 1004 496 1062 guoribus
533 1004 586 1048 et
617 1001 881 1046 tormentis
925 1013 1156 1058 compre-

254 1071 442 1116 hensos
455 1099 470 1128 ‚
501 1071 552 1114 et
587 1068 674 1124 qui
709 1067 974 1113 daemonia
1000 1068 1156 1113 habe-

254 1139 396 1196 bant,
427 1137 479 1182 et
503 1125 814 1194 lunaticosf,
843 1136 894 1180 et
911 1134 1154 1194 paralyti-

254 1217 341 1249 cos
357 1218 372 1261 3
395 1205 447 1249 et
463 1203 662 1249 curavit
679 1215 784 1248 eos.

321 1273 402 1316 25.
439 1270 508 1316 Et
517 1271 718 1316 secutae
729 1270 846 1315 sunt
857 1281 970 1314 eum
977 1269 1154 1316 turbae

250 1337 438 1384 multae
458 1337 518 1383 de
539 1336 806 1382 Galilaeae
823 1339 875 1382 et
890 1337 1153 1395 Decapoli,

253 1408 306 1450 et
323 1405 385 1450 de
403 1404 756 1462 lei-osolymis,
787 1406 838 1448 et
865 1403 1153 1464 deludaea,

253 1475 305 1517 et
323 1472 384 1518 de
402 1473 542 1517 trans
560 1472 592 1516 J
595 1471 851 1516 ordanem.

555 1576 724 1628 CAP.
779 1576 846 1628 V.

251 1677 407 1720 Sermo
455 1677 628 1719 Christi
670 1677 716 1718 in
760 1681 910 1718 monte
955 1674 1149 1718 babitus.

249 1735 456 1778 Beatitas
483 1731 806 1786 discipulorum
833 1732 959 1774 Jesu.
1020 1732 1151 1775 Chri-

361 1791 536 1832 stianae
555 1787 854 1842 perfectionis
871 1787 1039 1843 capita.

313 1887 365 1934 1.
399 1883 586 1930 videns
607 1885 774 1928 autem
789 1882 937 1929 Jesus
959 1883 1148 1940 turbas,

249 1951 476 1999 ascendit
501 1951 553 1996 in
580 1952 828 2009 montem,
859 1953 910 1995 et
937 1964 1048 1995 cum
1066 1964 1150 1995 se-

249 2019 423 2077 disset,
445 2019 768 2065 accesserunt
785 2016 846 2061 ad
865 2030 979 2061 eum
998 2016 1149 2062 disci-

247 2086 354 2142 puli
373 2086 498 2141 ejus.

315 2152 363 2194 2.
397 2150 465 2194 Et
491 2148 723 2205 aperiens
743 2161 802 2194 os
827 2161 971 2194 suum
995 2148 1149 2195 doce-

247 2220 334 2263 bat
351 2228 458 2273 eos,
480 2216 676 2261 dicens:

316 2285 362 2329 3.
414 2281 556 2329 Beati
607 2294 853 2340 pauperes
908 2276 1146 2339 spirituh!

249 2350 486 2409 quoniam
537 2349 763 2408 ipsorum
807 2349 886 2395 est
935 2362 1149 2409 regnum

247 2418 522 2466 coelorum.

311 2488 360 2532 4.
394 2484 536 2533 Beati
572 2482 741 2529 mites!
779 2482 1017 2540 quoniam
1047 2484 1148 2544 ipsi

245 2553 575 2611 possidebunt
591 2554 779 2597 terram
787 2546 820 2596 ἱ.

311 2624 360 2667 5.
393 2620 560 2679 Beati,
582 2619 668 2677 qui
685 2616 880 2675 lugent!
909 2618 1146 2675 quoniam

243 2686 343 2743 ipsi
361 2687 754 2734 consolabuntur
763 2677 800 2730 ἒ.

311 2755 359 2798 6.
392 2754 550 2814 Beati,
559 2754 646 2811 qui
665 2752 892 2801 esuriunt
911 2756 964 2799 et
973 2753 1148 2799 sitiunt

238 2818 506 2877 justitiam!
545 2821 782 2877 quoniam
814 2820 914 2880 ipsi
947 2823 1145 2866 satura-

243 2888 444 2934 buntur.

311 2954 359 3000 7.
392 2952 537 3000 Beati
583 2952 962 3001 misericordes!
983 2965 1144 3012 quon-

240 3101 264 3135 6
287 3048 484 3135 agag-64,
503 3050 561 3127 13.
570 3047 802 3131 ξεί-ὶῚΜΙιΣο.
819 3054 864 3129 1ip
874 3054 1005 3132 ssgiart:
1015 3050 1143 3135 Νὲπξ.

239 3143 342 3184 Luc.
365 3146 402 3185 6,
431 3144 490 3179 17.
551 3138 690 3177 Hm.
711 3142 748 3182 6,
777 3143 838 3178 20.
892 3141 971 3178 Jes.
998 3146 1056 3185 57,
1086 3146 1143 3181 15,

239 3186 340 3228 31²⁸.
365 3192 427 3231 86,
454 3192 514 3226 11.
575 3184 712 3225 *Luc
736 3188 774 3230 6,
801 3189 860 3226 21.
906 3187 997 3225 Joh.
1013 3190 1055 3231 4,
1082 3191 1145 3228 14.

239 3240 277 3280 7,
295 3241 355 3275 37.

1281 937 1364 982 11.
1396 937 1537 983 Beati
1556 937 1695 998 estis,
1708 951 1823 985 cum
1840 937 2127 986 maledixe-

1221 1003 1328 1050 rint
1383 1005 1530 1051 vobis
1540 1037 1558 1062 ‚
1620 1009 1671 1052 et
1726 1005 1979 1064 persecuti
2032 1021 2128 1054 vos

1222 1071 1431 1128 fuerint,
1453 1073 1503 1118 et
1524 1073 1745 1119 dixerint
1768 1085 1917 1118 omne
1934 1073 2127 1122 malum

1223 1139 1489 1185 adversum
1518 1153 1609 1187 vos
1638 1139 1965 1201 mentientes,
1997 1153 2129 1200 pro-

1222 1208 1335 1264 pter
1354 1213 1503 1264 mem3

1290 1274 1370 1318 12.
1392 1273 1623 1330 gaudete,
1637 1274 1689 1320 et
1702 1272 1945 1330 exultate,
1958 1286 2129 1330 quon-

1223 1338 1323 1385 iam
1358 1353 1553 1387 merces
1592 1344 1763 1387 vestra
1799 1341 2011 1398 copiosa
2047 1347 2132 1388 est

1222 1406 1277 1452 in
1318 1406 1516 1454 coelisn.
1587 1408 1671 1454 Sic
1708 1407 1844 1454 enim
1870 1410 2135 1465 persecuti

1220 1475 1339 1520 sunt
1356 1474 1655 1533 prophetas,
1676 1475 1763 1532 qui
1781 1475 1989 1521 fuerunt
2009 1477 2135 1522 ante

1222 1554 1332 1588 vos.

1290 1609 1370 1654 13.
1390 1609 1496 1654 Vos
1518 1607 1637 1654 estis
1658 1607 1733 1654 sal
1754 1607 1943 1654 terrae!
1976 1609 2135 1662 Quod

1220 1672 1264 1718 si
1282 1672 1359 1718 sal
1378 1673 1668 1732 evanuerit,
1690 1673 1743 1718 in
1762 1686 1861 1730 quo
1883 1673 2132 1722 salietur}

1217 1740 1295 1784 Ad
1326 1739 1539 1786 nihilum
1572 1741 1713 1786 valet
1745 1739 1896 1799 ultra,
1934 1741 2035 1786 nisi
2068 1745 2132 1789 ut

1218 1807 1443 1853 mittatur
1460 1809 1600 1854 foras
1611 1839 1625 1867 ,
1648 1809 1700 1854 et
1718 1808 2043 1856 conculcetur
2060 1812 2129 1855 ab

1218 1874 1503 1921 hominibus
1514 1881 1553 1920 ⁰.

1286 1943 1367 1987 14.
1402 1942 1507 1987 Vos
1520 1941 1639 1989 estis
1651 1941 1741 1987 lux
1753 1941 1926 1989 mundi
1936 1941 1988 1989 ΡΞ
2006 1944 2129 1991 Non

1216 2010 1388 2066 potest
1440 2010 1619 2055 civitas
1673 2010 1915 2056 abscondi
1968 2024 2130 2071 supra

1217 2076 1441 2121 montem
1460 2076 1653 2134 posita3

1284 2144 1365 2187 15.
1400 2156 1565 2200 neque
1618 2144 1899 2191 accendunt
1951 2145 2126 2191 lucer-

1216 2223 1359 2268 nam,
1391 2212 1443 2255 et
1459 2214 1656 2267 ponunt
1682 2224 1791 2257 eam
1818 2214 1909 2259 sub
1928 2212 2127 2273 modio,

1218 2277 1307 2323 sed
1326 2290 1477 2335 super
1489 2278 1859 2337 candelabrum,
1880 2282 1937 2324 ut
1954 2279 2130 2327 luceat

1218 2345 1466 2404 omnibus,
1486 2345 1642 2401 quiin
1664 2345 1811 2391 domo
1833 2348 1965 2393 sunt.

1280 2413 1362 2457 16.
1394 2412 1477 2458 Sic
1487 2412 1654 2459 luceat
1662 2411 1753 2457 lux
1762 2415 1937 2459 vestra
1950 2426 2129 2461 coram

1214 2479 1499 2525 hominibus
1510 2510 1527 2539 ,
1550 2482 1609 2525 ut
1624 2480 1832 2526 videant
1849 2493 2009 2538 opera
2026 2494 2127 2528 ve-

1214 2547 1320 2591 stra
1338 2548 1473 2592 bona
1484 2576 1499 2604 ‚
1520 2549 1571 2593 et
1589 2546 1907 2604 glorificent?
1923 2551 2126 2606 patrem

1212 2615 1455 2672 vestrum,
1475 2613 1562 2670 qui
1579 2614 1632 2659 in
1653 2614 1809 2661 coelis
1830 2616 1922 2661 est.

1280 2681 1360 2725 17.
1386 2680 1557 2725 Nolite
1568 2682 1761 2741 putare,
1774 2681 2013 2739 quoniam
2024 2695 2125 2730 ve-

1212 2746 1267 2791 ni
1287 2746 1491 2793 solvere
1510 2746 1692 2808 legem,
1713 2751 1800 2794 aut
1815 2749 2122 2807 prophetas:

1212 2826 1321 2859 non
1348 2813 1469 2860 veni
1494 2814 1725 2875 solvere,
1755 2816 1845 2863 sed
1872 2816 2123 2875 adimple-

1210 2894 1269 2926 re
1281 2886 1318 2926 P.

1280 2949 1361 2993 18.
1398 2950 1557 2995 Amen
1586 2948 1769 3007 quippe
1798 2948 1911 2997 dico
1948 2950 2122 3011 vobis,

1214 3014 1377 3063 donec
1403 3018 1629 3063 transeat
1656 3016 1854 3063 coelum
1882 3019 1933 3065 et
1958 3020 2122 3078 terra,

1256 3142 1271 3171 ⁸
1288 3144 1389 3181 Luc.
1404 3148 1441 3187 6,
1460 3148 1519 3182 22.
1565 3145 1647 3183 Jac.
1664 3150 1701 3189 1,
1719 3149 1780 3182 12.
1799 3162 1807 3168 κ
1834 3152 1866 3173 '¹⁸
1880 3146 1981 3183 Luc.
1998 3149 2038 3189 6,
2056 3150 2122 3185 22.

1210 3198 1233 3217 ²⁸
1250 3194 1275 3227 2
1293 3191 1381 3228 Cor.
1398 3194 1439 3233 4,
1459 3194 1517 3229 17.
1564 3198 1582 3217 ⁰
1598 3191 1725 3229 Marc.
1742 3196 1781 3235 9,
1798 3196 1859 3229 20.
1904 3200 1927 3227 Ρ
1946 3191 2059 3231 Phil.
2076 3197 2119 3239 2,

1212 3238 1271 3276 1⁵.
1318 3244 1349 3275 9.
1366 3235 1456 3274 Joh.
1472 3240 1533 3279 15,
1550 3239 1587 3276 8.
1632 3237 1779 3276 ’'Rom.
1796 3242 1835 3283 3,
1852 3243 1911 3277 31.

354 3382 466 3437 Cap.
498 3379 580 3422 IV.
639 3384 708 3423 23.
743 3381 1018 3423 circumibat.
1088 3387 1158 3426 25.
1190 3390 1237 3427 et
1263 3383 1522 3440 Decapolin
1548 3390 1597 3427 et
1621 3384 1972 3438 Hierosolymis3
2002 3386 2116 3433 ibid.

237 3444 366 3478 trans
384 3435 629 3478 Jordanen.
714 3434 772 3476 V.

238 3490 391 3533 lietur.
453 3494 518 3533 16.
549 3494 702 3533 vestra
721 3491 839 3533 bona
859 3503 1011 3546 opera.

825 3439 864 3477 1.
895 3436 1052 3479 videns
1071 3443 1221 3483 autem
1239 3440 1407 3482 turbas-
1468 3444 1509 3483 9.
1540 3442 1632 3495 ipsi
1650 3439 1736 3484 filii
1757 3442 1859 3484 Dci-
1920 3445 1987 3484 13-
2020 3442 2121 3487 sal-
