2376 3925
264 3256 290 3263 -ν

325 225 423 276 238

559 226 978 279 EPIS'I'OLA
1021 225 1267 278 PAULI
1309 225 1415 275 ΑΙ)
1458 223 1650 274 RoM.
1700 221 1865 274 CAP.
1904 225 1957 274 1.

327 330 684 390 „presserunt,
730 343 798 376 ne
840 331 975 375 forte
1028 329 1233 375 videant
1298 329 1417 372 runt
1434 329 1493 372 ab
1507 339 1567 372 eo
1582 326 1997 384 sudaei,multam
2012 329 2203 376 haben-

328 395 545 455 „oculis,
584 399 637 443 et
671 396 874 443 auribus
911 396 1143 458 audiant,
1181 397 1233 440 et

327 463 518 522 „eorde
555 463 870 524 intelligant,
917 466 969 510 et
1012 475 1231 510 conver-

332 531 560 589 „tantur,
583 533 636 576 et
653 543 828 576 sanem
847 529 977 576 eos“
989 535 1028 576 ⁰.

397 599 476 642 28.
488 597 672 643 Notum
685 611 808 656 ergo
821 597 888 643 sit
897 597 1058 654 vobis,
1074 609 1239 654 quon-

327 663 428 709 iam
473 663 716 710 Gentibus
761 665 964 709 missum
1013 665 1090 710 est
1132 663 1232 710 hoc

331 730 551 777 salutare
568 732 684 790 Dei,
708 733 758 778 et
776 731 873 788 ipsi
892 730 1112 776 audient.

397 800 474 844 29.
495 799 563 844 Et
582 812 694 844 cum
710 798 834 844 haee
846 797 1074 857 dixisset,
1087 797 1233 844 exie-

380 911 396 928 ⁰
414 902 494 939 Jes.
511 906 549 945 6,
569 907 605 940 9.
639 900 786 938 Matth.
805 905 874 944 13,
894 905 954 939 14.
987 901 1077 940 Joh.
1095 905 1155 948 12,
1171 907 1233 941 39.

331 961 388 996 sq.

1298 396 1374 440 tes
1393 393 1525 440 inter
1546 406 1601 438 se
1620 393 1986 449 quaestionem.

1364 461 1444 506 30.
1478 460 1668 505 Mansit
1686 461 1852 506 autem
1864 461 2075 508 biennio
2095 465 2201 509 toto

1298 528 1349 573 in
1379 540 1471 572 suo
1501 527 1781 585 eonduet03
1822 532 1875 574 et
1902 529 2205 587 suscipiebat

1300 607 1500 654 omnes,
1547 595 1632 652 qui
1678 595 2097 652 ingrediebantur
2143 597 2203 644 ad

1300 676 1430 720 eum,

1366 730 1447 774 31.
1484 728 1779 787 praedicans
1798 743 2016 788 regnum
2033 730 2144 790 Dei,
2159 736 2207 778 et

1301 796 1507 854 doeens,
1527 798 1793 852 quaesunt
1812 797 2103 844 denomino
2117 799 2205 844 Je-

1301 878 1359 910 su
1397 863 1626 921 Christo,
1676 877 1788 909 eum
1833 866 1973 911 omni
2010 865 2202 924 fiducia,

1302 933 1411 978 sine
1431 930 1787 987 prohibitione.

991 1111 1537 1161 w

493 1277 1375 1364 EPISTOLA
1520 1275 2037 1362 PAULI

1205 1447 1319 1498 Ao

720 1565 1815 1641 BoMANoS.

654 1855 813 1908 CAP.
870 1857 911 1906 1.
1004 1882 1010 1890 -

326 1959 565 2008 Probatur,
577 1964 758 2001 exteros
770 1970 796 1998 a
805 1956 904 1999 Deo
915 1956 1075 2000 merito
1086 1955 1229 1998 fuisse

493 2015 603 2058 sorti
623 2016 832 2056 sinistrae
859 2010 1057 2053 relictos.

394 2136 440 2177 1.
475 2110 703 2188 Paulus,
725 2140 901 2176 servus
929 2129 1053 2173 Jesu
1079 2127 1243 2173 Chri-r

327 2198 408 2256 sti,
429 2200 637 2244 vocatus
658 2193 957 2253 Apostolus,
983 2207 1228 2253 segrega-

325 2270 404 2311 tus
424 2266 478 2310 in
495 2264 830 2321 Evangelium
848 2261 963 2319 Dei,

394 2333 439 2377 2.
477 2330 610 2389 quod
645 2332 762 2375 ante
797 2328 1102 2386 promiserat
1135 2342 1228 2387 per

325 2400 602 2458 Prophetas
615 2410 734 2443 suos
756 2397 810 2443 in
823 2396 1096 2454 scripturis
1107 2410 1227 2442 san-

327 2468 418 2514 ctis
430 2474 454 2497 α

393 2535 438 2581 3.
455 2498 537 2581 'de
557 2533 689 2579 Filio
712 2544 830 2591 suo,
861 2532 949 2589 qui
967 2533 1129 2578 faetus
1151 2534 1229 2579 est

324 2602 373 2648 ei
403 2615 470 2650 ex
501 2600 692 2649 semine
723 2593 920 2647 Davidb
954 2600 1228 2647 secundum

319 2682 542 2730 earnem,

386 2739 434 2782 4.
471 2737 557 2795 qui
595 2734 994 2794 praedestinatus
1025 2734 1103 2779 est
1134 2732 1225 2779 Fi-

319 2802 418 2848 lius
437 2804 533 2850 Dei
555 2805 606 2850 in
627 2804 811 2849 virtute
827 2800 1100 2847 seeundum
1119 2800 1225 2858 spi-

319 2870 471 2915 ritum
509 2870 916 2917 sanctificationis
955 2882 1022 2915 ex
1049 2881 1224 2915 resur-

321 2936 552 2983 rectione
567 2940 883 2984 mortuorum
901 2938 932 2983 J
934 2949 1025 2983 esu
1036 2935 1226 2983 Christi

320 3003 526 3049 Domini
543 3004 723 3063 nostri,

389 3073 433 3115 5.
469 3083 560 3127 per
581 3084 726 3126 quem
759 3071 1039 3129 accepimus
1061 3070 1223 3129 grati·

319 3152 416 3196 am,
439 3139 490 3183 et
509 3137 875 3195 apostolatum
893 3138 957 3183 ad
977 3138 1223 3185 obedien-

365 3254 387 3273 a
401 3245 481 3283 Jes.
500 3248 558 3283 53.
576 3248 637 3283 54.
661 3243 762 3282 Luc.
779 3248 842 3288 24,
861 3246 920 3282 2⁵.
933 3248 996 3284 27.
1043 3244 1060 3274 ὅ
1076 3246 1223 3285 Matth.

319 3298 354 3334 1,
375 3297 408 3330 1.
426 3291 516 3330 Joh.
534 3296 572 3335 1,
590 3294 652 3328 14.
701 3297 718 3317 θ
733 3290 826 3327 Act.
844 3294 882 3333 9,
899 3294 958 3329 15.

1299 1858 1413 1905 dum
1450 1858 1566 1905 fidei
1600 1859 1656 1903 in
1694 1859 1929 1906 omnibus
1980 1861 2204 1919 gentibus

1296 1939 1391 1984 pro
1412 1926 1619 1973 nomine
1639 1925 1767 1985 ejus,

1365 1996 1411 2038 6.
1449 1994 1503 2039 in
1522 1994 1699 2050 quibus
1720 1994 1842 2041 estis
1864 1997 1917 2042 et
1937 2009 2033 2043 vos
2054 2010 2204 2043 vocs-

1295 2052 1365 2106 tid
1381 2062 1412 2106 J
1416 2074 1505 2107 esu
1525 2061 1728 2121 Christi,

1364 2130 1411 2173 7.
1450 2129 1717 2188 Omnibus,
1747 2129 1834 2187 qui
1861 2134 1985 2176 sunt
2001 2132 2204 2190 Romae,

1296 2194 1493 2242 dilectis
1503 2195 1618 2255 Dei,
1631 2197 1825 2243 vocatis
1840 2200 2050 2245 sanctis.
2081 2200 2207 2245 Gra·

1294 2262 1395 2308 tiae
1416 2264 1559 2310 vobis
1580 2265 1631 2309 et
1648 2278 1749 2321 pax
1768 2278 1798 2310 a
1811 2265 1923 2311 Deo
1938 2268 2091 2313 Patre
2112 2281 2204 2313 no-

1296 2332 1403 2376 stro
1426 2333 1477 2377 et
1492 2330 1714 2377 Domino
1736 2333 1767 2377 J
1770 2344 1861 2378 esu
1882 2333 2109 2380 Christo.

1362 2400 1410 2444 8.
1444 2398 1665 2445 Primum
1685 2399 1885 2457 quidem
1896 2402 2095 2458 gratias
2112 2414 2203 2459 ago

1293 2463 1405 2511 Deo
1440 2478 1555 2512 meo
1603 2480 1695 2524 per
1731 2468 1762 2512 J
1765 2480 1905 2513 esum
1952 2469 2207 2515 Christum

1294 2545 1387 2590 pro
1428 2533 1658 2581 omnibus
1698 2534 1840 2582 vobis
1853 2565 1868 2593 ‚
1916 2536 2039 2592 quia
2086 2537 2204 2583 fides

1296 2602 1465 2646 vestra
1484 2594 1866 2649 annunciatur!
1882 2602 1941 2647 in
1958 2604 2203 2651 universo

1292 2668 1497 2713 mundo.

1362 2738 1407 2780 9.
1446 2736 1613 2785 Testis
1642 2737 1775 2783 enim
1800 2736 1927 2783 mihi
1948 2739 2028 2785 est
2045 2738 2201 2794 Deus,

1294 2802 1375 2848 cui
1394 2803 1564 2850 servio
1576 2804 1630 2849 in
1640 2804 1821 2863 spiritu
1831 2818 1948 2851 meo
1961 2806 2015 2851 in
2025 2806 2201 2851 Evan-

1292 2870 1427 2927 gelio
1446 2870 1566 2917 Filii
1586 2872 1695 2929 eJus
1707 2903 1723 2931 ,
1752 2873 1887 2929 quod
1906 2872 2019 2919 sine
2037 2873 2200 2919 inter-

1290 2937 1533 2989 missione
1552 2939 1847 2987 memoriam
1865 2940 2024 2986 vestri
2042 2940 2197 2997 facio,

1359 3008 1439 3051 10.
1502 3020 1699 3065 semper
1760 3008 1814 3053 in
1880 3006 2197 3053 orationibus

1288 3073 1441 3131 meis3
1487 3076 1757 3121 obsecrans
1770 3105 1785 3134 ,
1824 3074 1869 3121 si
1905 3088 2007 3131 quo
2044 3073 2194 3121 modo

1289 3140 1489 3187 tandem
1506 3140 1777 3200 aliquando
1785 3154 2093 3201 prosperum
2102 3142 2195 3187 iter

1335 3248 1357 3277 ἆ
1370 3248 1460 3287 Joh.
1478 3254 1539 3293 10,
1558 3253 1617 3290 16.
1680 3258 1698 3279 θ
1714 3256 1737 3289 1
1756 3250 1845 3289 Cor.
1864 3254 1901 3295 1,
1918 3254 1960 3291 3.
2007 3255 2032 3287 2
2050 3251 2137 3288 Cor.
2161 3254 2196 3289 1.

1288 3298 1323 3333 2.
1368 3294 1396 3329 f
1414 3302 1435 3333 1
1454 3296 1600 3335 Thess.
1619 3302 1655 3341 1,
1673 3300 1710 3339 80

436 3438 550 3493 cap.
581 3436 814 3479 XXVIII.
891 3442 961 3479 27.
1001 3438 1294 3493 intellegant3
1328 3442 1436 3487 ibid.
1476 3444 1596 3487 illos.
1670 3449 1741 3487 28.
1780 3449 1873 3502 ipsi
1910 3452 1960 3491 et
1998 3449 2195 3493 audient.

324 3495 392 3532 29.
431 3493 576 3537 Totus
595 3492 669 3535 hic
687 3491 860 3533 abesto
881 3492 1031 3535 codice
1051 3496 1304 3539 versiculus.

1362 3503 1431 3541 ³0.
1464 3501 1699 3557 conduptu.

435 3546 546 3602 Cap.
578 3549 614 3589 Ι.
680 3551 718 3588 1.
753 3545 926 3589 Christi
947 3547 1072 3590 Jesu.
1131 3554 1174 3591 5.
1204 3552 1539 3598 oboediendum·
1601 3558 1643 3598 ¹1.
1674 3556 1723 3599 iu
1744 3555 1988 3601 dilectione
2010 3559 2112 3601 Dei-
