2376 3925
337 138 437 191 376

335 250 452 301 post
471 244 780 301 agnitionem
807 246 1086 289 retrorsum
1117 255 1243 287 eon-

335 313 470 357 verti
499 314 560 357 ab
587 323 678 369 eo,
717 310 850 366 quod
879 310 980 355 illis
1007 309 1243 355 traditum

341 383 418 423 est
437 380 612 424 sancto
635 377 884 423 mandato.

409 448 486 489 22.
525 445 752 502 Contigit
769 444 904 490 enim
923 444 997 490 eis
1017 442 1142 489 illud
1154 456 1243 487 ve-

339 513 386 557 ri
413 512 696 568 proverbii:
737 512 888 557 Canis
917 523 1152 557 reversus
1181 509 1246 554 ad

340 592 485 623 suum
516 580 786 637 vomitum;
825 582 901 625 et:
933 580 1029 625 Sus
1057 576 1163 623 lota
1190 577 1243 621 in

344 646 607 693 volutabro
629 646 736 692 luti.

645 760 686 809 C
699 758 740 807 A
753 756 812 807 P.
853 757 942 807 ΙΙΙ.

347 858 414 898 lie
447 858 601 899 futura
619 856 772 897 mundi
801 854 1130 897 instauratione
1150 854 1244 895 Do-

347 914 450 954 mini
481 913 672 954 adventu
701 911 954 964 repentino.
1019 910 1245 953 Laudatio

574 969 844 1021 scriptorum
861 965 1012 1009 Pauli.

410 1064 454 1105 1.
491 1061 632 1106 Hanc
659 1073 776 1106 ecce
805 1060 976 1119 vobis,
1005 1059 1245 1106 charissi-

340 1128 430 1174 mi!
469 1127 738 1174 secundam
767 1128 932 1174 scribo
963 1127 1245 1186 epistolam,

337 1197 392 1241 in
414 1195 590 1252 quibus
612 1198 828 1241 vestram
841 1194 1010 1242 excito
1033 1195 1086 1239 in
1107 1207 1246 1240 com-

339 1263 623 1309 monitione
643 1262 892 1309 sinceram
911 1264 1159 1318 mentem;

409 1334 456 1375 2.
495 1334 547 1376 ut
597 1343 845 1376 memores
891 1329 1000 1375 sitis
1051 1342 1245 1386 eornm,

344 1411 472 1453 quae
509 1397 736 1454 praedixi
773 1399 1040 1443 verborum
1069 1408 1099 1440 a
1126 1408 1245 1441 san-

345 1464 438 1509 ctis
476 1463 760 1520 Prophetis,
800 1465 850 1507 et
885 1462 1245 1519 Apostolorum

341 1531 645 1586 vestrorum,
666 1532 1049 1587 praeceptorum
1066 1529 1245 1574 Domi-

337 1597 393 1641 ni
414 1599 464 1641 et
485 1595 780 1642 Salvator-is.

409 1666 456 1709 3.
492 1664 604 1710 Hoc
621 1663 836 1721 primum
855 1662 1091 1722 scientes,
1113 1664 1245 1720 quod

343 1732 552 1777 venient
569 1732 622 1776 in
650 1731 941 1777 novissimis
962 1731 1163 1789 diebus,
1194 1731 1246 1775 in

343 1799 640 1857 deceptione
669 1798 932 1858 illusores,
957 1800 1105 1857 Juxta
1125 1812 1247 1855 pro-

343 1868 478 1925 prias
515 1866 949 1926 concupiscentias
986 1866 1247 1913 ambulan-

342 1940 436 1994 tes,

409 2006 456 2046 4.
495 2003 745 2047 dicentes:
783 2002 878 2047 Ubi
915 2004 994 2046 est
1029 2001 1247 2058 promis-

345 2067 451 2124 sio,
482 2071 568 2112 aut
596 2069 838 2113 adventus
869 2068 1014 2124 ejus?
1051 2081 1117 2113 ex
1147 2081 1246 2124 quo

345 2134 480 2180 enim
507 2135 676 2189 patres
706 2133 1046 2191 dormierunt,
1077 2133 1248 2180 omnia

343 2201 416 2246 sic
435 2202 765 2258 perseverant
790 2202 851 2246 ab
879 2200 1247 2246 initiocreatu-

341 2281 446 2312 rae.

411 2337 456 2379 5.
492 2335 640 2378 Latet
668 2332 802 2378 enim
831 2346 920 2379 eos
945 2333 1046 2380 hoe
1064 2333 1246 2380 volen-

341 2407 436 2460 tes,
451 2399 584 2458 quod
603 2401 734 2447 coeli
755 2404 900 2446 erant
919 2402 1058 2459 prius
1070 2405 1120 2448 et
1139 2406 1244 2448 ter-

343 2483 424 2528 ra,
455 2469 515 2516 de
540 2482 668 2526 aqua
689 2472 738 2515 et
765 2481 858 2526 per
875 2482 1052 2526 aquam
1073 2470 1247 2516 consi-

343 2541 483 2584 stens
501 2537 595 2583 Dei
619 2539 791 2596 verbo,

410 2608 457 2649 6.
493 2616 584 2661 per
603 2617 730 2660 quae
744 2634 758 2662 ‚
789 2602 876 2649 ille
895 2606 1016 2648 tunc
1033 2604 1248 2649 mundus

344 2684 402 2727 aq
411 2685 473 2717 ua
492 2671 764 2717 inundatus
782 2670 948 2728 periit.

411 2739 457 2782 ἴ.
495 2738 840 2797 coenantem,
862 2737 1094 2794 quinum:
1113 2739 1251 2796 sunt,

346 2808 397 2848 et
431 2807 569 2849 terra
616 2806 792 2850 eodem
840 2807 996 2850 verbo
1033 2805 1249 2862 repositi

459 2966 572 3018 cap.
603 2966 650 3006 11
724 2971 793 3009 22.
825 2970 1015 3019 contigit
1043 2969 1110 3011 eis
1144 2971 1289 3022 (deest
1315 2971 1482 3024 enim);
1510 2970 1619 3012 ibid-
1642 2971 1853 3012 vomitum
1876 2983 2019 3012 suum·

675 140 1096 192 EPISTULA
1139 138 1393 189 PETR}
1438 136 1505 187 11.

1580 136 1731 187 cAP.
1754 138 1802 185 2.
1826 137 1875 187 3.

1309 244 1442 298 sunt,
1464 238 1572 297 igni
1591 240 1840 285 reservati
1859 240 1915 284 in
1934 240 2071 286 diem
2089 242 2219 298 jndi-

1310 308 1402 365 cii,
1431 310 1483 352 et
1501 306 2114 364 perditionisimpiorum
2132 308 2221 353 ho-

1310 375 1513 421 minum.

1380 444 1427 487 8.
1464 442 1628 486 Unum
1658 452 1785 486 vero
1814 440 1915 486 hoc
1942 453 2051 486 non
2072 441 2223 487 lateat

1312 522 1425 566 vos,
1463 506 1769 555 charissimi!
1810 508 1929 563 quia
1956 522 2089 554 unus
2120 509 2221 553 dies

1311 575 1445 633 apud
1461 575 1732 621 Dominum
1763 574 1895 620 sicut
1923 575 2065 621 mille
2084 576 2220 631 anni,

1312 647 1363 689 et
1380 642 1518 688 mille
1539 642 1660 688 anni
1680 642 1809 687 sicut
1829 642 1939 687 dies
1956 656 2107 689 unus.

1380 714 1425 755 9.
1462 710 1579 756 Non
1617 709 1783 755 tardat
1810 709 2067 755 Dominus
2105 723 2222 768 pro-

1310 777 1606 823 missionem
1648 789 1787 823 suam
1801 807 1815 835 ,
1855 776 1993 822 sicut
2030 778 2225 835 quidam

1312 845 1630 900 existimant3
1687 844 1775 889 sed
1829 845 2087 900 patienter
2128 846 2225 902 agit

1312 915 1520 969 propter
1543 924 1659 969 vos,
1682 910 1863 956 nolens
1886 911 2090 968 aliquos
2110 925 2225 970 per-

1312 980 1413 1037 ire,
1445 978 1533 1025 sed
1562 992 1739 1024 omnes
1767 976 1831 1023 ad
1858 979 2227 1036 poenitentiam

1312 1047 1519 1093 reverti.

1380 1115 1459 1158 10.
1496 1111 1750 1158 Adveniet
1775 1114 1945 1158 autem
1972 1112 2081 1158 dies
2114 1114 2226 1158 Do-

1312 1180 1453 1239 mini,
1471 1183 1528 1226 ut
1546 1182 1681 1238 fure,
1699 1180 1753 1225 in
1772 1192 1872 1237 quo
1889 1178 2022 1225 coeli
2040 1193 2227 1238 magno

1312 1248 1499 1305 impetn
1520 1246 1795 1305 transient,
1828 1245 2083 1292 elementa
2102 1261 2226 1293 vero

1314 1315 1485 1361 calore
1506 1313 1787 1371 solventur,
1807 1316 1952 1359 terra
1972 1318 2161 1371 autem,
2180 1318 2227 1358 et

1314 1395 1441 1439 quae
1461 1383 1511 1428 in
1534 1382 1644 1441 ipsa
1664 1383 1783 1427 sunt
1801 1394 1981 1439 opera,
2004 1395 2225 1428 exuren-

1311 1454 1410 1495 tur.

1304 1527 1311 1536 ·
1381 1518 1403 1561 1
1414 1519 1461 1561 1.
1484 1516 1606 1561 Cum
1626 1516 1782 1573 igitur
1799 1514 1929 1561 haec
1942 1516 2116 1561 omnia
2127 1516 2224 1561 dis-

1314 1582 1560 1628 solvenda
1578 1582 1697 1641 sint,
1712 1581 1885 1639 quales
1909 1586 2120 1641 oportet
2136 1596 2224 1628 vos

1316 1660 1427 1697 esse
1456 1650 1510 1695 in
1530 1650 1717 1696 sanctis
1745 1652 2221 1697 conversationibus

1316 1720 1365 1763 et
1384 1717 1671 1775 pietatibus,
2079 1717 2098 1730 ”

1383 1787 1462 1829 12.
1500 1786 1855 1842 exaspectante
1868 1786 1923 1829 et
1940 1798 2221 1843 properan-

1314 1854 1390 1897 tes
1409 1852 1463 1897 in
1482 1852 1751 1898 adventum
1770 1850 1871 1897 diei
1888 1851 2121 1911 Domini,
2138 1865 2220 1909 per

1316 1933 1461 1978 quem
1499 1918 1631 1966 coeli
1662 1918 1899 1966 ardentes
1940 1919 2218 1976 solventur,

1316 1990 1368 2034 et
1404 1987 1653 2034 elementa
1690 1987 1823 2045 ignis
1860 1987 2050 2034 ardore
2088 1991 2221 2034 tabe-

1316 2056 1485 2102 acenti

1382 2123 1462 2167 13.
1512 2114 1727 2167 Novosl‘
1766 2134 1890 2167 vero
1932 2121 2139 2177 coelos,
2176 2126 2221 2166 et

1314 2202 1501 2235 novam
1509 2192 1699 2235 terram
1710 2187 1983 2234 secundum
2003 2189 2219 2245 promis-

1314 2269 1371 2302 sa
1390 2256 1546 2315 ipsius
1567 2258 1915 2313 exspectamus
1929 2287 1945 2315 ,
1971 2256 2028 2301 in
2048 2257 2221 2312 quihus

1310 2323 1508 2382 justitia
1526 2323 1729 2370 habitat.

1382 2393 1461 2435 14.
1498 2391 1714 2448 Propter
1734 2389 1894 2448 quod,
1916 2389 2219 2436 charissimi!

1314 2458 1438 2504 haec
1451 2458 1802 2515 exspectantes
1815 2457 2030 2514 satagite
2048 2457 2221 2502 imma-

1316 2524 1467 2571 culati
1498 2526 1549 2571 et
1576 2522 1806 2570 inviolati
1840 2524 1889 2570 ei
1914 2524 2143 2569 inveniri
2172 2525 2221 2567 in

1314 2604 1455 2650 pace.

1382 2661 1461 2704 15.
1496 2659 1565 2704 Et
1576 2657 1783 2704 Domini
1799 2658 1967 2704 nostri
1986 2657 2219 2715 longani-

1360 2782 1386 2810 ὅ
1404 2775 1549 2812 Manli.
1567 2779 1631 2819 24,
1650 2779 1714 2812 42.
1730 2778 1794 2813 43.
1842 2773 1863 2801 ἢ
1880 2775 1998 2812 Rom.
2016 2779 2055 2816 8,
2070 2781 2126 2813 19.
2139 2787 2217 2822 sqq.

1316 2821 1445 2870 Apoe.
1466 2827 1525 2865 21,
1544 2826 1667 2860 2—5.
1702 2821 1825 2858 Hebr.
1845 2826 1905 2864 12,
1922 2825 1985 2860 26.
2008 2833 2067 2868 sq.

2134 2969 2217 3012 111.

345 3027 383 3064 1.
416 3021 662 3070 carissimi3
684 3020 791 3066 ibid.
813 3023 1078 3077 epistulam3
1099 3024 1207 3066 ibid.
1230 3027 1383 3067 excito
1402 3026 1795 3076 vestram;ibid.in
1816 3026 2216 3068 commonitionem.

344 3083 384 3120 2.
426 3077 659 3117 verborum
689 3083 941 3120 sauctorum
975 3081 1309 3133 prophetarum.

1388 3085 1429 3122 3.
1469 3084 1517 3124 in
1546 3083 1855 3137 deceptionem
1882 3079 2124 3125 inlusores.
2178 3086 2215 3122 8.

346 3131 580 3175 carissimi·
641 3133 682 3172 9.
726 3147 815 3174 non
846 3135 999 3176 tardat
1025 3137 1245 3177 Dominus
1275 3139 1509 3191 promissis
1546 3137 1627 3179 sed
1660 3139 1890 3192 patienter
1916 3139 2012 3189 agit
2040 3138 2219 3191 (desunt

344 3189 484 3232 verba
503 3199 650 3236 sinam,
675 3188 791 3229 sicut
818 3190 997 3242 quidam
1026 3193 1344 3246 existimant);
1372 3193 1481 3237 ibid.
1508 3192 1669 3236 nolens
1697 3191 1895 3245 aliquem
1914 3195 2091 3248 perire;
2110 3192 2215 3236 ibid.

346 3244 682 3299 paenitentiam.
745 3248 812 3286 10.
843 3244 959 3287 sicut
977 3247 1074 3295 fur3
1095 3246 1206 3290 ibid.
1226 3252 1484 3298 transeunt3
1509 3247 1618 3291 ibid.
1646 3249 1787 3291 verba
1816 3251 1976 3291 desunt
2005 3254 2129 3290 terra
2144 3262 2217 3290 au·

346 3306 460 3349 tem,
489 3307 535 3342 et
564 3311 675 3353 quae
706 3300 751 3340 in
778 3300 880 3354 ipsa
910 3305 1014 3340 sunt
1041 3315 1206 3354 opera,
1236 3312 1498 3347 exurentur.

644 3359 709 3395 12.
744 3356 788 3395 in
820 3355 1036 3403 adventu3
1073 3356 1180 3399 ibid.
1214 3373 1425 3414 perquam
1448 3359 1564 3404 caeli
1592 3360 1817 3402 ardentes.

347 3423 500 3451 novam
531 3415 694 3451 terram
725 3414 772 3451 et
799 3411 1018 3464 promissa
1041 3412 1184 3464 ipsius
1214 3421 1521 3470 expectamus.

346 3368 444 3396 8886
471 3369 562 3396 VOS-

347 3465 468 3512 agite
485 3464 758 3508 inmaculati.

1580 3309 1646 3347 11.
1680 3317 1775 3346 cum
1798 3302 1908 3346 haec
1932 3304 2095 3356 igitun
2116 3303 2215 3347 ibid.

1897 3363 1962 3401 13.
1995 3357 2145 3401 caelos
2170 3365 2213 3400 et

1603 3419 1666 3457 14.
1698 3415 1941 3464 carissimi3
1969 3414 2083 3457 ibid:
2109 3416 2211 3457 sati,
