<?xml version="1.0" encoding="UTF-8"?>
<!DOCTYPE html PUBLIC "-//W3C//DTD XHTML 1.0 Transitional//EN"
    "http://www.w3.org/TR/xhtml1/DTD/xhtml1-transitional.dtd">
<html xmlns="http://www.w3.org/1999/xhtml" xml:lang="en" lang="en">
 <head>
  <title>
</title>
<meta http-equiv="Content-Type" content="text/html;charset=utf-8" />
  <meta name='ocr-system' content='tesseract 3.04.00' />
  <meta name='ocr-capabilities' content='ocr_page ocr_carea ocr_par ocr_line ocrx_word'/>
</head>
<body>
  <div class='ocr_page' id='page_1' title='image "./novumtestamentu01flecgoog_0290.png"; bbox 0 0 2376 3925; ppageno 0'>
   <div class='ocr_carea' id='block_1_1' title="bbox 268 154 1878 236">
    <p class='ocr_par' dir='ltr' id='par_1_1' title="bbox 268 154 1878 236">
     <span class='ocr_line' id='line_1_1' title="bbox 268 154 1878 236; baseline -0.022 1"><span class='ocrx_word' id='word_1_1' title='bbox 268 187 368 236; x_wconf 86' lang='grc'><strong>222</strong></span> <span class='ocrx_word' id='word_1_2' title='bbox 564 176 829 232; x_wconf 77' lang='lat' dir='ltr'><strong>Ac&#39;rUS</strong></span> <span class='ocrx_word' id='word_1_3' title='bbox 883 159 1532 225; x_wconf 77' lang='lat' dir='ltr'><strong>APOSToLoRUM.</strong></span> <span class='ocrx_word' id='word_1_4' title='bbox 1590 154 1757 208; x_wconf 81' lang='lat' dir='ltr'><strong>GAP.</strong></span> <span class='ocrx_word' id='word_1_5' title='bbox 1795 155 1878 203; x_wconf 88' lang='grc'><strong>20.</strong></span> 
     </span>
    </p>
   </div>
   <div class='ocr_carea' id='block_1_2' title="bbox 268 229 2156 274">
    <p class='ocr_par' dir='ltr' id='par_1_2' title="bbox 268 229 2156 274">
     <span class='ocr_line' id='line_1_2' title="bbox 268 229 2156 274; baseline -0.019 -3"><span class='ocrx_word' id='word_1_6' title='bbox 268 229 2156 274; x_wconf 71' lang='lat'><strong>-.-‚.-..------—-—-———-—-————</strong></span> 
     </span>
    </p>
   </div>
   <div class='ocr_carea' id='block_1_3' title="bbox 277 278 1180 680">
    <p class='ocr_par' dir='ltr' id='par_1_3' title="bbox 277 278 1180 680">
     <span class='ocr_line' id='line_1_3' title="bbox 339 278 1179 334; baseline -0.021 0"><span class='ocrx_word' id='word_1_7' title='bbox 339 289 387 334; x_wconf 78' lang='lat'><strong>4.</strong></span> <span class='ocrx_word' id='word_1_8' title='bbox 426 284 700 332; x_wconf 85' lang='lat' dir='ltr'><strong>Comitatus</strong></span> <span class='ocrx_word' id='word_1_9' title='bbox 739 281 817 326; x_wconf 85' lang='lat' dir='ltr'><strong>est</strong></span> <span class='ocrx_word' id='word_1_10' title='bbox 862 278 1030 324; x_wconf 88' lang='lat' dir='ltr'><strong>autem</strong></span> <span class='ocrx_word' id='word_1_11' title='bbox 1066 285 1179 318; x_wconf 88' lang='lat' dir='ltr'><strong>eum</strong></span> 
     </span>
     <span class='ocr_line' id='line_1_4' title="bbox 277 341 1178 413; baseline -0.023 -9"><span class='ocrx_word' id='word_1_12' title='bbox 277 355 489 413; x_wconf 77' lang='lat' dir='ltr'><strong>Sopater</strong></span> <span class='ocrx_word' id='word_1_13' title='bbox 556 347 740 410; x_wconf 83' lang='lat' dir='ltr'>Pyrrhi</span> <span class='ocrx_word' id='word_1_14' title='bbox 813 341 1115 392; x_wconf 88' lang='lat' dir='ltr'><strong>Beroeensis</strong></span> <span class='ocrx_word' id='word_1_15' title='bbox 1132 343 1178 398; x_wconf 66' lang='lat'><strong>²,</strong></span> 
     </span>
     <span class='ocr_line' id='line_1_5' title="bbox 278 408 1178 469; baseline -0.022 1"><span class='ocrx_word' id='word_1_16' title='bbox 278 416 806 469; x_wconf 68' lang='lat' dir='ltr'><strong>&#39;thessalonicensium</strong></span> <span class='ocrx_word' id='word_1_17' title='bbox 818 424 944 458; x_wconf 87' lang='lat' dir='ltr'><strong>vero</strong></span> <span class='ocrx_word' id='word_1_18' title='bbox 954 408 1178 456; x_wconf 82' lang='lat' dir='ltr'><strong>Aristar-</strong></span> 
     </span>
     <span class='ocr_line' id='line_1_6' title="bbox 278 475 1179 546; baseline -0.023 -9"><span class='ocrx_word' id='word_1_19' title='bbox 278 491 427 546; x_wconf 83' lang='lat' dir='ltr'><strong>chus,</strong></span> <span class='ocrx_word' id='word_1_20' title='bbox 478 488 529 532; x_wconf 89' lang='lat' dir='ltr'><strong>et</strong></span> <span class='ocrx_word' id='word_1_21' title='bbox 564 481 849 540; x_wconf 79' lang='lat' dir='ltr'><strong>Secundus,</strong></span> <span class='ocrx_word' id='word_1_22' title='bbox 898 479 949 524; x_wconf 87' lang='lat' dir='ltr'><strong>et</strong></span> <span class='ocrx_word' id='word_1_23' title='bbox 984 475 1179 532; x_wconf 71' lang='lat' dir='ltr'><strong>Gajuny</strong></span> 
     </span>
     <span class='ocr_line' id='line_1_7' title="bbox 277 539 1180 612; baseline -0.022 -9"><span class='ocrx_word' id='word_1_24' title='bbox 277 557 532 612; x_wconf 88' lang='lat' dir='ltr'><strong>Derbeus,</strong></span> <span class='ocrx_word' id='word_1_25' title='bbox 554 554 605 599; x_wconf 87' lang='lat' dir='ltr'><strong>et</strong></span> <span class='ocrx_word' id='word_1_26' title='bbox 624 548 976 601; x_wconf 76' lang='lat' dir='ltr'><strong>Timotheus⁸;</strong></span> <span class='ocrx_word' id='word_1_27' title='bbox 1005 539 1180 587; x_wconf 86' lang='lat' dir='ltr'><strong>Asiani</strong></span> 
     </span>
     <span class='ocr_line' id='line_1_8' title="bbox 280 599 1154 680; baseline -0.021 -12"><span class='ocrx_word' id='word_1_28' title='bbox 280 636 404 670; x_wconf 86' lang='lat' dir='ltr'><strong>vero</strong></span> <span class='ocrx_word' id='word_1_29' title='bbox 427 619 715 680; x_wconf 64' lang='lat' dir='ltr'><strong>&#39;tychicus‘</strong></span> <span class='ocrx_word' id='word_1_30' title='bbox 734 618 784 662; x_wconf 87' lang='lat' dir='ltr'><strong>et</strong></span> <span class='ocrx_word' id='word_1_31' title='bbox 805 611 1104 668; x_wconf 81' lang='lat' dir='ltr'><strong>Trophimus</strong></span> <span class='ocrx_word' id='word_1_32' title='bbox 1118 599 1154 650; x_wconf 69' lang='grc' dir='ltr'><strong>ὅ.</strong></span> 
     </span>
    </p>
   </div>
   <div class='ocr_carea' id='block_1_4' title="bbox 280 693 1181 817">
    <p class='ocr_par' dir='ltr' id='par_1_4' title="bbox 280 693 1181 817">
     <span class='ocr_line' id='line_1_9' title="bbox 349 693 1181 756; baseline -0.02 -7"><span class='ocrx_word' id='word_1_33' title='bbox 349 707 396 749; x_wconf 84' lang='grc'><strong>5.</strong></span> <span class='ocrx_word' id='word_1_34' title='bbox 430 701 499 747; x_wconf 84' lang='lat' dir='ltr'><strong>Hi</strong></span> <span class='ocrx_word' id='word_1_35' title='bbox 518 713 626 746; x_wconf 89' lang='lat' dir='ltr'><strong>cum</strong></span> <span class='ocrx_word' id='word_1_36' title='bbox 645 693 1054 756; x_wconf 87' lang='lat' dir='ltr'><strong>praecessissent,</strong></span> <span class='ocrx_word' id='word_1_37' title='bbox 1068 701 1181 734; x_wconf 88' lang='lat' dir='ltr'><strong>sus-</strong></span> 
     </span>
     <span class='ocr_line' id='line_1_10' title="bbox 280 761 904 817; baseline -0.019 0"><span class='ocrx_word' id='word_1_38' title='bbox 280 770 543 817; x_wconf 88' lang='lat' dir='ltr'><strong>tinuerunt</strong></span> <span class='ocrx_word' id='word_1_39' title='bbox 560 778 656 812; x_wconf 88' lang='lat' dir='ltr'><strong>nos</strong></span> <span class='ocrx_word' id='word_1_40' title='bbox 676 761 904 817; x_wconf 83' lang='lat' dir='ltr'><strong>Troade3</strong></span> 
     </span>
    </p>
   </div>
   <div class='ocr_carea' id='block_1_5' title="bbox 286 835 1190 1170">
    <p class='ocr_par' dir='ltr' id='par_1_5' title="bbox 286 835 1190 1170">
     <span class='ocr_line' id='line_1_11' title="bbox 349 835 1187 898; baseline -0.021 -1"><span class='ocrx_word' id='word_1_41' title='bbox 349 854 396 896; x_wconf 86' lang='grc'><strong>6.</strong></span> <span class='ocrx_word' id='word_1_42' title='bbox 433 861 528 894; x_wconf 89' lang='lat' dir='ltr'><strong>nos</strong></span> <span class='ocrx_word' id='word_1_43' title='bbox 551 857 671 892; x_wconf 86' lang='lat' dir='ltr'><strong>vero</strong></span> <span class='ocrx_word' id='word_1_44' title='bbox 702 839 1051 898; x_wconf 76' lang='lat' dir='ltr'>navigavimus</span> <span class='ocrx_word' id='word_1_45' title='bbox 1070 835 1187 893; x_wconf 84' lang='lat' dir='ltr'><strong>post</strong></span> 
     </span>
     <span class='ocr_line' id='line_1_12' title="bbox 286 903 1190 974; baseline -0.021 -9"><span class='ocrx_word' id='word_1_46' title='bbox 286 919 392 964; x_wconf 86' lang='lat' dir='ltr'><strong>dies</strong></span> <span class='ocrx_word' id='word_1_47' title='bbox 422 917 757 974; x_wconf 73' lang='lat' dir='ltr'><strong>Azymorum‘·</strong></span> <span class='ocrx_word' id='word_1_48' title='bbox 784 923 815 954; x_wconf 90' lang='lat' dir='ltr'><strong>a</strong></span> <span class='ocrx_word' id='word_1_49' title='bbox 833 904 1105 963; x_wconf 86' lang='lat' dir='ltr'><strong>Philippis,</strong></span> <span class='ocrx_word' id='word_1_50' title='bbox 1136 903 1190 948; x_wconf 91' lang='lat' dir='ltr'><strong>et</strong></span> 
     </span>
     <span class='ocr_line' id='line_1_13' title="bbox 288 963 1190 1031; baseline -0.021 1"><span class='ocrx_word' id='word_1_51' title='bbox 288 984 515 1031; x_wconf 82' lang='lat' dir='ltr'><strong>venimus</strong></span> <span class='ocrx_word' id='word_1_52' title='bbox 562 980 624 1025; x_wconf 93' lang='lat' dir='ltr'><strong>ad</strong></span> <span class='ocrx_word' id='word_1_53' title='bbox 670 990 758 1024; x_wconf 89' lang='lat' dir='ltr'><strong>eos</strong></span> <span class='ocrx_word' id='word_1_54' title='bbox 806 963 1098 1020; x_wconf 74' lang='lat' dir='ltr'><strong>Troademd</strong></span> <span class='ocrx_word' id='word_1_55' title='bbox 1134 969 1190 1014; x_wconf 89' lang='lat' dir='ltr'><strong>in</strong></span> 
     </span>
     <span class='ocr_line' id='line_1_14' title="bbox 289 1038 1190 1106; baseline -0.02 -7"><span class='ocrx_word' id='word_1_56' title='bbox 289 1053 459 1098; x_wconf 80' lang='lat' dir='ltr'><strong>diebus</strong></span> <span class='ocrx_word' id='word_1_57' title='bbox 479 1047 715 1106; x_wconf 88' lang='lat' dir='ltr'><strong>quinque,</strong></span> <span class='ocrx_word' id='word_1_58' title='bbox 737 1043 822 1089; x_wconf 90' lang='lat' dir='ltr'><strong>ubi</strong></span> <span class='ocrx_word' id='word_1_59' title='bbox 840 1038 1085 1087; x_wconf 86' lang='lat' dir='ltr'><strong>demorati</strong></span> <span class='ocrx_word' id='word_1_60' title='bbox 1103 1050 1190 1082; x_wconf 91' lang='lat' dir='ltr'><strong>su-</strong></span> 
     </span>
     <span class='ocr_line' id='line_1_15' title="bbox 288 1114 819 1170; baseline -0.015 -6"><span class='ocrx_word' id='word_1_61' title='bbox 288 1131 397 1164; x_wconf 89' lang='lat' dir='ltr'><strong>mus</strong></span> <span class='ocrx_word' id='word_1_62' title='bbox 420 1116 592 1161; x_wconf 89' lang='lat' dir='ltr'><strong>diebus</strong></span> <span class='ocrx_word' id='word_1_63' title='bbox 612 1114 819 1170; x_wconf 78' lang='lat' dir='ltr'><strong>septem.</strong></span> 
     </span>
    </p>
   </div>
   <div class='ocr_carea' id='block_1_6' title="bbox 292 1188 1213 2521">
    <p class='ocr_par' dir='ltr' id='par_1_6' title="bbox 292 1188 1198 1580">
     <span class='ocr_line' id='line_1_16' title="bbox 354 1188 1194 1246; baseline -0.017 -3"><span class='ocrx_word' id='word_1_64' title='bbox 354 1200 403 1243; x_wconf 73' lang='grc'><strong>7.</strong></span> <span class='ocrx_word' id='word_1_65' title='bbox 439 1197 551 1242; x_wconf 88' lang='lat' dir='ltr'><strong>Una</strong></span> <span class='ocrx_word' id='word_1_66' title='bbox 595 1195 760 1240; x_wconf 88' lang='lat' dir='ltr'><strong>autem</strong></span> <span class='ocrx_word' id='word_1_67' title='bbox 807 1188 1033 1246; x_wconf 87' lang='lat' dir='ltr'><strong>Sabbati,</strong></span> <span class='ocrx_word' id='word_1_68' title='bbox 1082 1198 1194 1232; x_wconf 88' lang='lat' dir='ltr'><strong>eum</strong></span> 
     </span>
     <span class='ocr_line' id='line_1_17' title="bbox 292 1253 1195 1314; baseline -0.018 -2"><span class='ocrx_word' id='word_1_69' title='bbox 292 1263 705 1313; x_wconf 71' lang='lat' dir='ltr'><strong>convenissemus</strong></span> <span class='ocrx_word' id='word_1_70' title='bbox 757 1258 821 1304; x_wconf 90' lang='lat' dir='ltr'><strong>ad</strong></span> <span class='ocrx_word' id='word_1_71' title='bbox 862 1253 1195 1314; x_wconf 71' lang='lat' dir='ltr'><strong>[tangendum</strong></span> 
     </span>
     <span class='ocr_line' id='line_1_18' title="bbox 293 1323 1196 1392; baseline -0.02 -12"><span class='ocrx_word' id='word_1_72' title='bbox 293 1336 521 1392; x_wconf 61' lang='lat' dir='ltr'><strong>panemss,</strong></span> <span class='ocrx_word' id='word_1_73' title='bbox 559 1328 744 1375; x_wconf 86' lang='lat' dir='ltr'><strong>Paulus</strong></span> <span class='ocrx_word' id='word_1_74' title='bbox 776 1323 1058 1383; x_wconf 86' lang='lat' dir='ltr'><strong>disputabat</strong></span> <span class='ocrx_word' id='word_1_75' title='bbox 1085 1331 1196 1365; x_wconf 91' lang='lat' dir='ltr'><strong>cum</strong></span> 
     </span>
     <span class='ocr_line' id='line_1_19' title="bbox 296 1387 1194 1458; baseline -0.019 -11"><span class='ocrx_word' id='word_1_76' title='bbox 296 1402 389 1458; x_wconf 89' lang='lat' dir='ltr'><strong>eis,</strong></span> <span class='ocrx_word' id='word_1_77' title='bbox 441 1398 761 1456; x_wconf 85' lang='lat' dir='ltr'><strong>profecturus</strong></span> <span class='ocrx_word' id='word_1_78' title='bbox 806 1393 861 1436; x_wconf 88' lang='lat' dir='ltr'><strong>in</strong></span> <span class='ocrx_word' id='word_1_79' title='bbox 906 1387 1194 1442; x_wconf 86' lang='lat' dir='ltr'><strong>crastinum,</strong></span> 
     </span>
     <span class='ocr_line' id='line_1_20' title="bbox 296 1451 1198 1525; baseline -0.018 -13"><span class='ocrx_word' id='word_1_80' title='bbox 296 1463 645 1525; x_wconf 78' lang='lat' dir='ltr'><strong>protraxitque</strong></span> <span class='ocrx_word' id='word_1_81' title='bbox 664 1470 950 1506; x_wconf 87' lang='lat' dir='ltr'><strong>sermonem</strong></span> <span class='ocrx_word' id='word_1_82' title='bbox 967 1467 1125 1510; x_wconf 88' lang='lat' dir='ltr'><strong>usque</strong></span> <span class='ocrx_word' id='word_1_83' title='bbox 1144 1451 1198 1497; x_wconf 87' lang='lat' dir='ltr'><strong>in</strong></span> 
     </span>
     <span class='ocr_line' id='line_1_21' title="bbox 296 1529 746 1580; baseline -0.02 0"><span class='ocrx_word' id='word_1_84' title='bbox 296 1532 509 1580; x_wconf 85' lang='lat' dir='ltr'><strong>mediam</strong></span> <span class='ocrx_word' id='word_1_85' title='bbox 528 1529 746 1574; x_wconf 88' lang='lat' dir='ltr'><strong>noctem.</strong></span> 
     </span>
    </p>

    <p class='ocr_par' dir='ltr' id='par_1_7' title="bbox 299 1587 1200 1791">
     <span class='ocr_line' id='line_1_22' title="bbox 365 1587 1199 1646; baseline -0.018 -2"><span class='ocrx_word' id='word_1_86' title='bbox 365 1601 413 1644; x_wconf 89' lang='lat'><strong>8.</strong></span> <span class='ocrx_word' id='word_1_87' title='bbox 448 1597 612 1642; x_wconf 88' lang='lat' dir='ltr'><strong>Erant</strong></span> <span class='ocrx_word' id='word_1_88' title='bbox 638 1596 804 1639; x_wconf 88' lang='lat' dir='ltr'><strong>autem</strong></span> <span class='ocrx_word' id='word_1_89' title='bbox 826 1587 1081 1646; x_wconf 87' lang='lat' dir='ltr'><strong>lampades</strong></span> <span class='ocrx_word' id='word_1_90' title='bbox 1108 1597 1199 1631; x_wconf 90' lang='lat' dir='ltr'><strong>co-</strong></span> 
     </span>
     <span class='ocr_line' id='line_1_23' title="bbox 299 1655 1200 1726; baseline -0.02 -13"><span class='ocrx_word' id='word_1_91' title='bbox 299 1667 474 1726; x_wconf 84' lang='lat' dir='ltr'><strong>piosae</strong></span> <span class='ocrx_word' id='word_1_92' title='bbox 492 1664 549 1710; x_wconf 90' lang='lat' dir='ltr'><strong>in</strong></span> <span class='ocrx_word' id='word_1_93' title='bbox 568 1658 843 1709; x_wconf 89' lang='lat' dir='ltr'><strong>coenaculo</strong></span> <span class='ocrx_word' id='word_1_94' title='bbox 858 1687 873 1718; x_wconf 88' lang='lat'><strong>,</strong></span> <span class='ocrx_word' id='word_1_95' title='bbox 900 1655 985 1703; x_wconf 92' lang='lat' dir='ltr'><strong>ubi</strong></span> <span class='ocrx_word' id='word_1_96' title='bbox 1003 1664 1200 1701; x_wconf 88' lang='lat' dir='ltr'><strong>eramus</strong></span> 
     </span>
     <span class='ocr_line' id='line_1_24' title="bbox 304 1731 617 1791; baseline -0.019 -10"><span class='ocrx_word' id='word_1_97' title='bbox 304 1731 617 1791; x_wconf 80' lang='lat' dir='ltr'><strong>congregati.</strong></span> 
     </span>
    </p>

    <p class='ocr_par' dir='ltr' id='par_1_8' title="bbox 300 1787 1207 2247">
     <span class='ocr_line' id='line_1_25' title="bbox 370 1787 1203 1849; baseline -0.02 -1"><span class='ocrx_word' id='word_1_98' title='bbox 370 1805 417 1848; x_wconf 83' lang='lat'><strong>9.</strong></span> <span class='ocrx_word' id='word_1_99' title='bbox 454 1799 646 1846; x_wconf 88' lang='lat' dir='ltr'><strong>Sedens</strong></span> <span class='ocrx_word' id='word_1_100' title='bbox 676 1796 840 1841; x_wconf 86' lang='lat' dir='ltr'><strong>autem</strong></span> <span class='ocrx_word' id='word_1_101' title='bbox 861 1790 1058 1849; x_wconf 90' lang='lat' dir='ltr'><strong>quidam</strong></span> <span class='ocrx_word' id='word_1_102' title='bbox 1077 1787 1203 1833; x_wconf 88' lang='lat' dir='ltr'><strong>ado-</strong></span> 
     </span>
     <span class='ocr_line' id='line_1_26' title="bbox 300 1859 1204 1919; baseline -0.021 -2"><span class='ocrx_word' id='word_1_103' title='bbox 300 1871 499 1917; x_wconf 88' lang='lat' dir='ltr'><strong>lescens</strong></span> <span class='ocrx_word' id='word_1_104' title='bbox 528 1864 732 1912; x_wconf 88' lang='lat' dir='ltr'><strong>nomine</strong></span> <span class='ocrx_word' id='word_1_105' title='bbox 760 1859 1019 1919; x_wconf 86' lang='lat' dir='ltr'><strong>Eutychus</strong></span> <span class='ocrx_word' id='word_1_106' title='bbox 1054 1867 1204 1913; x_wconf 87' lang='lat' dir='ltr'><strong>super</strong></span> 
     </span>
     <span class='ocr_line' id='line_1_27' title="bbox 303 1927 1204 1991; baseline -0.02 -7"><span class='ocrx_word' id='word_1_107' title='bbox 303 1937 603 1991; x_wconf 79' lang='lat' dir='ltr'><strong>fenestram,</strong></span> <span class='ocrx_word' id='word_1_108' title='bbox 636 1943 747 1978; x_wconf 90' lang='lat' dir='ltr'><strong>cum</strong></span> <span class='ocrx_word' id='word_1_109' title='bbox 774 1927 1088 1985; x_wconf 81' lang='lat' dir='ltr'><strong>mergeretur</strong></span> <span class='ocrx_word' id='word_1_110' title='bbox 1117 1935 1204 1967; x_wconf 88' lang='lat' dir='ltr'><strong>so-</strong></span> 
     </span>
     <span class='ocr_line' id='line_1_28' title="bbox 303 1989 1204 2059; baseline -0.021 -8"><span class='ocrx_word' id='word_1_111' title='bbox 303 2018 421 2051; x_wconf 92' lang='lat' dir='ltr'><strong>mno</strong></span> <span class='ocrx_word' id='word_1_112' title='bbox 443 2015 533 2059; x_wconf 82' lang='lat' dir='ltr'><strong>gra</strong></span> <span class='ocrx_word' id='word_1_113' title='bbox 544 2001 605 2058; x_wconf 62' lang='grc' dir='ltr'><strong>αἱ,</strong></span> <span class='ocrx_word' id='word_1_114' title='bbox 628 1998 911 2055; x_wconf 71' lang='lat' dir='ltr'><strong>disputante</strong></span> <span class='ocrx_word' id='word_1_115' title='bbox 932 1993 1015 2037; x_wconf 91' lang='lat' dir='ltr'><strong>diu</strong></span> <span class='ocrx_word' id='word_1_116' title='bbox 1026 1989 1204 2046; x_wconf 86' lang='lat' dir='ltr'><strong>Paulo,</strong></span> 
     </span>
     <span class='ocr_line' id='line_1_29' title="bbox 306 2054 1204 2115; baseline -0.019 0"><span class='ocrx_word' id='word_1_117' title='bbox 306 2072 481 2115; x_wconf 87' lang='lat' dir='ltr'><strong>ductus</strong></span> <span class='ocrx_word' id='word_1_118' title='bbox 518 2078 697 2111; x_wconf 89' lang='lat' dir='ltr'><strong>somno</strong></span> <span class='ocrx_word' id='word_1_119' title='bbox 736 2060 919 2108; x_wconf 85' lang='lat' dir='ltr'><strong>cecidit</strong></span> <span class='ocrx_word' id='word_1_120' title='bbox 954 2058 1015 2103; x_wconf 84' lang='lat' dir='ltr'><strong>de</strong></span> <span class='ocrx_word' id='word_1_121' title='bbox 1052 2054 1204 2101; x_wconf 86' lang='lat' dir='ltr'><strong>tertio</strong></span> 
     </span>
     <span class='ocr_line' id='line_1_30' title="bbox 306 2120 1207 2185; baseline -0.019 -4"><span class='ocrx_word' id='word_1_122' title='bbox 306 2132 584 2183; x_wconf 87' lang='lat' dir='ltr'><strong>coenaculo</strong></span> <span class='ocrx_word' id='word_1_123' title='bbox 615 2130 877 2185; x_wconf 90' lang='lat' dir='ltr'><strong>deorsum,</strong></span> <span class='ocrx_word' id='word_1_124' title='bbox 904 2126 955 2170; x_wconf 89' lang='lat' dir='ltr'><strong>et</strong></span> <span class='ocrx_word' id='word_1_125' title='bbox 984 2120 1207 2168; x_wconf 87' lang='lat' dir='ltr'><strong>sublatus</strong></span> 
     </span>
     <span class='ocr_line' id='line_1_31' title="bbox 308 2200 643 2247; baseline -0.021 0"><span class='ocrx_word' id='word_1_126' title='bbox 308 2204 384 2247; x_wconf 88' lang='lat' dir='ltr'><strong>est</strong></span> <span class='ocrx_word' id='word_1_127' title='bbox 400 2200 643 2244; x_wconf 88' lang='lat' dir='ltr'><strong>mortuus.</strong></span> 
     </span>
    </p>

    <p class='ocr_par' dir='ltr' id='par_1_9' title="bbox 306 2254 1213 2521">
     <span class='ocr_line' id='line_1_32' title="bbox 374 2254 1212 2319; baseline -0.016 -8"><span class='ocrx_word' id='word_1_128' title='bbox 374 2268 454 2311; x_wconf 88' lang='grc'><strong>10.</strong></span> <span class='ocrx_word' id='word_1_129' title='bbox 486 2263 561 2309; x_wconf 89' lang='lat' dir='ltr'><strong>Ad</strong></span> <span class='ocrx_word' id='word_1_130' title='bbox 580 2274 727 2319; x_wconf 89' lang='lat' dir='ltr'><strong>quem</strong></span> <span class='ocrx_word' id='word_1_131' title='bbox 745 2271 857 2305; x_wconf 89' lang='lat' dir='ltr'><strong>cum</strong></span> <span class='ocrx_word' id='word_1_132' title='bbox 868 2254 1212 2303; x_wconf 85' lang='lat' dir='ltr'><strong>descendisset</strong></span> 
     </span>
     <span class='ocr_line' id='line_1_33' title="bbox 306 2322 1213 2390; baseline -0.017 -10"><span class='ocrx_word' id='word_1_133' title='bbox 306 2332 521 2390; x_wconf 90' lang='lat' dir='ltr'><strong>Paulus,</strong></span> <span class='ocrx_word' id='word_1_134' title='bbox 558 2326 786 2375; x_wconf 91' lang='lat' dir='ltr'><strong>incubuit</strong></span> <span class='ocrx_word' id='word_1_135' title='bbox 812 2337 963 2383; x_wconf 86' lang='lat' dir='ltr'><strong>super</strong></span> <span class='ocrx_word' id='word_1_136' title='bbox 992 2322 1130 2381; x_wconf 84' lang='lat' dir='ltr'><strong>eum,</strong></span> <span class='ocrx_word' id='word_1_137' title='bbox 1160 2322 1213 2367; x_wconf 87' lang='lat' dir='ltr'><strong>et</strong></span> 
     </span>
     <span class='ocr_line' id='line_1_34' title="bbox 311 2386 1208 2459; baseline -0.019 -10"><span class='ocrx_word' id='word_1_138' title='bbox 311 2400 603 2459; x_wconf 86' lang='lat' dir='ltr'><strong>complexus</strong></span> <span class='ocrx_word' id='word_1_139' title='bbox 624 2394 776 2442; x_wconf 83' lang='lat' dir='ltr'><strong>dixit:</strong></span> <span class='ocrx_word' id='word_1_140' title='bbox 795 2392 967 2439; x_wconf 88' lang='lat' dir='ltr'><strong>Nolite</strong></span> <span class='ocrx_word' id='word_1_141' title='bbox 993 2386 1208 2435; x_wconf 87' lang='lat' dir='ltr'><strong>turbari!</strong></span> 
     </span>
     <span class='ocr_line' id='line_1_35' title="bbox 310 2459 1124 2521; baseline -0.018 -4"><span class='ocrx_word' id='word_1_142' title='bbox 310 2470 477 2516; x_wconf 89' lang='lat' dir='ltr'><strong>anima</strong></span> <span class='ocrx_word' id='word_1_143' title='bbox 496 2465 630 2513; x_wconf 88' lang='lat' dir='ltr'><strong>enim</strong></span> <span class='ocrx_word' id='word_1_144' title='bbox 648 2462 805 2521; x_wconf 87' lang='lat' dir='ltr'><strong>ipsius</strong></span> <span class='ocrx_word' id='word_1_145' title='bbox 824 2460 879 2507; x_wconf 92' lang='lat' dir='ltr'><strong>in</strong></span> <span class='ocrx_word' id='word_1_146' title='bbox 898 2459 1009 2517; x_wconf 87' lang='lat' dir='ltr'><strong>ipso</strong></span> <span class='ocrx_word' id='word_1_147' title='bbox 1032 2459 1124 2503; x_wconf 88' lang='lat' dir='ltr'><strong>est.</strong></span> 
     </span>
    </p>
   </div>
   <div class='ocr_carea' id='block_1_7' title="bbox 312 2542 1214 2867">
    <p class='ocr_par' dir='ltr' id='par_1_10' title="bbox 312 2542 1212 2809">
     <span class='ocr_line' id='line_1_36' title="bbox 378 2542 1211 2602; baseline -0.017 -3"><span class='ocrx_word' id='word_1_148' title='bbox 378 2555 458 2599; x_wconf 89' lang='lat'><strong>11.</strong></span> <span class='ocrx_word' id='word_1_149' title='bbox 500 2547 792 2596; x_wconf 86' lang='lat' dir='ltr'><strong>Ascendens</strong></span> <span class='ocrx_word' id='word_1_150' title='bbox 838 2546 1030 2602; x_wconf 88' lang='lat' dir='ltr'><strong>autem,</strong></span> <span class='ocrx_word' id='word_1_151' title='bbox 1068 2542 1211 2588; x_wconf 78' lang='lat' dir='ltr'><strong>fran-</strong></span> 
     </span>
     <span class='ocr_line' id='line_1_37' title="bbox 312 2607 1212 2679; baseline -0.018 -11"><span class='ocrx_word' id='word_1_152' title='bbox 312 2632 534 2679; x_wconf 79' lang='lat' dir='ltr'><strong>gensque</strong></span> <span class='ocrx_word' id='word_1_153' title='bbox 553 2628 749 2676; x_wconf 87' lang='lat' dir='ltr'><strong>panem,</strong></span> <span class='ocrx_word' id='word_1_154' title='bbox 764 2614 815 2659; x_wconf 87' lang='lat' dir='ltr'><strong>et</strong></span> <span class='ocrx_word' id='word_1_155' title='bbox 826 2612 1049 2671; x_wconf 87' lang='lat' dir='ltr'><strong>gustans,</strong></span> <span class='ocrx_word' id='word_1_156' title='bbox 1062 2607 1212 2654; x_wconf 89' lang='lat' dir='ltr'><strong>satis-</strong></span> 
     </span>
     <span class='ocr_line' id='line_1_38' title="bbox 312 2676 1210 2743; baseline -0.019 -9"><span class='ocrx_word' id='word_1_157' title='bbox 312 2700 407 2743; x_wconf 86' lang='lat' dir='ltr'><strong>que</strong></span> <span class='ocrx_word' id='word_1_158' title='bbox 444 2685 693 2732; x_wconf 86' lang='lat' dir='ltr'><strong>allocutus</strong></span> <span class='ocrx_word' id='word_1_159' title='bbox 736 2693 895 2737; x_wconf 85' lang='lat' dir='ltr'><strong>usque</strong></span> <span class='ocrx_word' id='word_1_160' title='bbox 941 2678 993 2722; x_wconf 89' lang='lat' dir='ltr'><strong>in</strong></span> <span class='ocrx_word' id='word_1_161' title='bbox 1031 2676 1210 2732; x_wconf 90' lang='lat' dir='ltr'><strong>lucem,</strong></span> 
     </span>
     <span class='ocr_line' id='line_1_39' title="bbox 314 2750 772 2809; baseline -0.011 -11"><span class='ocrx_word' id='word_1_162' title='bbox 314 2753 386 2798; x_wconf 87' lang='lat' dir='ltr'><strong>sic</strong></span> <span class='ocrx_word' id='word_1_163' title='bbox 404 2754 661 2809; x_wconf 78' lang='lat' dir='ltr'><strong>profectus</strong></span> <span class='ocrx_word' id='word_1_164' title='bbox 681 2750 772 2796; x_wconf 84' lang='lat' dir='ltr'><strong>est.</strong></span> 
     </span>
    </p>

    <p class='ocr_par' dir='ltr' id='par_1_11' title="bbox 382 2814 1214 2867">
     <span class='ocr_line' id='line_1_40' title="bbox 382 2814 1214 2867; baseline -0.013 -4"><span class='ocrx_word' id='word_1_165' title='bbox 382 2820 459 2863; x_wconf 86' lang='lat'><strong>12.</strong></span> <span class='ocrx_word' id='word_1_166' title='bbox 480 2816 812 2866; x_wconf 82' lang='lat' dir='ltr'><strong>Adduxerunt</strong></span> <span class='ocrx_word' id='word_1_167' title='bbox 828 2814 993 2860; x_wconf 87' lang='lat' dir='ltr'><strong>autem</strong></span> <span class='ocrx_word' id='word_1_168' title='bbox 1003 2820 1214 2867; x_wconf 88' lang='lat' dir='ltr'><strong>puerum</strong></span> 
     </span>
    </p>
   </div>
   <div class='ocr_carea' id='block_1_8' title="bbox 312 2930 1216 3114">
    <p class='ocr_par' dir='ltr' id='par_1_12' title="bbox 312 2930 1216 3114">
     <span class='ocr_line' id='line_1_41' title="bbox 362 2930 1216 2976; baseline -0.011 -6"><span class='ocrx_word' id='word_1_169' title='bbox 362 2944 389 2961; x_wconf 66' lang='lat' dir='ltr'><em>x</em></span> <span class='ocrx_word' id='word_1_170' title='bbox 408 2948 441 2970; x_wconf 77' lang='lat' dir='ltr'><strong>e.</strong></span> <span class='ocrx_word' id='word_1_171' title='bbox 459 2938 527 2976; x_wconf 88' lang='lat'><strong>17,</strong></span> <span class='ocrx_word' id='word_1_172' title='bbox 551 2939 611 2971; x_wconf 86' lang='lat' dir='ltr'><strong>lo.</strong></span> <span class='ocrx_word' id='word_1_173' title='bbox 674 2942 698 2967; x_wconf 71' lang='lat' dir='ltr'><strong>r</strong></span> <span class='ocrx_word' id='word_1_174' title='bbox 717 2945 750 2971; x_wconf 88' lang='lat' dir='ltr'><strong>c.</strong></span> <span class='ocrx_word' id='word_1_175' title='bbox 768 2938 835 2976; x_wconf 83' lang='lat'><strong>19,</strong></span> <span class='ocrx_word' id='word_1_176' title='bbox 864 2936 923 2969; x_wconf 79' lang='lat'><strong>29.</strong></span> <span class='ocrx_word' id='word_1_177' title='bbox 987 2936 1005 2954; x_wconf 63' lang='grc' dir='ltr'><strong>ι</strong></span> <span class='ocrx_word' id='word_1_178' title='bbox 1026 2940 1059 2963; x_wconf 85' lang='lat' dir='ltr'><strong>c.</strong></span> <span class='ocrx_word' id='word_1_179' title='bbox 1087 2930 1153 2968; x_wconf 80' lang='lat'><strong>16,</strong></span> <span class='ocrx_word' id='word_1_180' title='bbox 1180 2930 1216 2961; x_wconf 83' lang='lat'><strong>1.</strong></span> 
     </span>
     <span class='ocr_line' id='line_1_42' title="bbox 313 2970 1214 3028; baseline -0.016 -9"><span class='ocrx_word' id='word_1_181' title='bbox 313 2992 334 3010; x_wconf 74' lang='grc' dir='ltr'><strong><em>ο</em></strong></span> <span class='ocrx_word' id='word_1_182' title='bbox 354 2978 459 3028; x_wconf 81' lang='lat' dir='ltr'><strong>Eph.</strong></span> <span class='ocrx_word' id='word_1_183' title='bbox 476 2983 513 3021; x_wconf 84' lang='lat'><strong>6,</strong></span> <span class='ocrx_word' id='word_1_184' title='bbox 531 2982 589 3015; x_wconf 87' lang='lat'><strong>21.</strong></span> <span class='ocrx_word' id='word_1_185' title='bbox 611 2978 697 3015; x_wconf 88' lang='lat' dir='ltr'><strong>col.</strong></span> <span class='ocrx_word' id='word_1_186' title='bbox 715 2981 755 3021; x_wconf 78' lang='lat'><strong>4,</strong></span> <span class='ocrx_word' id='word_1_187' title='bbox 776 2984 811 3017; x_wconf 85' lang='grc'><strong>7.</strong></span> <span class='ocrx_word' id='word_1_188' title='bbox 828 2984 853 3015; x_wconf 90' lang='grc'><strong>2</strong></span> <span class='ocrx_word' id='word_1_189' title='bbox 870 2978 975 3015; x_wconf 82' lang='lat' dir='ltr'><strong>Tim.</strong></span> <span class='ocrx_word' id='word_1_190' title='bbox 992 2978 1031 3019; x_wconf 80' lang='lat'><strong>4,</strong></span> <span class='ocrx_word' id='word_1_191' title='bbox 1053 2977 1110 3011; x_wconf 83' lang='lat'><strong>12.</strong></span> <span class='ocrx_word' id='word_1_192' title='bbox 1129 2970 1214 3008; x_wconf 82' lang='lat' dir='ltr'><strong>Tit.</strong></span> 
     </span>
     <span class='ocr_line' id='line_1_43' title="bbox 312 3018 1213 3071; baseline -0.008 -5"><span class='ocrx_word' id='word_1_193' title='bbox 312 3034 351 3071; x_wconf 87' lang='grc'><strong>3,</strong></span> <span class='ocrx_word' id='word_1_194' title='bbox 370 3032 427 3065; x_wconf 87' lang='grc'><strong>12.</strong></span> <span class='ocrx_word' id='word_1_195' title='bbox 475 3025 492 3053; x_wconf 73' lang='lat'><strong>1²</strong></span> <span class='ocrx_word' id='word_1_196' title='bbox 511 3037 545 3063; x_wconf 83' lang='lat' dir='ltr'><strong>c.</strong></span> <span class='ocrx_word' id='word_1_197' title='bbox 560 3028 629 3067; x_wconf 89' lang='lat'><strong>21,</strong></span> <span class='ocrx_word' id='word_1_198' title='bbox 652 3028 713 3062; x_wconf 78' lang='lat'><strong>29.</strong></span> <span class='ocrx_word' id='word_1_199' title='bbox 759 3031 776 3051; x_wconf 85' lang='lat'><strong>·</strong></span> <span class='ocrx_word' id='word_1_200' title='bbox 792 3024 923 3061; x_wconf 84' lang='lat' dir='ltr'><strong>Exod.</strong></span> <span class='ocrx_word' id='word_1_201' title='bbox 951 3027 1010 3060; x_wconf 87' lang='lat'><strong>12.</strong></span> <span class='ocrx_word' id='word_1_202' title='bbox 1058 3018 1080 3047; x_wconf 61' lang='grc' dir='ltr'><strong><em>ἃ</em></strong></span> <span class='ocrx_word' id='word_1_203' title='bbox 1099 3030 1135 3057; x_wconf 88' lang='lat' dir='ltr'><strong>c.</strong></span> <span class='ocrx_word' id='word_1_204' title='bbox 1154 3021 1213 3059; x_wconf 78' lang='lat'><strong>16,</strong></span> 
     </span>
     <span class='ocr_line' id='line_1_44' title="bbox 316 3072 901 3114; baseline -0.007 -3"><span class='ocrx_word' id='word_1_205' title='bbox 316 3080 354 3114; x_wconf 84' lang='lat'><strong>8.</strong></span> <span class='ocrx_word' id='word_1_206' title='bbox 385 3078 410 3110; x_wconf 88' lang='lat'><strong>2</strong></span> <span class='ocrx_word' id='word_1_207' title='bbox 428 3072 517 3109; x_wconf 85' lang='lat' dir='ltr'><strong>Cor.</strong></span> <span class='ocrx_word' id='word_1_208' title='bbox 534 3075 573 3113; x_wconf 89' lang='lat'><strong>2,</strong></span> <span class='ocrx_word' id='word_1_209' title='bbox 592 3074 651 3107; x_wconf 86' lang='grc'><strong>12.</strong></span> <span class='ocrx_word' id='word_1_210' title='bbox 698 3076 715 3096; x_wconf 68' lang='lat'><strong><em>³</em></strong></span> <span class='ocrx_word' id='word_1_211' title='bbox 733 3082 767 3107; x_wconf 85' lang='lat' dir='ltr'><strong>c.</strong></span> <span class='ocrx_word' id='word_1_212' title='bbox 785 3074 822 3112; x_wconf 91' lang='lat'><strong>2,</strong></span> <span class='ocrx_word' id='word_1_213' title='bbox 838 3074 901 3107; x_wconf 79' lang='lat'><strong>46.</strong></span> 
     </span>
    </p>
   </div>
   <div class='ocr_carea' id='block_1_9' title="bbox 323 3203 2211 3464">
    <p class='ocr_par' dir='ltr' id='par_1_13' title="bbox 323 3203 2211 3464">
     <span class='ocr_line' id='line_1_45' title="bbox 432 3203 2206 3277; baseline -0.014 -12"><span class='ocrx_word' id='word_1_214' title='bbox 432 3222 545 3277; x_wconf 82' lang='lat' dir='ltr'><strong>Cap.</strong></span> <span class='ocrx_word' id='word_1_215' title='bbox 574 3216 688 3261; x_wconf 87' lang='lat' dir='ltr'><strong>XX.</strong></span> <span class='ocrx_word' id='word_1_216' title='bbox 754 3221 797 3259; x_wconf 74' lang='lat'><strong>4.</strong></span> <span class='ocrx_word' id='word_1_217' title='bbox 827 3217 1061 3259; x_wconf 78' lang='lat' dir='ltr'><strong>comitatus</strong></span> <span class='ocrx_word' id='word_1_218' title='bbox 1088 3219 1149 3249; x_wconf 75' lang='lat' dir='ltr'><strong>est</strong></span> <span class='ocrx_word' id='word_1_219' title='bbox 1175 3217 1324 3256; x_wconf 87' lang='lat' dir='ltr'><strong>autem</strong></span> <span class='ocrx_word' id='word_1_220' title='bbox 1352 3211 1438 3266; x_wconf 79' lang='lat' dir='ltr'><strong>(sic</strong></span> <span class='ocrx_word' id='word_1_221' title='bbox 1457 3214 1529 3253; x_wconf 87' lang='lat' dir='ltr'><strong>est</strong></span> <span class='ocrx_word' id='word_1_222' title='bbox 1557 3206 1655 3251; x_wconf 71' lang='lat' dir='ltr'><strong>alia</strong></span> <span class='ocrx_word' id='word_1_223' title='bbox 1680 3206 1898 3261; x_wconf 78' lang='lat' dir='ltr'><strong>scriptum</strong></span> <span class='ocrx_word' id='word_1_224' title='bbox 1917 3208 1986 3245; x_wconf 84' lang='lat' dir='ltr'><strong>est</strong></span> <span class='ocrx_word' id='word_1_225' title='bbox 2005 3203 2206 3254; x_wconf 54' lang='lat' dir='ltr'><strong>mamm</strong></span> 
     </span>
     <span class='ocr_line' id='line_1_46' title="bbox 1034 3256 2207 3312; baseline -0.012 -1"><span class='ocrx_word' id='word_1_226' title='bbox 1034 3274 1073 3312; x_wconf 88' lang='lat'><strong>5.</strong></span> <span class='ocrx_word' id='word_1_227' title='bbox 1105 3269 1402 3311; x_wconf 84' lang='lat' dir='ltr'><strong>sustinebant.</strong></span> <span class='ocrx_word' id='word_1_228' title='bbox 1460 3270 1502 3309; x_wconf 71' lang='lat'><strong>7.</strong></span> <span class='ocrx_word' id='word_1_229' title='bbox 1532 3265 1588 3308; x_wconf 89' lang='lat' dir='ltr'><strong>In</strong></span> <span class='ocrx_word' id='word_1_230' title='bbox 1603 3275 1693 3306; x_wconf 89' lang='lat' dir='ltr'><strong>una</strong></span> <span class='ocrx_word' id='word_1_231' title='bbox 1713 3266 1884 3309; x_wconf 79' lang='lat' dir='ltr'><strong>autem3</strong></span> <span class='ocrx_word' id='word_1_232' title='bbox 1905 3256 2016 3300; x_wconf 74' lang='lat' dir='ltr'><strong>ibid.</strong></span> <span class='ocrx_word' id='word_1_233' title='bbox 2041 3258 2207 3311; x_wconf 81' lang='lat' dir='ltr'><strong>(lispu-</strong></span> 
     </span>
     <span class='ocr_line' id='line_1_47' title="bbox 323 3314 2210 3380; baseline -0.013 -4"><span class='ocrx_word' id='word_1_234' title='bbox 323 3337 453 3377; x_wconf 80' lang='lat' dir='ltr'><strong>tabat</strong></span> <span class='ocrx_word' id='word_1_235' title='bbox 472 3333 552 3375; x_wconf 84' lang='lat' dir='ltr'><strong>eis·</strong></span> <span class='ocrx_word' id='word_1_236' title='bbox 612 3334 653 3373; x_wconf 84' lang='grc'><strong>8.</strong></span> <span class='ocrx_word' id='word_1_237' title='bbox 673 3326 925 3380; x_wconf 84' lang='lat' dir='ltr'><strong>lampadae.</strong></span> <span class='ocrx_word' id='word_1_238' title='bbox 985 3328 1024 3367; x_wconf 76' lang='lat'><strong>9.</strong></span> <span class='ocrx_word' id='word_1_239' title='bbox 1046 3321 1652 3372; x_wconf 77' lang='lat' dir='ltr'><strong>adulescens32’bid.eduetus</strong></span> <span class='ocrx_word' id='word_1_240' title='bbox 1663 3330 1829 3361; x_wconf 88' lang='lat' dir='ltr'><strong>somno.</strong></span> <span class='ocrx_word' id='word_1_241' title='bbox 1893 3318 1961 3355; x_wconf 84' lang='lat'><strong>10.</strong></span> <span class='ocrx_word' id='word_1_242' title='bbox 1983 3314 2032 3355; x_wconf 86' lang='lat' dir='ltr'><strong>in</strong></span> <span class='ocrx_word' id='word_1_243' title='bbox 2043 3326 2099 3354; x_wconf 82' lang='lat' dir='ltr'><strong>co</strong></span> <span class='ocrx_word' id='word_1_244' title='bbox 2121 3318 2210 3353; x_wconf 84' lang='lat' dir='ltr'><strong>est.</strong></span> 
     </span>
     <span class='ocr_line' id='line_1_48' title="bbox 324 3368 2210 3439; baseline -0.013 -8"><span class='ocrx_word' id='word_1_245' title='bbox 324 3394 392 3431; x_wconf 72' lang='grc'><strong>11.</strong></span> <span class='ocrx_word' id='word_1_246' title='bbox 429 3400 569 3439; x_wconf 89' lang='lat' dir='ltr'><strong>usque</strong></span> <span class='ocrx_word' id='word_1_247' title='bbox 607 3385 667 3427; x_wconf 83' lang='lat' dir='ltr'><strong>ad</strong></span> <span class='ocrx_word' id='word_1_248' title='bbox 695 3381 855 3423; x_wconf 86' lang='lat' dir='ltr'><strong>lucem.</strong></span> <span class='ocrx_word' id='word_1_249' title='bbox 916 3383 983 3421; x_wconf 82' lang='lat'><strong>12.</strong></span> <span class='ocrx_word' id='word_1_250' title='bbox 1015 3379 1362 3431; x_wconf 80' lang='lat' dir='ltr'><strong>enavigavimus·</strong></span> <span class='ocrx_word' id='word_1_251' title='bbox 1431 3380 1498 3419; x_wconf 82' lang='lat'><strong>16.</strong></span> <span class='ocrx_word' id='word_1_252' title='bbox 1529 3377 1848 3419; x_wconf 87' lang='lat' dir='ltr'><strong>Pentecosten.</strong></span> <span class='ocrx_word' id='word_1_253' title='bbox 1915 3372 1986 3410; x_wconf 82' lang='lat'><strong>20.</strong></span> <span class='ocrx_word' id='word_1_254' title='bbox 2019 3368 2210 3409; x_wconf 71' lang='lat' dir='ltr'><strong>subtra-</strong></span> 
     </span>
     <span class='ocr_line' id='line_1_49' title="bbox 2029 3422 2211 3464; baseline -0.016 0"><span class='ocrx_word' id='word_1_255' title='bbox 2029 3426 2105 3464; x_wconf 79' lang='lat'><strong>22.</strong></span> <span class='ocrx_word' id='word_1_256' title='bbox 2143 3422 2211 3462; x_wconf 82' lang='lat' dir='ltr'><strong>al-</strong></span> 
     </span>
    </p>
   </div>
   <div class='ocr_carea' id='block_1_10' title="bbox 321 3266 975 3327">
    <p class='ocr_par' dir='ltr' id='par_1_14' title="bbox 321 3266 975 3327">
     <span class='ocr_line' id='line_1_50' title="bbox 321 3266 975 3327; baseline -0.024 -4"><span class='ocrx_word' id='word_1_257' title='bbox 321 3280 427 3323; x_wconf 73' lang='lat' dir='ltr'><strong>ibid.</strong></span> <span class='ocrx_word' id='word_1_258' title='bbox 450 3292 547 3321; x_wconf 84' lang='lat' dir='ltr'><strong>cum</strong></span> <span class='ocrx_word' id='word_1_259' title='bbox 563 3289 613 3318; x_wconf 86' lang='lat' dir='ltr'><strong>eo</strong></span> <span class='ocrx_word' id='word_1_260' title='bbox 636 3274 830 3327; x_wconf 82' lang='lat' dir='ltr'><strong>Sopater</strong></span> <span class='ocrx_word' id='word_1_261' title='bbox 850 3266 975 3323; x_wconf 80' lang='lat' dir='ltr'><strong>Pyri.</strong></span> 
     </span>
    </p>
   </div>
   <div class='ocr_carea' id='block_1_11' title="bbox 326 3428 1947 3487">
    <p class='ocr_par' dir='ltr' id='par_1_15' title="bbox 326 3428 1947 3487">
     <span class='ocr_line' id='line_1_51' title="bbox 326 3428 1947 3487; baseline -0.012 -2"><span class='ocrx_word' id='word_1_262' title='bbox 326 3444 471 3485; x_wconf 80' lang='lat' dir='ltr'><strong>xerim</strong></span> <span class='ocrx_word' id='word_1_263' title='bbox 490 3442 618 3483; x_wconf 79' lang='lat' dir='ltr'><strong>vobis</strong></span> <span class='ocrx_word' id='word_1_264' title='bbox 644 3435 823 3481; x_wconf 80' lang='lat' dir='ltr'><strong>utilium</strong></span> <span class='ocrx_word' id='word_1_265' title='bbox 854 3434 976 3487; x_wconf 79' lang='lat' dir='ltr'><strong>(sic).</strong></span> <span class='ocrx_word' id='word_1_266' title='bbox 1037 3437 1107 3474; x_wconf 83' lang='lat'><strong>21.</strong></span> <span class='ocrx_word' id='word_1_267' title='bbox 1140 3435 1187 3475; x_wconf 84' lang='lat' dir='ltr'><strong>in</strong></span> <span class='ocrx_word' id='word_1_268' title='bbox 1215 3432 1406 3475; x_wconf 88' lang='lat' dir='ltr'><strong>Domino</strong></span> <span class='ocrx_word' id='word_1_269' title='bbox 1437 3435 1588 3474; x_wconf 86' lang='lat' dir='ltr'><strong>nostro</strong></span> <span class='ocrx_word' id='word_1_270' title='bbox 1617 3432 1726 3474; x_wconf 87' lang='lat' dir='ltr'><strong>Jesu</strong></span> <span class='ocrx_word' id='word_1_271' title='bbox 1750 3428 1947 3470; x_wconf 83' lang='lat' dir='ltr'><strong>Christo·</strong></span> 
     </span>
    </p>
   </div>
   <div class='ocr_carea' id='block_1_12' title="bbox 325 3494 690 3551">
    <p class='ocr_par' dir='ltr' id='par_1_16' title="bbox 325 3494 690 3551">
     <span class='ocr_line' id='line_1_52' title="bbox 325 3494 690 3551; baseline -0.008 -14"><span class='ocrx_word' id='word_1_272' title='bbox 325 3494 493 3547; x_wconf 78' lang='lat' dir='ltr'><strong>ligatus</strong></span> <span class='ocrx_word' id='word_1_273' title='bbox 512 3497 690 3551; x_wconf 86' lang='lat' dir='ltr'><strong>spiritu.</strong></span> 
     </span>
    </p>
   </div>
   <div class='ocr_carea' id='block_1_13' title="bbox 1247 255 2196 3001">
    <p class='ocr_par' dir='ltr' id='par_1_17' title="bbox 1247 255 2162 379">
     <span class='ocr_line' id='line_1_53' title="bbox 1249 255 2162 320; baseline -0.015 -7"><span class='ocrx_word' id='word_1_274' title='bbox 1249 265 1526 320; x_wconf 80' lang='lat' dir='ltr'><strong>viventem,</strong></span> <span class='ocrx_word' id='word_1_275' title='bbox 1558 262 1610 307; x_wconf 88' lang='lat' dir='ltr'><strong>et</strong></span> <span class='ocrx_word' id='word_1_276' title='bbox 1637 255 1888 305; x_wconf 85' lang='lat' dir='ltr'><strong>consolati</strong></span> <span class='ocrx_word' id='word_1_277' title='bbox 1905 257 2031 302; x_wconf 83' lang='lat' dir='ltr'><strong>sunt</strong></span> <span class='ocrx_word' id='word_1_278' title='bbox 2049 268 2162 300; x_wconf 86' lang='lat' dir='ltr'><strong>non</strong></span> 
     </span>
     <span class='ocr_line' id='line_1_54' title="bbox 1247 333 1466 379; baseline -0.027 1"><span class='ocrx_word' id='word_1_279' title='bbox 1247 333 1466 379; x_wconf 90' lang='lat' dir='ltr'><strong>minime.</strong></span> 
     </span>
    </p>

    <p class='ocr_par' dir='ltr' id='par_1_18' title="bbox 1249 390 2162 716">
     <span class='ocr_line' id='line_1_55' title="bbox 1313 390 2162 444; baseline -0.013 1"><span class='ocrx_word' id='word_1_280' title='bbox 1313 400 1394 444; x_wconf 82' lang='grc'><strong>13.</strong></span> <span class='ocrx_word' id='word_1_281' title='bbox 1419 398 1526 442; x_wconf 88' lang='grc' dir='ltr'><strong>Νοι</strong></span> <span class='ocrx_word' id='word_1_282' title='bbox 1538 397 1704 440; x_wconf 89' lang='lat' dir='ltr'><strong>autem</strong></span> <span class='ocrx_word' id='word_1_283' title='bbox 1715 390 2052 438; x_wconf 85' lang='lat' dir='ltr'><strong>ascendentes</strong></span> <span class='ocrx_word' id='word_1_284' title='bbox 2063 403 2162 434; x_wconf 91' lang='lat' dir='ltr'><strong>na-</strong></span> 
     </span>
     <span class='ocr_line' id='line_1_56' title="bbox 1251 457 2161 525; baseline -0.013 -11"><span class='ocrx_word' id='word_1_285' title='bbox 1251 481 1376 525; x_wconf 80' lang='lat' dir='ltr'><strong>vem,</strong></span> <span class='ocrx_word' id='word_1_286' title='bbox 1397 461 1748 520; x_wconf 81' lang='lat' dir='ltr'><strong>navigavimus</strong></span> <span class='ocrx_word' id='word_1_287' title='bbox 1767 460 1823 505; x_wconf 84' lang='lat' dir='ltr'><strong>in</strong></span> <span class='ocrx_word' id='word_1_288' title='bbox 1832 460 2021 516; x_wconf 82' lang='lat' dir='ltr'><strong>Asson,</strong></span> <span class='ocrx_word' id='word_1_289' title='bbox 2041 457 2161 503; x_wconf 84' lang='lat' dir='ltr'><strong>inde</strong></span> 
     </span>
     <span class='ocr_line' id='line_1_57' title="bbox 1249 524 2162 590; baseline -0.014 -9"><span class='ocrx_word' id='word_1_290' title='bbox 1249 530 1530 590; x_wconf 86' lang='lat' dir='ltr'><strong>suscepturi</strong></span> <span class='ocrx_word' id='word_1_291' title='bbox 1549 527 1787 584; x_wconf 82' lang='lat' dir='ltr'><strong>Paulum3</strong></span> <span class='ocrx_word' id='word_1_292' title='bbox 1807 526 1880 572; x_wconf 94' lang='lat' dir='ltr'><strong>sic</strong></span> <span class='ocrx_word' id='word_1_293' title='bbox 1900 526 2039 571; x_wconf 86' lang='lat' dir='ltr'><strong>enim</strong></span> <span class='ocrx_word' id='word_1_294' title='bbox 2058 524 2162 569; x_wconf 84' lang='lat' dir='ltr'><strong>dis-</strong></span> 
     </span>
     <span class='ocr_line' id='line_1_58' title="bbox 1249 593 2162 660; baseline -0.014 -12"><span class='ocrx_word' id='word_1_295' title='bbox 1249 600 1490 660; x_wconf 86' lang='lat' dir='ltr'><strong>posuerat</strong></span> <span class='ocrx_word' id='word_1_296' title='bbox 1507 597 1615 655; x_wconf 87' lang='lat' dir='ltr'><strong>ipse</strong></span> <span class='ocrx_word' id='word_1_297' title='bbox 1636 608 1728 653; x_wconf 88' lang='lat' dir='ltr'><strong>per</strong></span> <span class='ocrx_word' id='word_1_298' title='bbox 1757 596 1951 640; x_wconf 86' lang='lat' dir='ltr'><strong>terram</strong></span> <span class='ocrx_word' id='word_1_299' title='bbox 1968 593 2066 640; x_wconf 89' lang='lat' dir='ltr'><strong>iter</strong></span> <span class='ocrx_word' id='word_1_300' title='bbox 2083 593 2162 638; x_wconf 78' lang='lat' dir='ltr'><strong>fa-</strong></span> 
     </span>
     <span class='ocr_line' id='line_1_59' title="bbox 1253 671 1439 716; baseline -0.022 0"><span class='ocrx_word' id='word_1_301' title='bbox 1253 671 1439 716; x_wconf 87' lang='lat' dir='ltr'><strong>cturus.</strong></span> 
     </span>
    </p>

    <p class='ocr_par' dir='ltr' id='par_1_19' title="bbox 1254 727 2162 926">
     <span class='ocr_line' id='line_1_60' title="bbox 1319 727 2162 781; baseline -0.011 -1"><span class='ocrx_word' id='word_1_302' title='bbox 1319 738 1399 781; x_wconf 82' lang='lat'><strong>14.</strong></span> <span class='ocrx_word' id='word_1_303' title='bbox 1439 734 1564 779; x_wconf 90' lang='lat' dir='ltr'><strong>Cum</strong></span> <span class='ocrx_word' id='word_1_304' title='bbox 1615 732 1783 775; x_wconf 87' lang='lat' dir='ltr'><strong>autem</strong></span> <span class='ocrx_word' id='word_1_305' title='bbox 1838 727 2162 774; x_wconf 84' lang='lat' dir='ltr'><strong>convenisset</strong></span> 
     </span>
     <span class='ocr_line' id='line_1_61' title="bbox 1254 794 2159 858; baseline -0.011 -9"><span class='ocrx_word' id='word_1_306' title='bbox 1254 816 1348 849; x_wconf 88' lang='lat' dir='ltr'><strong>nos</strong></span> <span class='ocrx_word' id='word_1_307' title='bbox 1368 803 1422 848; x_wconf 91' lang='lat' dir='ltr'><strong>in</strong></span> <span class='ocrx_word' id='word_1_308' title='bbox 1441 802 1626 858; x_wconf 82' lang='lat' dir='ltr'><strong>Asson,</strong></span> <span class='ocrx_word' id='word_1_309' title='bbox 1642 798 1900 854; x_wconf 87' lang='lat' dir='ltr'><strong>assumpto</strong></span> <span class='ocrx_word' id='word_1_310' title='bbox 1923 809 2007 855; x_wconf 91' lang='lat' dir='ltr'><strong>eo,</strong></span> <span class='ocrx_word' id='word_1_311' title='bbox 2023 794 2159 840; x_wconf 74' lang='lat' dir='ltr'><strong>veni-</strong></span> 
     </span>
     <span class='ocr_line' id='line_1_62' title="bbox 1255 867 1683 926; baseline -0.019 -9"><span class='ocrx_word' id='word_1_312' title='bbox 1255 883 1362 916; x_wconf 87' lang='lat' dir='ltr'><strong>mus</strong></span> <span class='ocrx_word' id='word_1_313' title='bbox 1382 867 1683 926; x_wconf 86' lang='lat' dir='ltr'><strong>Mitylenen.</strong></span> 
     </span>
    </p>

    <p class='ocr_par' dir='ltr' id='par_1_20' title="bbox 1258 930 2168 1196">
     <span class='ocr_line' id='line_1_63' title="bbox 1324 930 2162 988; baseline -0.011 -6"><span class='ocrx_word' id='word_1_314' title='bbox 1324 939 1405 982; x_wconf 89' lang='grc'><strong>15.</strong></span> <span class='ocrx_word' id='word_1_315' title='bbox 1439 936 1508 981; x_wconf 88' lang='lat' dir='ltr'><strong>Et</strong></span> <span class='ocrx_word' id='word_1_316' title='bbox 1551 933 1669 978; x_wconf 88' lang='lat' dir='ltr'><strong>inde</strong></span> <span class='ocrx_word' id='word_1_317' title='bbox 1713 930 2014 988; x_wconf 75' lang='lat' dir='ltr'><strong>navigantes</strong></span> <span class='ocrx_word' id='word_1_318' title='bbox 2029 959 2046 987; x_wconf 90' lang='lat'><strong>,</strong></span> <span class='ocrx_word' id='word_1_319' title='bbox 2083 943 2162 974; x_wconf 85' lang='lat' dir='ltr'><strong>se·-</strong></span> 
     </span>
     <span class='ocr_line' id='line_1_64' title="bbox 1258 997 2162 1062; baseline -0.011 -11"><span class='ocrx_word' id='word_1_320' title='bbox 1258 1004 1432 1062; x_wconf 87' lang='lat' dir='ltr'><strong>quenti</strong></span> <span class='ocrx_word' id='word_1_321' title='bbox 1443 1002 1522 1047; x_wconf 86' lang='lat' dir='ltr'><strong>die</strong></span> <span class='ocrx_word' id='word_1_322' title='bbox 1535 1000 1765 1046; x_wconf 88' lang='lat' dir='ltr'><strong>venimus</strong></span> <span class='ocrx_word' id='word_1_323' title='bbox 1777 999 1951 1044; x_wconf 88' lang='lat' dir='ltr'><strong>contra</strong></span> <span class='ocrx_word' id='word_1_324' title='bbox 1965 997 2162 1054; x_wconf 86' lang='lat' dir='ltr'><strong>Chium,</strong></span> 
     </span>
     <span class='ocr_line' id='line_1_65' title="bbox 1259 1065 2168 1126; baseline -0.011 -8"><span class='ocrx_word' id='word_1_325' title='bbox 1259 1075 1312 1118; x_wconf 85' lang='lat' dir='ltr'><strong>et</strong></span> <span class='ocrx_word' id='word_1_326' title='bbox 1350 1072 1449 1119; x_wconf 83' lang='lat' dir='ltr'><strong>alia</strong></span> <span class='ocrx_word' id='word_1_327' title='bbox 1485 1067 1810 1126; x_wconf 85' lang='lat' dir='ltr'><strong>applicuimus</strong></span> <span class='ocrx_word' id='word_1_328' title='bbox 1841 1065 2073 1122; x_wconf 86' lang='lat' dir='ltr'><strong>Samum,</strong></span> <span class='ocrx_word' id='word_1_329' title='bbox 2117 1065 2168 1108; x_wconf 85' lang='lat' dir='ltr'><strong>et</strong></span> 
     </span>
     <span class='ocr_line' id='line_1_66' title="bbox 1261 1129 2096 1196; baseline -0.013 -11"><span class='ocrx_word' id='word_1_330' title='bbox 1261 1137 1493 1196; x_wconf 87' lang='lat' dir='ltr'><strong>sequenti</strong></span> <span class='ocrx_word' id='word_1_331' title='bbox 1512 1136 1590 1181; x_wconf 90' lang='lat' dir='ltr'><strong>die</strong></span> <span class='ocrx_word' id='word_1_332' title='bbox 1615 1134 1834 1180; x_wconf 86' lang='lat' dir='ltr'><strong>venimus</strong></span> <span class='ocrx_word' id='word_1_333' title='bbox 1846 1129 2096 1175; x_wconf 88' lang='lat' dir='ltr'><strong>Miletum.</strong></span> 
     </span>
    </p>

    <p class='ocr_par' dir='ltr' id='par_1_21' title="bbox 1261 1196 2170 1600">
     <span class='ocr_line' id='line_1_67' title="bbox 1329 1196 2165 1260; baseline -0.013 -9"><span class='ocrx_word' id='word_1_334' title='bbox 1329 1208 1408 1251; x_wconf 84' lang='grc'><strong>16.</strong></span> <span class='ocrx_word' id='word_1_335' title='bbox 1443 1202 1790 1260; x_wconf 85' lang='lat' dir='ltr'><strong>Proposuerat</strong></span> <span class='ocrx_word' id='word_1_336' title='bbox 1817 1197 1946 1244; x_wconf 88' lang='lat' dir='ltr'><strong>enim</strong></span> <span class='ocrx_word' id='word_1_337' title='bbox 1971 1196 2165 1242; x_wconf 88' lang='lat' dir='ltr'><strong>Paulus</strong></span> 
     </span>
     <span class='ocr_line' id='line_1_68' title="bbox 1261 1267 2170 1328; baseline -0.013 -8"><span class='ocrx_word' id='word_1_338' title='bbox 1261 1271 1646 1328; x_wconf 80' lang='lat' dir='ltr'><strong>transnavigare</strong></span> <span class='ocrx_word' id='word_1_339' title='bbox 1665 1267 1947 1325; x_wconf 87' lang='lat' dir='ltr'><strong>Ephesum,</strong></span> <span class='ocrx_word' id='word_1_340' title='bbox 1975 1277 2040 1310; x_wconf 88' lang='lat' dir='ltr'><strong>ne</strong></span> <span class='ocrx_word' id='word_1_341' title='bbox 2065 1276 2170 1320; x_wconf 80' lang='lat' dir='ltr'><strong>qua</strong></span> 
     </span>
     <span class='ocr_line' id='line_1_69' title="bbox 1262 1331 2168 1386; baseline -0.012 1"><span class='ocrx_word' id='word_1_342' title='bbox 1262 1353 1406 1386; x_wconf 88' lang='lat' dir='ltr'><strong>mora</strong></span> <span class='ocrx_word' id='word_1_343' title='bbox 1424 1338 1502 1384; x_wconf 91' lang='lat' dir='ltr'><strong>illi</strong></span> <span class='ocrx_word' id='word_1_344' title='bbox 1519 1337 1663 1383; x_wconf 85' lang='lat' dir='ltr'><strong>fieret</strong></span> <span class='ocrx_word' id='word_1_345' title='bbox 1679 1335 1732 1380; x_wconf 92' lang='lat' dir='ltr'><strong>in</strong></span> <span class='ocrx_word' id='word_1_346' title='bbox 1752 1333 1886 1380; x_wconf 85' lang='lat' dir='ltr'><strong>Asia.</strong></span> <span class='ocrx_word' id='word_1_347' title='bbox 1935 1331 2168 1377; x_wconf 85' lang='lat' dir='ltr'><strong>Festina-</strong></span> 
     </span>
     <span class='ocr_line' id='line_1_70' title="bbox 1265 1399 2167 1464; baseline -0.012 -10"><span class='ocrx_word' id='word_1_348' title='bbox 1265 1410 1348 1454; x_wconf 89' lang='lat' dir='ltr'><strong>bat</strong></span> <span class='ocrx_word' id='word_1_349' title='bbox 1368 1407 1528 1464; x_wconf 90' lang='lat' dir='ltr'><strong>enim,</strong></span> <span class='ocrx_word' id='word_1_350' title='bbox 1558 1404 1598 1450; x_wconf 89' lang='lat' dir='ltr'><strong>si</strong></span> <span class='ocrx_word' id='word_1_351' title='bbox 1628 1401 1870 1460; x_wconf 88' lang='lat' dir='ltr'><strong>possibile</strong></span> <span class='ocrx_word' id='word_1_352' title='bbox 1901 1399 1999 1445; x_wconf 86' lang='lat' dir='ltr'><strong>sibi</strong></span> <span class='ocrx_word' id='word_1_353' title='bbox 2020 1401 2167 1456; x_wconf 90' lang='lat' dir='ltr'><strong>esset,</strong></span> 
     </span>
     <span class='ocr_line' id='line_1_71' title="bbox 1264 1467 2166 1521; baseline -0.012 0"><span class='ocrx_word' id='word_1_354' title='bbox 1264 1477 1321 1521; x_wconf 90' lang='lat' dir='ltr'><strong>ut</strong></span> <span class='ocrx_word' id='word_1_355' title='bbox 1349 1475 1480 1520; x_wconf 88' lang='lat' dir='ltr'><strong>diem</strong></span> <span class='ocrx_word' id='word_1_356' title='bbox 1507 1472 1834 1517; x_wconf 88' lang='lat' dir='ltr'><strong>Pentecostes</strong></span> <span class='ocrx_word' id='word_1_357' title='bbox 1865 1469 2061 1512; x_wconf 81' lang='lat' dir='ltr'><strong>faceret</strong></span> <span class='ocrx_word' id='word_1_358' title='bbox 2086 1467 2166 1511; x_wconf 87' lang='lat' dir='ltr'><strong>Ie-</strong></span> 
     </span>
     <span class='ocr_line' id='line_1_72' title="bbox 1265 1530 1602 1600; baseline -0.012 -13"><span class='ocrx_word' id='word_1_359' title='bbox 1265 1539 1540 1600; x_wconf 85' lang='lat' dir='ltr'><strong>rosolymis</strong></span> <span class='ocrx_word' id='word_1_360' title='bbox 1550 1530 1602 1584; x_wconf 89' lang='lat' dir='ltr'><strong>f.</strong></span> 
     </span>
    </p>

    <p class='ocr_par' dir='ltr' id='par_1_22' title="bbox 1267 1601 2174 1789">
     <span class='ocr_line' id='line_1_73' title="bbox 1336 1601 2170 1653; baseline -0.01 0"><span class='ocrx_word' id='word_1_361' title='bbox 1336 1610 1416 1653; x_wconf 79' lang='grc'><strong>17.</strong></span> <span class='ocrx_word' id='word_1_362' title='bbox 1471 1609 1518 1652; x_wconf 82' lang='lat' dir='ltr'><strong>A</strong></span> <span class='ocrx_word' id='word_1_363' title='bbox 1551 1604 1727 1652; x_wconf 89' lang='lat' dir='ltr'><strong>Mileto</strong></span> <span class='ocrx_word' id='word_1_364' title='bbox 1767 1603 1936 1648; x_wconf 89' lang='lat' dir='ltr'><strong>autem</strong></span> <span class='ocrx_word' id='word_1_365' title='bbox 1975 1601 2170 1646; x_wconf 88' lang='lat' dir='ltr'><strong>mittens</strong></span> 
     </span>
     <span class='ocr_line' id='line_1_74' title="bbox 1267 1668 2174 1734; baseline -0.011 -13"><span class='ocrx_word' id='word_1_366' title='bbox 1267 1676 1550 1734; x_wconf 84' lang='lat' dir='ltr'><strong>Ephesum,</strong></span> <span class='ocrx_word' id='word_1_367' title='bbox 1579 1669 1783 1718; x_wconf 84' lang='lat' dir='ltr'><strong>vocavit</strong></span> <span class='ocrx_word' id='word_1_368' title='bbox 1807 1668 2040 1728; x_wconf 76' lang='lat' dir='ltr'><strong>Major-es</strong></span> <span class='ocrx_word' id='word_1_369' title='bbox 2059 1671 2174 1712; x_wconf 87' lang='lat' dir='ltr'><strong>natu</strong></span> 
     </span>
     <span class='ocr_line' id='line_1_75' title="bbox 1269 1741 1548 1789; baseline -0.011 0"><span class='ocrx_word' id='word_1_370' title='bbox 1269 1741 1548 1789; x_wconf 83' lang='lat' dir='ltr'><strong>Ecclesiae.</strong></span> 
     </span>
    </p>

    <p class='ocr_par' dir='ltr' id='par_1_23' title="bbox 1273 1803 2178 2138">
     <span class='ocr_line' id='line_1_76' title="bbox 1339 1803 2175 1861; baseline -0.012 -5"><span class='ocrx_word' id='word_1_371' title='bbox 1339 1813 1419 1857; x_wconf 90' lang='lat'><strong>18.</strong></span> <span class='ocrx_word' id='word_1_372' title='bbox 1459 1807 1682 1861; x_wconf 77' lang='lat' dir='ltr'><strong>Quicum</strong></span> <span class='ocrx_word' id='word_1_373' title='bbox 1693 1804 1956 1850; x_wconf 85' lang='lat' dir='ltr'><strong>venissent</strong></span> <span class='ocrx_word' id='word_1_374' title='bbox 1976 1803 2041 1847; x_wconf 87' lang='lat' dir='ltr'><strong>ad</strong></span> <span class='ocrx_word' id='word_1_375' title='bbox 2051 1815 2175 1858; x_wconf 86' lang='lat' dir='ltr'><strong>eum,</strong></span> 
     </span>
     <span class='ocr_line' id='line_1_77' title="bbox 1273 1871 2177 1930; baseline -0.012 -5"><span class='ocrx_word' id='word_1_376' title='bbox 1273 1880 1324 1924; x_wconf 89' lang='lat' dir='ltr'><strong>et</strong></span> <span class='ocrx_word' id='word_1_377' title='bbox 1359 1875 1508 1923; x_wconf 84' lang='lat' dir='ltr'><strong>simul</strong></span> <span class='ocrx_word' id='word_1_378' title='bbox 1543 1874 1737 1930; x_wconf 80' lang='lat' dir='ltr'><strong>essent,</strong></span> <span class='ocrx_word' id='word_1_379' title='bbox 1779 1871 1908 1916; x_wconf 83' lang='lat' dir='ltr'><strong>dixit</strong></span> <span class='ocrx_word' id='word_1_380' title='bbox 1937 1871 2040 1916; x_wconf 86' lang='lat' dir='ltr'><strong>eis:</strong></span> <span class='ocrx_word' id='word_1_381' title='bbox 2076 1871 2177 1914; x_wconf 87' lang='lat' dir='ltr'><strong>Vos</strong></span> 
     </span>
     <span class='ocr_line' id='line_1_78' title="bbox 1273 1937 2178 2004; baseline -0.012 -12"><span class='ocrx_word' id='word_1_382' title='bbox 1273 1945 1430 2004; x_wconf 86' lang='lat' dir='ltr'><strong>scitis,</strong></span> <span class='ocrx_word' id='word_1_383' title='bbox 1451 1957 1480 1990; x_wconf 89' lang='lat' dir='ltr'><strong>a</strong></span> <span class='ocrx_word' id='word_1_384' title='bbox 1503 1942 1661 2002; x_wconf 86' lang='lat' dir='ltr'><strong>prima</strong></span> <span class='ocrx_word' id='word_1_385' title='bbox 1682 1940 1779 1998; x_wconf 88' lang='lat' dir='ltr'><strong>die,</strong></span> <span class='ocrx_word' id='word_1_386' title='bbox 1801 1951 1902 1995; x_wconf 90' lang='lat' dir='ltr'><strong>qua</strong></span> <span class='ocrx_word' id='word_1_387' title='bbox 1918 1937 2178 1997; x_wconf 83' lang='lat' dir='ltr'><strong>ingressus</strong></span> 
     </span>
     <span class='ocr_line' id='line_1_79' title="bbox 1274 2006 2178 2068; baseline -0.013 -8"><span class='ocrx_word' id='word_1_388' title='bbox 1274 2027 1383 2061; x_wconf 90' lang='lat' dir='ltr'><strong>sum</strong></span> <span class='ocrx_word' id='word_1_389' title='bbox 1400 2013 1456 2057; x_wconf 91' lang='lat' dir='ltr'><strong>in</strong></span> <span class='ocrx_word' id='word_1_390' title='bbox 1475 2010 1662 2068; x_wconf 88' lang='lat' dir='ltr'><strong>Asiam,</strong></span> <span class='ocrx_word' id='word_1_391' title='bbox 1683 2006 1900 2065; x_wconf 87' lang='lat' dir='ltr'><strong>qualiter</strong></span> <span class='ocrx_word' id='word_1_392' title='bbox 1923 2006 2178 2052; x_wconf 85' lang='lat' dir='ltr'><strong>vobiscum</strong></span> 
     </span>
     <span class='ocr_line' id='line_1_80' title="bbox 1274 2073 1973 2138; baseline -0.013 -12"><span class='ocrx_word' id='word_1_393' title='bbox 1274 2092 1364 2138; x_wconf 91' lang='lat' dir='ltr'><strong>per</strong></span> <span class='ocrx_word' id='word_1_394' title='bbox 1385 2092 1534 2124; x_wconf 91' lang='lat' dir='ltr'><strong>omne</strong></span> <span class='ocrx_word' id='word_1_395' title='bbox 1553 2079 1746 2133; x_wconf 88' lang='lat' dir='ltr'><strong>tempus</strong></span> <span class='ocrx_word' id='word_1_396' title='bbox 1767 2073 1973 2132; x_wconf 81' lang='lat' dir='ltr'><strong>fuerim,</strong></span> 
     </span>
    </p>

    <p class='ocr_par' dir='ltr' id='par_1_24' title="bbox 1275 2139 2184 2400">
     <span class='ocr_line' id='line_1_81' title="bbox 1343 2139 2182 2192; baseline -0.011 0"><span class='ocrx_word' id='word_1_397' title='bbox 1343 2148 1423 2191; x_wconf 87' lang='grc'><strong>19.</strong></span> <span class='ocrx_word' id='word_1_398' title='bbox 1445 2144 1673 2192; x_wconf 86' lang='lat' dir='ltr'><strong>serviens</strong></span> <span class='ocrx_word' id='word_1_399' title='bbox 1684 2142 1905 2187; x_wconf 90' lang='lat' dir='ltr'><strong>Domino</strong></span> <span class='ocrx_word' id='word_1_400' title='bbox 1919 2139 2182 2185; x_wconf 87' lang='lat' dir='ltr'><strong>cumomni</strong></span> 
     </span>
     <span class='ocr_line' id='line_1_82' title="bbox 1275 2208 2180 2271; baseline -0.008 -13"><span class='ocrx_word' id='word_1_401' title='bbox 1275 2213 1573 2271; x_wconf 89' lang='lat' dir='ltr'><strong>humilitate,</strong></span> <span class='ocrx_word' id='word_1_402' title='bbox 1595 2212 1646 2257; x_wconf 88' lang='lat' dir='ltr'><strong>et</strong></span> <span class='ocrx_word' id='word_1_403' title='bbox 1663 2208 1920 2268; x_wconf 84' lang='lat' dir='ltr'><strong>lacrymis,</strong></span> <span class='ocrx_word' id='word_1_404' title='bbox 1946 2210 2001 2253; x_wconf 89' lang='lat' dir='ltr'><strong>et</strong></span> <span class='ocrx_word' id='word_1_405' title='bbox 2018 2209 2180 2253; x_wconf 87' lang='lat' dir='ltr'><strong>tenta-</strong></span> 
     </span>
     <span class='ocr_line' id='line_1_83' title="bbox 1276 2274 2184 2339; baseline -0.012 -12"><span class='ocrx_word' id='word_1_406' title='bbox 1276 2282 1524 2339; x_wconf 86' lang='lat' dir='ltr'><strong>tionibus,</strong></span> <span class='ocrx_word' id='word_1_407' title='bbox 1565 2290 1690 2336; x_wconf 85' lang='lat' dir='ltr'><strong>quae</strong></span> <span class='ocrx_word' id='word_1_408' title='bbox 1727 2275 1851 2321; x_wconf 85' lang='lat' dir='ltr'><strong>mihi</strong></span> <span class='ocrx_word' id='word_1_409' title='bbox 1892 2274 2184 2321; x_wconf 83' lang='lat' dir='ltr'><strong>acciderunt</strong></span> 
     </span>
     <span class='ocr_line' id='line_1_84' title="bbox 1279 2344 1914 2400; baseline -0.016 -4"><span class='ocrx_word' id='word_1_410' title='bbox 1279 2363 1343 2397; x_wconf 83' lang='lat' dir='ltr'><strong>ex</strong></span> <span class='ocrx_word' id='word_1_411' title='bbox 1364 2346 1560 2394; x_wconf 87' lang='lat' dir='ltr'><strong>insidiis</strong></span> <span class='ocrx_word' id='word_1_412' title='bbox 1579 2347 1612 2391; x_wconf 82' lang='lat' dir='ltr'>J</span> <span class='ocrx_word' id='word_1_413' title='bbox 1615 2344 1914 2400; x_wconf 83' lang='lat' dir='ltr'><strong>udaeorum3</strong></span> 
     </span>
    </p>

    <p class='ocr_par' dir='ltr' id='par_1_25' title="bbox 1276 2408 2188 2675">
     <span class='ocr_line' id='line_1_85' title="bbox 1343 2408 2186 2471; baseline -0.008 -11"><span class='ocrx_word' id='word_1_414' title='bbox 1343 2416 1424 2461; x_wconf 87' lang='grc'><strong>20.</strong></span> <span class='ocrx_word' id='word_1_415' title='bbox 1461 2412 1712 2471; x_wconf 89' lang='lat' dir='ltr'><strong>quomodo</strong></span> <span class='ocrx_word' id='word_1_416' title='bbox 1751 2408 1881 2455; x_wconf 89' lang='lat' dir='ltr'><strong>nihil</strong></span> <span class='ocrx_word' id='word_1_417' title='bbox 1917 2410 2186 2456; x_wconf 80' lang='lat' dir='ltr'><strong>subtraxe-</strong></span> 
     </span>
     <span class='ocr_line' id='line_1_86' title="bbox 1276 2476 2188 2539; baseline -0.011 -10"><span class='ocrx_word' id='word_1_418' title='bbox 1276 2482 1373 2529; x_wconf 87' lang='lat' dir='ltr'><strong>rim</strong></span> <span class='ocrx_word' id='word_1_419' title='bbox 1401 2481 1622 2539; x_wconf 88' lang='lat' dir='ltr'><strong>utilium,</strong></span> <span class='ocrx_word' id='word_1_420' title='bbox 1653 2490 1750 2536; x_wconf 91' lang='lat' dir='ltr'><strong>quo</strong></span> <span class='ocrx_word' id='word_1_421' title='bbox 1779 2476 1946 2522; x_wconf 83' lang='lat' dir='ltr'><strong>minus</strong></span> <span class='ocrx_word' id='word_1_422' title='bbox 1990 2488 2188 2522; x_wconf 87' lang='lat' dir='ltr'><strong>annun-</strong></span> 
     </span>
     <span class='ocr_line' id='line_1_87' title="bbox 1280 2545 2188 2601; baseline -0.009 -5"><span class='ocrx_word' id='word_1_423' title='bbox 1280 2550 1464 2597; x_wconf 87' lang='lat' dir='ltr'><strong>ciarem</strong></span> <span class='ocrx_word' id='word_1_424' title='bbox 1488 2548 1632 2595; x_wconf 87' lang='lat' dir='ltr'><strong>vobis</strong></span> <span class='ocrx_word' id='word_1_425' title='bbox 1652 2548 1704 2592; x_wconf 91' lang='lat' dir='ltr'><strong>et</strong></span> <span class='ocrx_word' id='word_1_426' title='bbox 1723 2545 1962 2591; x_wconf 90' lang='lat' dir='ltr'><strong>docerem</strong></span> <span class='ocrx_word' id='word_1_427' title='bbox 1984 2556 2078 2590; x_wconf 87' lang='lat' dir='ltr'><strong>vos</strong></span> <span class='ocrx_word' id='word_1_428' title='bbox 2097 2557 2188 2601; x_wconf 88' lang='lat' dir='ltr'><strong>pu-</strong></span> 
     </span>
     <span class='ocr_line' id='line_1_88' title="bbox 1279 2614 1820 2675; baseline -0.011 -12"><span class='ocrx_word' id='word_1_429' title='bbox 1279 2618 1424 2675; x_wconf 87' lang='lat' dir='ltr'><strong>blice,</strong></span> <span class='ocrx_word' id='word_1_430' title='bbox 1446 2617 1497 2662; x_wconf 85' lang='lat' dir='ltr'><strong>et</strong></span> <span class='ocrx_word' id='word_1_431' title='bbox 1515 2627 1606 2673; x_wconf 86' lang='lat' dir='ltr'><strong>per</strong></span> <span class='ocrx_word' id='word_1_432' title='bbox 1627 2614 1820 2669; x_wconf 88' lang='lat' dir='ltr'><strong>domos,</strong></span> 
     </span>
    </p>

    <p class='ocr_par' dir='ltr' id='par_1_26' title="bbox 1281 2676 2194 2933">
     <span class='ocr_line' id='line_1_89' title="bbox 1349 2676 2191 2733; baseline -0.011 -4"><span class='ocrx_word' id='word_1_433' title='bbox 1349 2686 1427 2729; x_wconf 84' lang='lat'><strong>21.</strong></span> <span class='ocrx_word' id='word_1_434' title='bbox 1478 2682 1748 2729; x_wconf 84' lang='lat' dir='ltr'><strong>testificans</strong></span> <span class='ocrx_word' id='word_1_435' title='bbox 1784 2676 1998 2724; x_wconf 72' lang='lat' dir='ltr'><strong>Iudaeis</strong></span> <span class='ocrx_word' id='word_1_436' title='bbox 2045 2679 2191 2733; x_wconf 85' lang='lat' dir='ltr'><strong>atque</strong></span> 
     </span>
     <span class='ocr_line' id='line_1_90' title="bbox 1281 2743 2191 2801; baseline -0.012 -3"><span class='ocrx_word' id='word_1_437' title='bbox 1281 2750 1561 2798; x_wconf 87' lang='lat' dir='ltr'><strong>Gentilibus</strong></span> <span class='ocrx_word' id='word_1_438' title='bbox 1598 2750 1652 2794; x_wconf 91' lang='lat' dir='ltr'><strong>in</strong></span> <span class='ocrx_word' id='word_1_439' title='bbox 1679 2747 1842 2793; x_wconf 89' lang='lat' dir='ltr'><strong>Deum</strong></span> <span class='ocrx_word' id='word_1_440' title='bbox 1876 2743 2191 2801; x_wconf 88' lang='lat' dir='ltr'><strong>poenitenti·</strong></span> 
     </span>
     <span class='ocr_line' id='line_1_91' title="bbox 1281 2812 2194 2878; baseline -0.013 -12"><span class='ocrx_word' id='word_1_441' title='bbox 1281 2834 1377 2878; x_wconf 90' lang='lat' dir='ltr'><strong>am,</strong></span> <span class='ocrx_word' id='word_1_442' title='bbox 1392 2822 1442 2865; x_wconf 89' lang='lat' dir='ltr'><strong>et</strong></span> <span class='ocrx_word' id='word_1_443' title='bbox 1453 2818 1600 2864; x_wconf 86' lang='lat' dir='ltr'><strong>fidem</strong></span> <span class='ocrx_word' id='word_1_444' title='bbox 1613 2816 1665 2861; x_wconf 89' lang='lat' dir='ltr'><strong>in</strong></span> <span class='ocrx_word' id='word_1_445' title='bbox 1677 2812 1949 2860; x_wconf 90' lang='lat' dir='ltr'><strong>Dominum</strong></span> <span class='ocrx_word' id='word_1_446' title='bbox 1959 2812 2194 2857; x_wconf 86' lang='lat' dir='ltr'><strong>nostrum</strong></span> 
     </span>
     <span class='ocr_line' id='line_1_92' title="bbox 1281 2884 1743 2933; baseline -0.013 0"><span class='ocrx_word' id='word_1_447' title='bbox 1281 2888 1312 2933; x_wconf 85' lang='lat' dir='ltr'><strong>J</strong></span> <span class='ocrx_word' id='word_1_448' title='bbox 1315 2900 1455 2933; x_wconf 90' lang='lat' dir='ltr'><strong>esum</strong></span> <span class='ocrx_word' id='word_1_449' title='bbox 1476 2884 1743 2929; x_wconf 85' lang='lat' dir='ltr'><strong>Christum.</strong></span> 
     </span>
    </p>

    <p class='ocr_par' dir='ltr' id='par_1_27' title="bbox 1351 2944 2196 3001">
     <span class='ocr_line' id='line_1_93' title="bbox 1351 2944 2196 3001; baseline -0.014 -2"><span class='ocrx_word' id='word_1_450' title='bbox 1351 2956 1430 2999; x_wconf 85' lang='lat'><strong>22.</strong></span> <span class='ocrx_word' id='word_1_451' title='bbox 1465 2952 1534 2997; x_wconf 91' lang='lat' dir='ltr'><strong>Et</strong></span> <span class='ocrx_word' id='word_1_452' title='bbox 1577 2964 1712 2997; x_wconf 83' lang='lat' dir='ltr'><strong>nunc</strong></span> <span class='ocrx_word' id='word_1_453' title='bbox 1760 2944 1902 2993; x_wconf 85' lang='lat' dir='ltr'><strong>ecce!</strong></span> <span class='ocrx_word' id='word_1_454' title='bbox 1953 2945 2196 3001; x_wconf 84' lang='lat' dir='ltr'><strong>alligatus</strong></span> 
     </span>
    </p>
   </div>
   <div class='ocr_carea' id='block_1_14' title="bbox 1329 3060 1562 3105">
    <p class='ocr_par' dir='ltr' id='par_1_28' title="bbox 1329 3060 1562 3105">
     <span class='ocr_line' id='line_1_94' title="bbox 1329 3060 1562 3105; baseline -0.017 -5"><span class='ocrx_word' id='word_1_455' title='bbox 1329 3060 1354 3095; x_wconf 59' lang='grc' dir='ltr'><em>ἰ</em></span> <span class='ocrx_word' id='word_1_456' title='bbox 1373 3076 1407 3099; x_wconf 84' lang='lat' dir='ltr'><strong>c.</strong></span> <span class='ocrx_word' id='word_1_457' title='bbox 1426 3064 1486 3105; x_wconf 88' lang='lat'><strong>18,</strong></span> <span class='ocrx_word' id='word_1_458' title='bbox 1503 3064 1562 3097; x_wconf 85' lang='lat'><strong>21.</strong></span> 
     </span>
    </p>
   </div>
   <div class='ocr_carea' id='block_1_15' title="bbox 2332 3248 2349 3882">
    <p class='ocr_par' dir='ltr' id='par_1_29' title="bbox 2332 3248 2349 3882">
     <span class='ocr_line' id='line_1_95' title="bbox 2332 3248 2349 3882; baseline 0 0"><span class='ocrx_word' id='word_1_459' title='bbox 2332 3248 2349 3882; x_wconf 95' lang='lat' dir='ltr'><strong> </strong></span> 
     </span>
    </p>
   </div>
  </div>
 </body>
</html>
