2376 3925
860 187 1141 240 LUCAS.

1218 193 1314 240 CA
1324 191 1383 241 P.
1421 195 1503 244 16.
2018 200 2118 250 123

236 257 2128 296 -·······——-—--—-————————-—q—-————.

306 289 355 331 4.
392 288 528 346 Scio,
551 288 670 344 quid
689 290 893 349 faciam,
924 293 1005 350 ut,
1036 305 1147 337 cum
1215 293 1339 339 haec
1357 295 1634 356 Pharisaei,
1655 299 1908 355 quierant
1925 302 2066 347 avari
2075 307 2115 358 ας

236 355 434 400 amotus
454 357 604 400 fuero
626 369 657 400 a
674 356 999 418 villicatione,
1010 359 1145 404 reci-
1216 361 1268 406 et
1287 360 1580 411 deridebant
1597 364 1752 412 illum.

236 421 381 478 piant
397 434 479 467 me
498 421 554 466 in
574 422 748 468 domos
771 437 901 469 sua-s.

303 491 351 533 5.
390 489 699 540 Convocatis
728 489 896 548 itaque
930 491 1142 550 singulis

234 555 551 602 debitoribus
590 557 777 603 domini
812 559 910 618 sui,
950 559 1145 606 dicebat

232 622 431 680 primo:
474 622 725 677 Quantum
754 625 905 672 debes
937 626 1141 673 domino

230 691 383 736 meo?

300 759 347 802 6.
383 757 453 802 At
468 756 555 803 ille
576 757 727 804 dixit:
759 760 971 805 Centum
990 761 1141 806 cados

232 824 355 870 olei.
420 825 665 882 Dixitque
684 826 785 872 illi:
815 827 1000 885 Accipe
1021 841 1141 873 cau-

231 891 425 937 tionem
442 894 605 950 tuam3
628 895 680 939 et
698 893 817 940 sede
837 895 956 954 cito,
977 896 1140 941 scribe

234 958 620 1016 quinquaginta!

302 1026 349 1070 Ἰ.
379 1026 578 1072 Deinde
606 1027 695 1074 alii
723 1028 875 1075 dixit:
907 1030 986 1074 Tu
1014 1041 1139 1074 vero

234 1093 471 1148 quantum
492 1093 673 1140 debes?
690 1095 789 1149 Qui
808 1096 906 1141 ait:
930 1097 1141 1142 Centum

232 1172 383 1205 coros
428 1161 599 1207 tritici.
676 1163 763 1207 Ait
804 1162 906 1208 illi:
954 1163 1139 1220 Accipe

228 1226 429 1272 litteras
449 1230 575 1288 tuas,
598 1231 649 1274 et
668 1230 831 1276 scribe
853 1229 1137 1289 octoginta!

296 1297 347 1338 8.
382 1294 453 1338 Et
479 1295 699 1342 laudavit
737 1297 967 1344 dominus
999 1298 1137 1346 villi-

227 1375 343 1407 cum
380 1361 682 1420 iniquitatis,
730 1365 818 1421 qui
862 1366 1139 1422 prudenter

226 1428 458 1486 fecisset3
507 1429 622 1484 quia
652 1429 742 1474 filii
774 1431 924 1488 hujus
946 1435 1135 1481 saeculi

226 1495 585 1552 prudentiores
612 1497 727 1543 filiis
756 1497 883 1544 lucis
902 1499 957 1545 in
977 1513 1137 1558 gene-

226 1563 427 1608 ratione
446 1575 540 1609 sua
558 1566 690 1609 sunt.

295 1631 342 1672 9.
376 1629 445 1675 Et
472 1643 567 1688 ego
599 1631 743 1676 vobis
767 1629 905 1677 dico:
937 1632 1137 1678 facitem

228 1696 372 1742 vobis
402 1699 592 1743 amicos
628 1698 688 1742 de
717 1711 1001 1744 mammona
1033 1699 1135 1745 ini-

226 1763 429 1819 quitatis
446 1777 460 1820 ;
490 1765 571 1821 ut,
594 1777 707 1808 cum
726 1763 1031 1823 defeceritis,
1050 1779 1137 1812 re-

225 1831 449 1888 cipiantn
479 1843 573 1876 vos
600 1831 655 1876 in
674 1833 883 1878 aeterna
900 1834 1138 1878 taberna-

224 1897 355 1945 cula.

291 1969 373 2013 10.
411 1966 512 2021 Qui
530 1966 690 2013 fidelis
704 1970 725 1996 ⁰
738 1968 815 2013 est
832 1967 886 2013 in
903 1968 1133 2028 minimo,

224 2038 277 2080 et
292 2036 347 2080 in
367 2034 551 2091 maJ‘ori
579 2034 739 2079 fidelis
770 2038 873 2092 est3
908 2038 960 2081 et
976 2037 1061 2093 qui
1080 2038 1135 2082 in

222 2102 423 2148 modico
444 2102 645 2158 iniquus
666 2103 769 2161 est,
804 2106 856 2149 et
872 2103 927 2148 in
949 2103 1135 2161 majori

223 2170 424 2225 iniquus
446 2172 539 2215 est.

291 2238 373 2281 11.
410 2237 465 2283 Si
486 2250 608 2294 ergo
628 2236 683 2281 in
700 2236 876 2293 iniquo
888 2251 1130 2285 mammo-

220 2317 292 2349 na
317 2304 488 2351 fideles
519 2316 626 2349 non
652 2304 847 2363 fuistis,
880 2305 1015 2361 quod
1042 2319 1130 2352 ve-

220 2385 337 2417 rum
356 2375 447 2429 est,
470 2371 581 2427 quis
602 2372 774 2417 credet
794 2373 970 2418 vobis?

291 2440 373 2484 12.
404 2438 474 2485 Et
490 2438 539 2485 si
554 2439 607 2484 in
628 2438 797 2485 alieno
832 2440 1003 2486 fideles
1022 2454 1127 2485 non

216 2506 419 2562 fuistis3
457 2506 592 2562 quod
623 2508 846 2552 vestrum
874 2510 977 2566 est,
1018 2508 1129 2565 quis

220 2574 361 2620 dabit
382 2574 555 2619 vobis?

292 2642 375 2685 13.
407 2641 564 2686 Nemo
575 2646 608 2683 Ρ
620 2653 797 2687 servus
816 2643 987 2698 potest
1000 2641 1128 2687 duo-

219 2710 316 2754 bus
356 2707 565 2753 dominis
603 2708 824 2766 servire3
869 2711 956 2754 aut
994 2710 1127 2755 enim

212 2788 375 2822 unum
405 2775 564 2833 odiet,
598 2777 650 2820 et
677 2774 891 2821 alterum
922 2776 1123 2833 diliget3

214 2844 310 2889 aut
343 2842 433 2887 uni
468 2842 785 2901 adhaerebit,
826 2844 877 2888 et
912 2843 1126 2889 alterum

216 2911 511 2957 contemnet
523 2924 538 2967 3
550 2922 659 2955 non
668 2909 1000 2966 potestisDeo
1013 2924 1123 2956 ser-

215 2978 326 3024 vire
347 2981 398 3023 et
414 2990 746 3022 mammonae.

284 3046 366 3091 14.
411 3044 698 3091 Audiebant
752 3044 921 3090 autem
956 3045 1124 3090 omnia

262 3160 294 3179 ’⁸
313 3166 348 3189 e.
366 3158 429 3195 19,
448 3156 486 3191 8.
534 3160 558 3179 ’ὓ
575 3152 721 3190 Manli.
738 3155 775 3195 6,
794 3156 854 3190 20.

211 3208 235 3235 r
256 3198 403 3237 Matth.
419 3203 458 3242 6,
477 3201 540 3235 24.

906 3157 925 3177 ⁰
942 3164 977 3188 c.
992 3156 1053 3195 19,
1065 3158 1121 3190 17.

330 3348 447 3403 Cap.
479 3343 611 3389 XVI.
669 3350 710 3389 7.
742 3346 833 3390 alio

1281 430 1361 474 15.
1395 429 1467 475 Et
1483 431 1556 476 ait
1571 432 1696 479 illis:
1732 435 1838 480 Vos
1859 436 2008 494 estis,
2031 435 2117 492 qui

1209 495 1229 551 j
1237 495 1528 543 ustificatis'
1562 511 1656 544 vos
1693 514 1863 548 coram
1893 503 2113 548 homini-

1210 559 1306 608 bus
1321 578 1334 620 3
1347 563 1484 609 Deus
1503 567 1672 612 autem
1689 569 1832 612 novit
1851 569 2004 614 corda
2025 582 2113 616 ve-

1211 631 1340 688 stra,
1361 630 1493 690 quia,
1506 633 1643 689 quod
1660 634 1942 680 hominibus
1961 636 2115 682 altum

1213 699 1305 756 est,
1325 699 1633 746 abominatio
1656 703 1734 747 est
1753 705 1868 747 ante
1887 703 2064 748 Deum.

1277 782 1358 826 16.
1391 781 1534 829 Lex-⁹
1553 787 1603 830 et
1619 785 1925 844 prophetae,
1955 799 2113 842 usque

1211 847 1273 892 ad
1291 850 1569 908 Joannem3
1599 865 1667 899 ex
1695 865 1756 898 eo
1785 866 1999 910 regnum
2017 854 2115 899 Dei

1211 917 1614 978 evangelizatur,
1645 921 1697 964 et
1725 921 1888 966 omnis
1916 920 1971 966 in
1989 920 2115 966 illud

1211 982 1313 1028 vim
1330 984 1469 1030 facit.

1275 1052 1355 1096 17.
1375 1052 1596 1099 Facilius
1609 1053 1714 1100 ‘est
1731 1057 1897 1101 autem
1917 1055 2114 1101 coelum

1209 1120 1260 1163 et
1295 1121 1482 1164 terram
1517 1122 1823 1181 praeterire,
1869 1135 2016 1179 quam
2053 1122 2112 1168 de

1207 1186 1344 1242 Lege
1366 1201 1522 1232 unum
1540 1189 1734 1245 apicem
1753 1189 1948 1235 cadere.

1275 1271 1355 1314 18.
1393 1271 1628 1329 omnisu,
1657 1273 1742 1328 qui
1762 1272 1963 1318 dimittit
1978 1287 2112 1320 uxo-

1207 1349 1314 1382 rem
1333 1349 1492 1396 suam,
1507 1340 1558 1384 et
1576 1338 1784 1384 alteram
1805 1339 1955 1398 ducit,
1969 1353 2111 1386 moe-

1209 1405 1410 1462 chatur;
1450 1407 1502 1450 et
1537 1406 1624 1462 qui
1663 1406 1916 1453 dimissam
1941 1421 1970 1452 a
1999 1407 2111 1453 viro

1207 1471 1358 1530 ducit,
1379 1473 1688 1519 moechatur.

1273 1541 1352 1584 19.
1388 1540 1554 1586 Homo
1589 1541 1790 1598 quidam
1821 1545 1932 1588 erat
1951 1542 2110 1601 dives,

1206 1607 1291 1662 qui
1309 1606 1608 1654 induebatur
1627 1621 1850 1666 purpura
1869 1611 1920 1654 et
1938 1612 2109 1668 bysso;

1206 1676 1257 1718 et
1276 1673 1570 1730 epulabatur
1589 1675 1813 1731 quotidie
1833 1676 2110 1734 splendide.

1273 1757 1351 1800 20.
1387 1757 1456 1802 Et
1485 1760 1594 1802 erat
1611 1757 1810 1814 quidam
1834 1759 2110 1818 mendicus,

1206 1822 1412 1868 nomine
1436 1825 1684 1880 Lazarus,
1713 1825 1800 1880 qui
1823 1825 2023 1882 J'acebat
2050 1826 2113 1871 ad

1201 1889 1410 1947 Januam
1429 1891 1558 1949 ejus,
1578 1890 1832 1937 ulceribus
1852 1893 2049 1951 plenus,

1273 1958 1352 2003 21.
1391 1957 1598 2017 cupiens
1619 1959 1837 2005 saturari
1863 1959 1922 2005 de
1949 1959 2109 2019 micis,

1206 2038 1332 2081 quae
1353 2026 1599 2071 cadebant
1627 2026 1688 2072 de
1715 2040 1890 2073 mensa
1921 2027 2105 2086 divitis,

1205 2096 1254 2137 et
1281 2106 1430 2139 nemo
1461 2093 1538 2139 illi
1564 2094 1735 2151 dabat,
1767 2095 1858 2141 sed
1878 2098 1929 2141 et
1957 2108 2106 2141 canes

1204 2160 1499 2221 veniebant,
1547 2164 1599 2207 et
1634 2161 1896 2221 lingebant
1933 2163 2108 2209 ulcera

1203 2242 1328 2285 ejus·

1269 2298 1348 2341 22.
1369 2296 1578 2342 Factum
1591 2298 1668 2342 est
1685 2300 1852 2343 autem
1868 2299 1924 2343 ut
1933 2311 2105 2343 more-

1199 2364 1340 2408 retur
1358 2364 1618 2410 mendicus
1630 2395 1644 2423 ,
1667 2366 1718 2410 et
1736 2367 2024 2421 portaretur
2043 2367 2103 2410 ab

1199 2430 1408 2488 Angelis
1421 2432 1471 2476 in
1485 2432 1939 2477 sinuvabrahae.
1959 2434 2103 2476 Mor-

1199 2500 1313 2542 tuus
1335 2500 1411 2543 est
1429 2502 1594 2543 autem
1615 2502 1666 2543 et
1687 2498 1843 2556 dives,
1864 2500 1914 2543 et
1932 2497 2102 2555 sepul-

1197 2567 1277 2610 tus
1304 2567 1380 2611 est
1400 2566 1452 2610 in
1470 2565 1692 2611 inferno.

1265 2633 1346 2677 23.
1398 2632 1622 2678 Elevans
1683 2633 1852 2677 autem
1923 2632 2098 2679 oculos

1197 2713 1334 2758 suos,
1361 2714 1472 2745 cum
1491 2701 1626 2745 esset
1644 2700 1700 2743 in
1719 2699 1999 2759 tormentis,
2025 2702 2100 2747 vi-

1198 2767 1268 2812 dit
1285 2768 1536 2813 Abraham
1555 2780 1584 2811 a
1602 2765 1778 2824 longe,
1797 2767 2101 2814 etLazarum

1195 2834 1250 2878 in
1271 2834 1385 2879 sinu
1406 2834 1544 2889 ejus3

1262 2902 1342 2943 24.
1381 2902 1431 2944 et
1451 2900 1558 2955 ipse
1579 2897 1798 2945 clamans
1819 2900 1969 2948 dixit:
2001 2904 2097 2948 Pa-

1195 2970 1273 3011 ter
1307 2964 1580 3012 Abraham!
1619 2967 1860 3015 miserere
1890 2971 2016 3028 mei,
2049 2973 2100 3015 et

1241 3069 1256 3095 9
1275 3060 1420 3097 Manli.
1448 3064 1507 3103 23,
1536 3064 1595 3099 14.
1621 3065 1680 3100 25.
1743 3070 1762 3089 ’'
1780 3064 1924 3103 Matth.
1951 3070 2010 3107 23,
2039 3068 2095 3101 27.

1194 3114 1208 3132 ³
1225 3108 1372 3143 „Mattln
1408 3112 1466 3150 11,
1503 3112 1562 3145 12.
1598 3113 1655 3147 13.
1747 3114 1766 3137 ¹*
1783 3112 1928 3147 Matth.
1966 3115 2003 3152 5,
2039 3114 2098 3147 18.

1195 3162 1216 3179 ¹⁴
1232 3153 1377 3189 Matth.
1397 3158 1432 3194 5,
1452 3158 1509 3193 32.
1558 3160 1618 3199 19,
1637 3160 1672 3193 7.
1691 3167 1776 3204 sqq.
1825 3158 1950 3193 Marc.
1970 3160 2038 3201 10,
2057 3160 2095 3193 4.

1195 3211 1282 3247 sqq.
1311 3205 1334 3237 1
1354 3200 1445 3251 Cor„
1465 3206 1501 3245 7,
1521 3206 1579 3239 10.
1625 3210 1647 3228 ⁹
1666 3202 1716 3240 cs.
1736 3216 1769 3241 c.
1789 3208 1848 3245 13,
1867 3207 1925 3241 28.

864 3348 997 3403 (sic);
1026 3348 1135 3391 ibid.
1164 3353 1339 3390 eentum
1371 3349 1544 3392 choros.
1603 3352 1643 3393 9.
1675 3364 1890 3393 mamona.
1949 3356 2015 3393 11.
2047 3354 2096 3395 in

212 3404 369 3456 iniquo
388 3404 652 3453 Mamonae3
671 3402 777 3446 ibid.
808 3406 907 3459 quis
934 3405 1091 3446 credit.
1150 3406 1216 3444 13.
1250 3406 1499 3447 Mamonae.
1562 3409 1627 3448 18.
1660 3411 1706 3447 et
1735 3406 1857 3447 ducit
1891 3404 2094 3451 alteram.

218 3461 283 3501 19.
313 3465 359 3502 et
378 3458 663 3501 induebatur.
741 3464 809 3501 21.
844 3458 995 3504 omiu.
1028 3464 1075 3502 et
1100 3472 1229 3503 nemo
1257 3458 1329 3503 illi
1357 3460 1510 3504 dabat.
1582 3464 1650 3503 23.
1689 3460 1897 3509 videbat3
1917 3458 2027 3507 ibid.
2048 3466 2095 3507 in

216 3516 359 3557 sinum
383 3515 499 3567 ejus.
