2376 3925
328 203 426 252 312
529 200 755 252 EPIST.
791 201 1004 252 PAULI
1039 201 1134 251 AD
1170 198 1707 251 PHILIPPENSES.
1748 199 1897 250 CAP.
1923 203 1968 249 1.
1994 205 2043 250 2.

331 304 662 351 abundantius
681 303 928 349 auderent
945 304 1055 350 sine
1073 303 1230 348 timo-
1300 303 1443 348 vobis
1456 333 1471 360 ‚
1492 302 1555 347 ad
1574 303 1859 358 profectum
1876 307 2102 350 vestrum
2114 336 2131 363 ,
2163 310 2219 351 et

328 385 386 417 re
411 373 614 417 verbum
633 370 730 416 Dei
751 371 906 426 loqui.
1302 369 1534 427 gaudium
1553 368 1695 426 fidei3

1368 438 1446 481 26.
1484 438 1538 481 ut
1557 436 1829 493 gratulatio
1852 440 2021 482 vestra
2043 441 2213 484 abun-

1302 503 1384 549 det
1414 503 1467 548 in
1496 504 1696 548 Christo
1726 504 1851 550 Jesu
1879 504 1933 549 in
1968 519 2074 563 me,
2116 520 2212 563 per

399 439 477 482 15.
506 438 718 490 Quidam
738 438 936 495 quidem
956 440 1007 483 et
1025 439 1233 495 propter

331 505 570 550 invidiam
590 507 640 550 et
660 495 1082 551 contentionems
1093 519 1106 561 ;
1121 504 1233 560 qui-

333 573 444 617 dam
463 579 630 618 autem
649 575 700 618 et
719 576 925 630 propter
943 574 1124 616 bonam
1138 583 1233 615 vo-

330 639 575 686 luntatem
596 640 845 685 Christum
864 639 1178 695 praedicant3

399 709 480 752 16.
501 707 698 764 quidam
709 720 776 752 ex
795 705 1052 763 charitate,
1066 705 1233 750 scien-

331 777 408 820 tes
422 805 436 833 ,
491 775 726 831 quoniam
778 773 832 817 in
886 772 1235 818 defensionem

330 841 601 899 Evangelii
621 839 813 896 positus
837 852 960 884 sum.

401 910 480 954 17.
519 907 730 959 Quidam
749 908 914 950 autem
934 919 999 951 ex
1021 910 1234 951 conten-

331 977 472 1020 tione
504 974 752 1018 Christum
781 973 1093 1018 annunciant
1127 986 1235 1017 non

333 1043 576 1099 sincere-5,
590 1039 934 1085 existimantes
948 1053 1235 1096 pressuram

331 1122 386 1154 se
407 1108 649 1153 suscitare
671 1106 884 1152 vinculis
903 1107 1027 1152 meis
1039 1099 1082 1151 7².

399 1177 478 1220 18.
503 1174 632 1227 Quid
654 1175 818 1219 enim?
840 1173 954 1218 dum
975 1174 1111 1218 omni
1121 1186 1235 1218 mo-

332 1243 414 1290 do.
435 1243 543 1288 sive
563 1255 654 1299 per
674 1241 1011 1299 occasionem,
1025 1242 1132 1287 sive
1144 1253 1235 1298 per

335 1312 612 1368 veritatem,
629 1309 855 1354 Christus
870 1309 1232 1363 annuncietur3

332 1381 382 1422 et
403 1378 454 1422 in
474 1378 570 1422 hoc
590 1376 804 1433 gaudeo,
817 1376 907 1420 sed
921 1379 972 1420 et
990 1375 1234 1433 gaudebo.

399 1463 478 1505 19.
518 1459 634 1505 Scio
666 1459 824 1515 enim,
853 1459 970 1514 quia
997 1459 1094 1504 hoc
1113 1458 1236 1504 mihi

330 1526 602 1586 proveniet
637 1525 698 1570 ad
739 1525 973 1583 salutem,
1012 1539 1104 1582 per
1142 1539 1234 1571 ve-

330 1600 486 1640 stram
525 1593 804 1637 orationem
818 1586 852 1650 ί,
902 1595 954 1636 et
989 1593 1232 1638 submini-

331 1661 626 1707 strationem
650 1659 866 1716 Spiritus
886 1660 916 1703 J
921 1673 1008 1704 esu
1031 1660 1232 1705 Christi.

397 1747 478 1790 20.
503 1743 784 1790 Secundum
804 1744 1233 1801 exspectationem

331 1818 381 1859 et
399 1827 538 1870 spem
555 1825 732 1870 meam,
746 1811 861 1868 quia
879 1811 1085 1857 innullo
1108 1825 1233 1857 con·

329 1881 537 1936 fundar3
560 1879 648 1925 sed
666 1881 720 1925 in
741 1879 878 1926 omni
896 1879 1091 1936 fiducia,
1105 1879 1235 1925 sicut

330 1960 554 2005 semper,
587 1950 637 1993 et
665 1960 799 1993 nnnc
834 1946 1233 2005 magnificabitur

331 2014 556 2059 Christus
595 2015 648 2058 in
687 2027 904 2070 corpore
939 2026 1053 2058 meo
1070 2043 1084 2072 ,
1123 2013 1232 2058 sive

329 2094 420 2136 per
443 2082 591 2125 vitam
602 2072 641 2136 ι’,
663 2080 771 2124 sive
791 2092 882 2135 per
901 2082 1115 2123 mortem
1126 2071 1157 2124 ¹.

396 2164 476 2206 21.
513 2162 638 2205 Mihi
657 2161 790 2207 enim
811 2160 984 2206 vivere
1004 2160 1231 2207 Christus

332 2234 473 2285 estm,
495 2230 546 2273 et
563 2228 693 2271 mori
713 2227 906 2272 lucrum
915 2232 956 2272 ²⁸.

399 2297 476 2339 22.
516 2294 662 2347 Quod
699 2294 742 2339 si
782 2293 953 2340 vivere
993 2294 1046 2339 in
1077 2308 1232 2342 carne

328 2364 408 2409 hic
445 2362 566 2408 mihi
602 2363 794 2407 fructus
831 2361 1003 2418 operis
1041 2365 1142 2420 est,
1181 2366 1233 2409 et

327 2431 444 2487 quid
464 2430 663 2489 eligam,
685 2429 887 2487 ignoro.

394 2500 473 2543 23.
512 2500 756 2543 coarctor
777 2500 944 2543 autem
963 2510 990 2543 e
1011 2497 1231 2555 duobus3

329 2566 630 2611 desiderium
665 2566 856 2612 habens
903 2565 1140 2622 dissolvi,
1181 2568 1232 2611 et

328 2647 439 2679 esse
477 2647 588 2679 cum
622 2632 840 2690 Christo,
877 2631 1034 2677 multo
1073 2633 1231 2689 magis

326 2700 534 2757 melius;

398 2768 475 2810 24.
504 2779 798 2823 permanere
818 2768 981 2811 autem
1003 2765 1056 2810 in
1077 2778 1231 2811 carne

331 2834 670 2879 necessarium
689 2836 896 2890 propter
915 2846 1025 2878 vos.
1065 2845 1073 2855 ·

396 2900 474 2943 25.
495 2898 560 2945 Et
580 2899 674 2944 hoc
695 2900 950 2946 confidens
971 2899 1095 2959 scio,
1114 2900 1231 2956 quia

327 2967 540 3011 manebo
579 2969 630 3011 et
656 2970 958 3023 permanebo
999 2968 1231 3014 omnibus

372 3071 398 3104 f
414 3072 506 3109 Act.
524 3074 591 3113 28,
611 3076 668 3109 29.
705 3073 818 3111 Rom.
838 3078 905 3118 16,
933 3080 990 3113 17.
1037 3082 1062 3111 ε
1081 3075 1169 3112 Gal.
1187 3079 1227 3117 6,

326 3123 383 3157 12.
431 3117 450 3144 '²
469 3120 560 3155 Act.
578 3122 646 3160 21,
661 3123 721 3155 27.
744 3131 828 3167 sqq.
854 3125 924 3162 22,
952 3124 1011 3158 22.
1058 3119 1073 3148 ⁸¹
1092 3127 1116 3157 2
1135 3123 1229 3157 Cor.

326 3172 369 3207 1,
396 3170 453 3201 10.
483 3169 542 3201 11.
591 3162 650 3199 ²⁶2
671 3164 760 3200 Cor.
778 3172 826 3207 4,
857 3172 916 3203 10.
942 3172 1000 3204 11.
1048 3168 1062 3194 1
1080 3168 1172 3204 Act.
1192 3172 1229 3211 7,

325 3216 385 3249 ⁵⁵·
404 3215 464 3249 ⁵8·
483 3216 543 3249 ⁵⁹0
589 3218 620 3237 m
639 3211 731 3247 Gal·
749 3216 787 3254 2,
804 3216 863 3249 2⁰·
911 3220 932 3239 η
951 3212 1003 3250 05·
1020 3227 1061 3250 V·
1081 3219 1140 3252 23-

1298 584 1465 616 meum
1484 571 1748 616 adventum
1770 571 1951 616 iterum
1971 572 2033 616 ad
2055 586 2165 618 vos.

1368 639 1447 682 27.
1486 639 1699 682 Tantum
1740 638 1893 695 digne
1920 638 2209 698 Evangelio

1303 703 1491 771 Christi
1538 705 1940 762 conversamini3
1994 709 2049 751 ut
2094 708 2208 752 sive

1303 785 1412 816 cum
1442 785 1631 817 venero
1664 775 1713 817 et
1747 772 1923 817 videro
1948 786 2062 831 vos,
2098 775 2207 820 sive

1301 841 1499 896 absens,
1513 838 1709 883 audiam
1719 839 1779 884 de
1791 839 1953 898 vobis,
1967 841 2082 896 quia
2100 845 2205 886 sta-

1300 905 1364 949 tis
1385 905 1438 950 in
1456 919 1559 950 uno
1581 906 1761 962 spiritu
1782 906 2042 952 unanimes
2058 938 2072 964 ,
2095 908 2203 954 col-

1300 972 1588 1018 laborantes
1608 973 1722 1018 fidei
1742 973 2030 1030 Evangelii,

1368 1041 1448 1083 28.
1486 1042 1537 1084 et
1562 1039 1617 1084 in
1644 1039 1786 1084 nullo
1824 1041 2115 1087 terreamini
2144 1047 2205 1088 ab

1302 1105 1633 1163 adversariis3
1664 1119 1791 1163 quae
1819 1106 1916 1152 illis
1944 1110 2019 1152 est
2046 1122 2208 1156 causa

1300 1173 1623 1230 perditionis,
1656 1174 1797 1220 vobis
1826 1176 1987 1219 autem
2004 1175 2205 1236 salutis,

1302 1242 1353 1285 et
1370 1241 1467 1286 hoc
1490 1253 1519 1284 a
1537 1240 1647 1285 Deo
1663 1254 1677 1298 ;

1367 1308 1447 1352 29.
1493 1307 1610 1362 quia
1654 1307 1797 1353 vobis
1845 1308 2079 1355 donatum
2126 1315 2207 1357 est

1300 1387 1394 1430 pro
1436 1374 1653 1432 Christo,
1692 1387 1798 1419 non
1836 1376 2016 1435 solum,
2056 1381 2111 1422 ut
2153 1380 2205 1424 in

1302 1454 1414 1485 eum
1443 1441 1685 1499 credatis,
1726 1441 1814 1487 sed
1850 1446 1906 1489 ut
1934 1444 2083 1489 etiam
2110 1459 2203 1502 pro

1301 1507 1392 1552 illo
1412 1508 1696 1565 patiamini;

1368 1576 1447 1620 3⁰.
1484 1575 1615 1620 idem
1656 1577 1911 1621 certamen
1946 1577 2201 1636 habentes,

1302 1641 1447 1698 quale
1469 1646 1519 1688 et
1539 1641 1733 1688 vidistis
1761 1644 1817 1688 in
1834 1657 1915 1689 me
1928 1649 1968 1703 ⁰,
2000 1649 2051 1690 et
2068 1659 2196 1691 nunc

1302 1708 1509 1755 audistis
1531 1710 1590 1755 de
1609 1723 1705 1755 me.

1601 1820 1770 1870 CAP.
1834 1821 1903 1870 11.

1300 1901 1523 1944 Hortatur
1541 1902 1599 1942 ad
1620 1907 1816 1944 mutuum
1830 1915 2041 1945 amorem.
2074 1903 2197 1944 Chri-

1301 1959 1357 2000 sti
1379 1959 1557 2000 nomine
1576 1959 1776 2001 flectitur
1794 1972 1923 2001 omne
1942 1973 2070 2011 genu.
2099 1957 2197 2001 Non

1300 2014 1395 2055 sine
1413 2016 1572 2056 timore
1602 2013 1725 2056 salus
1754 2016 1954 2056 curanda
1974 2021 2059 2057 est.
2117 2016 2197 2057 Ti-

1300 2068 1467 2111 mothei
1505 2074 1553 2111 et
1589 2069 1897 2123 Epaphroditi
1926 2070 2088 2114 landes
2122 2073 2195 2112 sd-

1618 2125 1879 2177 junguntur-

1367 2201 1413 2243 1.
1452 2200 1507 2245 Si
1537 2214 1636 2257 qua
1672 2214 1796 2258 ergo
1831 2203 2114 2248 consolatio
2146 2205 2195 2248 in

1301 2267 1501 2313 Christo
1515 2298 1530 2325 ,
1564 2268 1761 2324 siquod
1780 2269 2018 2315 solatium
2038 2271 2194 2316 chari-

1299 2334 1441 2392 tatis,
1474 2334 1517 2379 si
1546 2348 1643 2391 qua
1662 2336 1877 2381 societas
1907 2337 2139 2395 spiritus,
2158 2338 2195 2382 si

1299 2414 1395 2457 qua
1418 2402 1615 2447 viscera
1632 2402 2003 2461 miserationis3

1365 2471 1411 2513 2.
1449 2469 1653 2526 implete
1675 2470 1909 2527 gaudium
1928 2485 2118 2529 meum,
2146 2476 2195 2515 ut

1298 2536 1429 2582 idem
1459 2536 1694 2595 sapiatis,
1726 2537 1953 2583 eamdem
1984 2538 2193 2585 charita-

1296 2606 1397 2649 tem
1415 2604 1676 2662 habentes,
1690 2604 1968 2664 unanimes,
1980 2606 2033 2650 id
2044 2606 2193 2663 ipsum

1298 2670 1598 2729 sentientes,-

1365 2739 1411 2783 3.
1446 2738 1572 2783 nihil
1594 2751 1684 2795 per
1699 2738 2094 2798 contentionem,
2106 2753 2193 2785 ne-

1298 2817 1393 2860 que
1426 2819 1517 2861 per
1546 2805 1747 2850 inanem
1766 2805 2011 2863 gloriam3
2042 2806 2192 2852 sedin

1296 2871 1575 2917 humilitate
1606 2872 1896 2929 superiores
1935 2873 2033 2919 sibi
2066 2874 2195 2918 invi-

1298 2953 1405 2985 cem
1426 2938 1725 2984 arbitrantes
1739 2945 1789 2997 Ρ,

1362 3008 1410 3050 4.
1446 3018 1551 3050 non
1582 3019 1708 3062 quae
1738 3018 1829 3051 sua
1858 3010 1977 3053 sunt
2012 3006 2196 3065 singuli

1298 3072 1693 3131 considerantes,
1714 3072 1802 3119 sed
1820 3086 1899 3133 ea,
1922 3087 2051 3132 quae
2070 3074 2195 3119 alio-

1296 3152 1422 3191 rum.

1343 3222 1359 3240 ο
1376 3214 1470 3251 Act.
1489 3218 1548 3258 16,
1567 3220 1623 3253 19.
1643 3227 1725 3264 sqq.
1772 3223 1796 3248 s»
1816 3209 1967 3254 Μιιιιιέ
1983 3220 2046 3259 20,
2066 3218 2197 3255 cae?-

440 3357 554 3410 Cap.
584 3356 653 3399 1.·
686 3360 752 3398 17.
785 3371 1080 3410 praessuram.
1139 3366 1207 3403 21.
1240 3360 1349 3404 mihi
1367 3363 1518 3406 vivere
1540 3364 1673 3405 enim.
1732 3368 1799 3407 23.
1832 3369 1997 3408 etcum
2018 3366 2194 3408 Clu-isto

327 3424 441 3453 esse.
499 3416 570 3453 24.
599 3414 896 3454 necessarium
927 3420 996 3457 est
1023 3422 1210 3471 propter
1235 3430 1328 3458 vos.
1388 3420 1455 3459 27.
1489 3418 1767 3470 evangelium
1798 3420 1989 3476 (sicpro
2010 3433 2195 3471 evange-

327 3464 430 3519 lio).
491 3471 560 3509 28.
592 3479 702 3521 quae
723 3476 794 3509 est
813 3467 921 3511 illis.

329 3520 514 3563 animes.
576 3526 616 3565 4.
639 3522 718 3564 sed
740 3528 787 3565 et
807 3537 873 3565 ea.

1006 3470 1067 3512 11.
1130 3476 1168 3512 1.
1202 3474 1240 3513 si
1260 3472 1369 3525 quid
1388 3474 1562 3517 viscera
1582 3480 1628 3517 e't
1648 3476 1973 3520 miserationes.
2033 3482 2076 3519 2.
2108 3475 2194 3517 uni-
