2376 3925
318 160 417 208 2⁰4

388 263 466 305 33.
505 261 779 306 Confestim
793 272 915 316 ergo
935 257 1051 303 misi
1063 256 1125 301 ad
1142 259 1219 312 te;

320 332 372 372 et
384 333 438 372 tu
450 331 576 372 bene
586 327 753 372 fecisti
766 325 1030 371 veniendo.
1076 324 1221 368 Nunc

313 408 445 452 -ergo
468 407 641 439 omnes
660 407 755 438 nos
775 393 829 438 in
842 393 1115 449 conspectu
1132 392 1220 435 tuo

323 462 579 518 adsumus,
619 459 791 505 audire
830 459 1026 516 omnia,
1066 471 1220 514 quae-

322 541 529 584 cumque
576 527 667 573 tibi
716 529 983 584 praecepta
1033 527 1150 570 sunt
1194 537 1225 569 a

319 595 555 640 Domino.

390 664 467 706 34.
503 661 749 718 Aperiens
778 663 945 706 autem
962 661 1142 705 Petrus
1163 671 1222 704 os

315 743 479 787 suum,
502 729 652 774 dixit:
672 730 731 772 In
746 728 957 772 veritate
980 726 1220 784 comperi,

322 797 439 852 quia
471 809 576 840 non
606 797 683 840 est
710 807 1043 850 personarum
1072 806 1221 839 acce-

321 867 435 920 ptor
454 863 607 919 Deus,

388 931 465 974 35.
502 929 589 974 sed
607 928 662 972 in
682 929 818 974 omni
838 930 1014 987 gente,
1042 928 1127 984 qui
1152 927 1220 972 ti-

319 1001 420 1042 met
448 1010 583 1053 eum,
612 996 664 1039 et
691 998 929 1052 operatur
956 995 1221 1054 J‘ustitiam,

322 1065 553 1120 acceptus
575 1064 652 1107 est
670 1061 745 1106 iui
754 1070 793 1107 a.

390 1127 469 1176 36.
505 1130 725 1174 Verbum
758 1128 897 1174 misit
930 1129 1068 1175 Deus
1104 1128 1221 1174 filiis

320 1197 495 1255 Israel,
508 1196 821 1242 annuncians
840 1210 1014 1254 pacem
1032 1209 1123 1254 per
1132 1197 1163 1240 J
1166 1211 1224 1242 e-

320 1278 431 1309 sum
452 1263 727 1320 Christum;
768 1264 871 1323 (hic
899 1268 977 1310 est
1002 1264 1224 1309 omnium

320 1330 606 1389 Dominus.)

390 1400 469 1442 37.
504 1400 609 1442 Vos
629 1398 785 1457 scitis,
799 1397 932 1454 quod
950 1400 1135 1444 factum
1147 1399 1224 1443 est

321 1467 527 1509 verbum
545 1477 637 1520 per
654 1465 941 1510 universam
953 1465 1220 1520 Iudaeam3

320 1531 566 1587 incipiens
605 1531 737 1576 enim
765 1544 795 1575 a
824 1531 1076 1590 Galilaea,
1107 1535 1223 1588 post

315 1597 631 1656 baptismum,
653 1597 784 1653 quod
803 1598 1113 1654 praedicavit
1128 1599 1159 1643 J
1162 1612 1223 1643 o-

324 1678 499 1723 annes,

388 1733 467 1777 38.
486 1733 517 1777 J
520 1745 657 1778 esum
674 1733 966 1778 aNazareth
978 1747 993 1790 ς
1007 1747 1222 1790 quomo-

320 1800 384 1844 do
414 1799 563 1845 unxit
586 1813 700 1846 eum
726 1801 862 1845 Deus
885 1801 1075 1858 Spiritu
1104 1815 1224 1846 san-

322 1872 421 1926 cto,
462 1870 513 1912 et
538 1867 750 1926 virtute,
789 1869 873 1924 qui
900 1861 1225 1925 pertransiitb

320 1935 683 1981 benefaciendo
712 1936 763 1981 et
792 1935 1018 1981 sanando
1048 1949 1224 1982 omnes

321 2014 593 2058 oppressos
638 2014 669 2045 a
706 2001 907 2047 diabolo
919 2033 935 2060 ,
987 2004 1225 2058 quoniam

317 2068 455 2112 Deus
476 2071 585 2113 erat
604 2081 715 2112 cum
734 2067 841 2112 illo.

388 2142 465 2185 39.
489 2141 557 2185 Et
574 2154 669 2185 nos
688 2142 843 2187 testes
864 2155 1031 2187 sumus
1056 2142 1222 2187 omni-

316 2220 417 2263 um,
430 2219 556 2262 quae
568 2206 689 2252 fecit
707 2207 760 2251 in
772 2210 984 2266 regione
996 2210 1027 2253 J
1031 2209 1221 2255 udaeo-

317 2287 445 2332 rum,
470 2276 520 2318 et
536 2273 827 2333 Ierusalem,
849 2289 996 2331 quem
1018 2275 1220 2323 occide-

317 2344 437 2387 runt
451 2340 818 2398 suspendentes
838 2342 893 2388 in
909 2342 1069 2400 ligno.

386 2427 467 2471 40.
501 2426 648 2471 Hunc
666 2425 804 2471 Deus
825 2427 1087 2474 suscitavit
1104 2430 1223 2474 ‚ter-

319 2493 391 2537 tia
411 2493 489 2539 die
503 2524 517 2551 ,
550 2495 599 2539 et
619 2493 754 2539 dedit
773 2508 886 2540 eum
902 2495 1226 2542 manifestum

320 2561 446 2618 fleri,

387 2630 467 2672 41.
504 2642 610 2673 non
632 2627 767 2673 omni
787 2628 975 2685 populo
986 2636 1024 2688 ⁰,
1037 2630 1125 2675 sed
1142 2631 1224 2675 te·-

320 2693 477 2740 stibus
491 2688 519 2723 ‘¹
537 2694 905 2753 praeordinatis
926 2708 956 2741 a
973 2697 1103 2755 Deo,
1124 2710 1224 2741 no-

320 2759 414 2817 bis,
453 2762 537 2817 qui
574 2763 981 2809 manducavimus
1012 2765 1064 2808 et
1092 2762 1224 2809 bibi·-

318 2840 427 2871 mus
449 2842 559 2873 cum
588 2830 677 2874 illo
690 2836 727 2888 θ,
758 2832 1022 2888 postquam
1047 2834 1223 2877 re‘sur-

317 2893 454 2939 rexit
474 2908 502 2938 a
519 2897 745 2942 mortuis.

366 3019 387 3035 ⁸
405 3022 442 3046 v,
464 3014 631 3048 11—16.
660 3024 691 3047 c.
718 3014 765 3053 4,
794 3017 853 3050 12.
898 3013 915 3039 ὃ
933 3013 1076 3051 Matth.
1094 3017 1139 3055 9,
1156 3014 1220 3051 35.

318 3057 523 3143 {gozi-14,
543 3060 601 3092 22.
650 3057 670 3083 ἅ
687 3056 777 3094 Joh.
796 3063 857 3101 20,
874 3063 933 3096 26.
954 3071 1039 3107 sqq.
1087 3067 1103 3085 2
1120 3059 1221 3095 Luc.

438 3250 551 3304 Cap.
584 3248 647 3289 X.

566 155 829 209 ACTUS
878 151 1526 205 APOS'I'OLORUM.
1585 149 1748 200 CAP.
1787 152 1973 200 10.11.

1351 255 1431 297 42.
1467 253 1535 296 Et
1551 253 1808 310 praecepit
1824 254 1973 299 nobis
1990 258 2192 312 praedi-

1289 332 1402 364 care
1421 319 1610 376 populo
1623 311 1676 377 s,
1699 322 1750 364 et
1765 320 2027 366 testificari
2040 354 2054 381 ,
2079 326 2194 380 quia

1289 386 1394 442 ipse
1431 388 1535 444 est,
1585 386 1670 442 qui
1707 387 2010 434 constitutus
2051 395 2130 436 est
2167 407 2194 436 a

1287 453 1396 497 Deo
1431 452 1590 510 judex
1618 452 1852 498 vivorum
1882 458 1934 500 et
1959 463 2190 504 mortuo-

1286 533 1397 564 rum
1407 525 1454 565 8.

1353 587 1434 631 43.
1471 586 1600 632 Huic
1615 583 1796 633 'omnes
1807 587 2096 646 Prophetae
2115 596 2194 637 te-

1288 653 1576 698 stimonium
1602 654 1896 714 perhibent,
1928 657 2190 704 remissio-

1287 733 1400 766 nem
1449 723 1770 777 peccatorum
1815 722 2048 780 accipere
2103 739 2191 782 per

1287 800 1474 832 nomen
1495 788 1604 845 eJus
1635 800 1838 847 omnes,
1869 790 1954 845 qui
1986 791 2192 837 credunt

1287 855 1341 899 in
1362 868 1490 900 eum.

1353 924 1435 966 44.
1455 921 1629 968 Adhuc
1649 921 1887 978 loquente
1897 923 2054 968 Petro
2081 939 2187 970 ver-

1288 991 1350 1034 ba
1369 989 1518 1047 haec,
1553 989 1734 1035 cecidit
1755 989 1964 1046 Spiritus
1989 996 2191 1037 sanctus

1289 1069 1440 1151 super
1461 1069 1634 1102 omnes
1647 1087 1662 1114 ,
1683 1056 1768 1112 qui
1787 1055 2056 1102 audiebant
2079 1073 2192 1104 ver-

1291 1125 1404 1168 bum
1429 1129 1458 1167 ι.

1355 1192 1436 1234 45.
1448 1190 1516 1234 Et
1527 1192 1890 1247 obstupuerunt
1897 1203 1963 1236 ex
1975 1192 2195 1238 circum-

1291 1255 1484 1302 cisione
1503 1257 1692 1315 fideles,
1707 1257 1792 1314 qui
1810 1262 2058 1304 venerant
2075 1274 2191 1305 cum

1288 1323 1468 1380 Petro,
1499 1325 1615 1380 quia
1634 1328 1685 1369 et
1703 1325 1757 1369 in
1773 1324 2010 1371 nationes
2031 1329 2194 1385 gratia

1292 1390 1509 1447 Spiritus
1524 1392 1691 1436 sancti
1709 1391 1864 1437 effusa
1885 1395 1989 1449 est3

1355 1459 1438 1502 46.
1485 1457 1753 1504 audiebant
1786 1458 1917 1504 enim
1952 1459 2077 1506 illos
2113 1461 2191 1506 lo-

1291 1526 1501 1580 quentes
1520 1525 1726 1584 linguis,
1747 1528 1794 1571 et
1811 1527 2191 1584 magnificantes

1289 1587 1490 1637 Deumi.

1358 1661 1439 1704 47.
1488 1661 1631 1704 Tunc
1675 1659 1937 1716 respondit
1981 1661 2186 1708 Petrus:

1290 1726 1540 1782 Numquid
1569 1739 1746 1782 aquam
1774 1727 1883 1783 quis
1923 1728 2191 1784 prohibere

1291 1795 1474 1851 potest,
1495 1795 1551 1838 ut
1569 1806 1674 1838 non
1692 1793 2012 1850 baptizentur
2031 1795 2100 1854 hi,
2115 1797 2193 1852 qui

1293 1860 1532 1916 Spiritum
1543 1861 1768 1906 sanctum
1779 1865 2086 1918 acceperunt
2097 1865 2191 1908 sic-

1290 1929 1346 1972 ut
1365 1930 1415 1972 et
1433 1940 1528 1973 nos
1540 1918 1562 1954 k
1572 1927 1594 1971 ’.Β

1357 1996 1438 2039 48.
1473 1995 1543 2040 Et
1564 1994 1717 2051 jussit
1745 2007 1835 2041 eos
1862 1997 2114 2053 baptizari·
2143 1999 2190 2041 in

1290 2062 1496 2107 nomine
1546 2061 1755 2106 Domini
1806 2062 1838 2106 J
1840 2075 1930 2107 esu
1994 2064 2193 2109 Christi.

1293 2129 1435 2173 Tunc
1454 2130 1768 2185 rogaverunt
1786 2143 1924 2187 eum,
1945 2134 2000 2174 ut
2021 2144 2190 2175 mane-

1289 2198 1370 2240 ret
1385 2195 1517 2253 apud
1537 2208 1626 2241 eos
1646 2194 1839 2251 aliquot
1857 2196 2047 2242 diebus.

1577 2393 1745 2443 CAP.
1816 2395 1905 2443 XI.

1293 2492 1410 2539 Quid
1431 2493 1619 2533 moverit
1637 2490 1834 2541 Petrum,
1855 2499 1903 2533 ut
1931 2493 1992 2534 ad
2012 2498 2192 2535 exteros

1291 2546 1544 2588 accederet·
1573 2546 1857 2589 Antiochiam
1878 2548 2078 2590 mittitur
2087 2549 2193 2589 Bar-

1289 2602 1446 2649 nabas,
1467 2604 1541 2654 qui
1567 2616 1619 2643 eo
1641 2602 1822 2644 Saulum
1842 2604 2046 2645 adducit.
2107 2604 2190 2645 Fa-

1412 2671 1508 2699 mes
1527 2658 1583 2699 ab
1605 2658 1761 2711 Agabo
1781 2658 2076 2713 praedicitur.

1358 2752 1404 2795 1.
1439 2752 1722 2797 Audierunt
1750 2755 1916 2797 autem
1944 2752 2191 2809 Apostoli,

1295 2819 1345 2863 et
1371 2818 1580 2877 fratres,
1615 2819 1701 2875 qui
1729 2822 1874 2864 erant
1899 2819 1957 2863 in
1985 2821 2018 2863 J
2022 2820 2192 2874 udaea,

1291 2885 1526 2940 quoniam
1577 2888 1627 2930 et
1664 2885 1849 2931 Gentes
1894 2888 2198 2943 receperunt

1291 2954 1498 2997 verbum
1515 2951 1626 2998 De'i.

1334 3057 1362 3091 f
1381 3071 1413 3097 c.
1431 3065 1476 3109 12
1493 3063 1529 3097 8.
1593 3066 1618 3094 ὁ·
1633 3059 1777 3097 Msuh.
1794 3064 1864 3101 25,
1891 3064 1952 3097 31.
1975 3072 2062 3107 sqq.
2129 3060 2147 3085 ἢ
2167 3073 2196 3094 c.

1287 3108 1327 3148 4,
1345 3110 1404 3144 31.
1451 3112 1467 3131 ²
1487 3118 1518 3142 c.
1537 3110 1573 3148 2,
1593 3114 1632 3142 4.
1682 3104 1703 3133 Β
1721 3120 1753 3145 c.
1773 3111 1808 3149 2.
1827 3110 1886 3145 38.
1905 3111 1967 3150 15,
1985 3110 2021 3145 8.

708 3252 775 3290 33.
806 3250 945 3301 igitur
964 3254 1079 3294 misi.
1138 3258 1210 3295 34.
1243 3259 1389 3295 autem
1420 3268 1468 3295 os
1497 3252 1661 3297 Petrus
1683 3256 1828 3303 dixit3
1857 3254 1966 3297 ibid.
1994 3258 2198 3307 quoniam

319 3320 405 3347 non
428 3312 510 3347 est.
568 3307 637 3346 36-
659 3304 794 3346 Deest
838 3305 977 3346 Deus.
1036 3312 1103 3349 38.
1125 3310 1442 3363 pertransii-in
1465 3309 1570 3353 ibid.
1594 3312 1793 3353 sanando
1815 3312 1962 3363 (deest
2006 3314 2197 3361 omnes).

320 3364 389 3403 39.
423 3366 470 3401 et
489 3362 535 3402 in
555 3358 862 3407 Hierusalem5
882 3360 991 3403 ibid.
1014 3374 1141 3413 quem
1163 3369 1210 3405 et
1229 3364 1505 3405 occiderunt.
1565 3370 1634 3407 43.
1664 3367 1971 3407 remissionem
2005 3368 2198 3408 omnium

319 3423 619 3467 peecatorum.
678 3418 747 3455 45.
782 3414 1117 3468 obstipum-unu
1137 3417 1245 3459 ibid.
1267 3426 1497 3461 venerunt.
1565 3426 1633 3463 48.
1666 3422 1712 3463 in
1733 3422 1911 3463 nomine
1932 3421 2048 3463 Jesu
2071 3422 2195 3463 Chri-

321 3472 377 3509 sti
399 3472 649 3524 baptizari3
670 3468 777 3511 ibid·
799 3475 1031 3512 manerent
1052 3470 1186 3524 (sic);
1208 3472 1314 3514 ibid.
1340 3476 1458 3517 deest
1503 3478 1624 3529 apud
1644 3489 1734 3517 eos.
