2376 3925
626 159 1168 206 COMMENTATIO
1228 164 1651 212 [sinecion.
1931 167 2073 212 XXV

191 289 414 346 cedere.
505 285 912 346 Verumtamen
945 289 1354 365 discipulorum
1394 295 1612 351 animos
1649 293 1757 350 hac
1792 298 2073 354 varietate

185 372 486 440 lectionis,
525 389 560 426 e
583 375 1070 446 praestantissimo
1101 373 1331 445 codice,
1354 375 1671 450 pontificia
1698 379 2071 454 adprobatio-

185 475 258 511 ne
287 452 462 510 sixti
497 451 556 506 V.
583 463 820 524 ornato,
867 457 930 512 in
955 459 1217 532 margine
1252 457 1543 530 subjecta,
1590 462 1814 536 erigere
1848 470 1907 517 et
1947 481 2071 518 mo-

184 557 328 593 vere
370 538 754 607 tentavimus,
801 538 874 593 ad
904 536 1126 594 Graeca
1174 542 1511 616 evangeliea
1546 550 1605 596 et
1640 545 1951 615 apostolica
1986 547 2070 613 le-‚

188 619 381 696 gemla
409 620 731 694 iterumque
755 622 1197 694 perscrutanda,
1238 624 1445 698 quibus
1489 623 1693 678 studiis
1722 628 1818 700 qui
1846 628 2071 684 assidue

189 711 250 757 et
275 703 520 758 solerter
541 720 602 757 se
627 703 920 774 dederint,
953 706 1071 760 suis
1097 708 1409 778 praeclaris
1446 706 1729 762 fructibus
1759 725 1875 762 non
1910 729 2069 765 care-

188 786 354 840 bunt.
438 781 919 861 Recognitionem
961 794 1155 842 tamen
1190 797 1249 843 et
1274 789 1421 844 -adeo
1457 791 1853 844 recensionem
1878 799 2069 848 textus

191 869 362 923 latini
402 885 642 937 novam,
693 870 917 942 qualem
951 871 1142 925 critici
1183 869 1441 926 homines
1480 871 1673 928 dicere
1708 873 1923 942 solent,
1976 877 2071 929 vel

195 969 320 1006 eam
359 950 434 1005 ob
471 969 700 1006 causam
731 949 828 1006 hic
855 950 1126 1008 exhibere
1152 971 1336 1028 neque
1362 955 1647 1027 potuimus
1674 973 1859 1030 neque
1882 958 2070 1013 volui-

188 1053 349 1104 mus,
397 1033 550 1108 quod
575 1034 700 1088 sine
725 1033 900 1088 ubere
927 1044 1201 1109 apparatu
1238 1035 1497 1092 codicum
1525 1055 1893 1112 graecorum,
1938 1058 2071 1095 ver-

189 1121 422 1172 sionum
450 1124 507 1170 et
532 1114 770 1172 Patrum
804 1116 931 1172 fieri
968 1135 1085 1172 non
1117 1119 1430 1192 potuisset,
1476 1121 1575 1194 qui
1611 1123 1869 1195 quamvis
1904 1123 2071 1178 nobis

185 1201 432 1254 minime
467 1199 644 1269 desit,
697 1200 760 1254 in
795 1200 1100 1256 itineribus
1133 1203 1295 1277 large
1330 1210 1667 1278 congestus,
1712 1203 1785 1258 ad
1819 1203 2070 1261 futuram

191 1283 506 1338 editionem
531 1283 742 1356 graeci
765 1291 959 1338 textus
985 1282 1056 1338 N.
1089 1281 1158 1338 T.
1186 1279 1449 1339 criticam
1476 1291 1534 1338 et
1559 1287 1947 1360 exegeticam,
1981 1298 2070 1344 ta-

189 1383 354 1434 men,
395 1365 447 1419 si
473 1383 624 1420 nunc
651 1364 872 1420 adlatus
898 1365 1132 1436 fuisset,
1178 1384 1294 1422 non
1320 1367 1675 1437 manualem,
1708 1368 1808 1422 sed
1832 1372 2070 1443 amplio-

189 1468 314 1503 rem
344 1448 609 1502 criticam
634 1447 941 1503 editionem
969 1447 1269 1505 effeeisset.
1356 1447 1419 1504 ld
1452 1449 1603 1524 quod
1640 1458 1698 1504 et
1732 1469 1766 1506 a
1794 1451 2071 1527 bibliopo-

191 1534 302 1601 lae,
331 1531 451 1585 viri
475 1528 884 1602 honestissimi,
913 1540 972 1586 et
996 1551 1030 1588 a
1053 1541 1249 1588 nostro
1282 1534 1519 1588 consilio
1547 1534 1797 1588 alienum
1822 1543 1961 1590 erat.
1994 1567 2065 1578 --

229 1641 234 1644 ·
322 1610 566 1668 Constat
589 1622 814 1684 autem,
864 1615 1142 1670 editiones
1167 1617 1319 1690 typis
1346 1617 1648 1689 impressas
1681 1613 2071 1674 Clementiam

195 1697 567 1771 posteriores,
593 1695 662 1750 ab
691 1714 742 1751 a.
759 1699 1009 1752 maxime
1037 1698 1211 1754 1593.
1246 1697 1421 1754 1598.
1450 1706 1509 1752 et
1530 1699 1899 1773 sequentibus
1914 1699 2075 1754 iden·-

197 1779 374 1834 tidem
411 1780 579 1833 annis
615 1780 1004 1854 promulgatas
1037 1797 1153 1834 non
1195 1782 1309 1836 nisi
1341 1781 1491 1835 raris
1530 1782 1682 1835 inter
1718 1800 1779 1835 se
1814 1783 2075 1838 minutiis

204 1861 448 1931 differre,
469 1869 528 1915 et
554 1878 724 1916 unam
750 1861 872 1916 fere
899 1862 1251 1937 aequabilem
1274 1862 1515 1917 sormam
1541 1871 1735 1917 textus
1764 1865 2073 1920 continere.

197 1943 416 2001 Earum
450 1952 643 1999 tamen
681 1944 1037 2002 fundamenti
1071 1947 1198 2002 loco
1236 1962 1353 2001 una
1398 1953 1521 2000 erat
1560 1944 1839 2018 ponenda.
1925 1943 2075 2002 Con-

197 2037 536 2085 sentaneum
565 2036 689 2082 erat
714 2028 804 2083 his
830 2029 1175 2103 temporibus
1208 2038 1266 2085 et
1290 2028 1427 2085 huic
1453 2030 1749 2085 literarum
1777 2030 1923 2099 luci,
1952 2048 2077 2085 eam

196 2114 342 2189 eligi
380 2110 722 2180 editionem,
767 2116 928 2185 cujus
957 2121 1157 2168 auctor
1182 2114 1429 2187 plurima
1456 2111 1793 2168 eruditionis
1816 2114 2077 2189 rectique

193 2195 405 2269 judicii
439 2195 752 2268 specimina
777 2196 840 2249 in
868 2196 1221 2271 corrigendis
1249 2194 1537 2251 erroribus
1564 2195 1989 2270 typothetarum
2020 2205 2077 2251 et

199 2279 542 2333 criticorum
574 2278 936 2350 protulisset,
971 2286 1303 2353 tantumque
1338 2279 1609 2351 temporis
1635 2279 1697 2332 in
1722 2277 1832 2334 hoc
1866 2297 2078 2354 genere

202 2361 526 2417 studiorum
551 2362 986 2430 consumsisset,
1029 2370 1092 2418 ut
1126 2363 1188 2417 in
1226 2362 1309 2416 eis
1344 2368 1502 2416 totus
1536 2359 1795 2416 habitare
1818 2364 1949 2435 jure
1974 2380 2075 2417 suo

205 2443 552 2499 crederetur.
636 2440 856 2499 Novam
886 2445 1035 2499 enim
1065 2452 1263 2500 textus
1294 2442 1815 2513 conformationem
1844 2446 2079 2513 nemini,

201 2536 268 2583 ut
289 2536 580 2601 repetam,
625 2527 686 2580 in
723 2523 834 2582 hac
872 2528 1136 2583 versione
1173 2526 1401 2583 licitum
1432 2534 1522 2581 est
1559 2533 1792 2581 tentare
1822 2543 1895 2580 ex
1922 2529 2080 2581 anti·-

203 2612 334 2685 quis
361 2608 785 2665 ecclesiasticis
823 2608 1076 2686 legibus,
1119 2628 1267 2685 quae
1304 2614 1721 2664 sacrosanctae
1757 2605 1957 2661 multis
1996 2612 2077 2665 vi-

206 2694 436 2749 dentur.
529 2690 648 2759 Qui
671 2689 855 2767 plura
879 2691 1222 2769 postulant,
1274 2688 1380 2745 hoc
1416 2692 1542 2765 ipso
1571 2687 1965 2765 profitentur,
2018 2710 2081 2750 se

203 2772 519 2831 historiam
553 2773 725 2846 hujus
763 2776 1079 2844 versionis,
1127 2775 1361 2849 ejusque
1383 2775 1499 2829 vim
1529 2779 1702 2845 atque
1737 2780 2012 2830 naturam
2041 2794 2081 2831 a

205 2855 454 2913 concilio
504 2857 638 2913 inde
689 2854 1031 2913 Tridentino
1088 2858 1386 2931 ignorare.
1481 2853 1751 2918 Quamvis
1796 2858 2080 2912 neminem

203 2940 396 3016 fugiat
430 2940 708 3013 peritum,
761 2957 795 2993 a
829 2940 1025 2993 multis
1058 2938 1229 2993 hodie
1262 2935 1576 2992 Catholicis
1620 2936 1909 2993 decretum
1947 2938 2081 2996 Tri-

205 3024 508 3079 dentinum
565 3022 634 3077 de
684 3039 832 3076 vers.
881 3019 1131 3097 Vulgata
1185 3020 1508 3076 existimari
1551 3030 1916 3094 praeceptum
1966 3040 2082 3077 non

209 3107 633 3181 dogmaticum,
659 3103 760 3159 sed
785 3104 1284 3179 disciplinarium,
1326 3103 1653 3179 aequalibus
1683 3102 1894 3174 datum,
1924 3104 2083 3160 inde-

210 3207 321 3264 que
347 3205 464 3243 non
487 3196 810 3263 perpetuae
840 3186 1225 3261 obligationis.
1265 3217 1335 3227 —-
1380 3186 1613 3261 Optima
1639 3186 1821 3261 igitur
1846 3188 1972 3241 visa
1999 3196 2086 3242 est

213 3271 390 3327 editio
417 3288 618 3325 recens
648 3279 706 3325 et
733 3270 1014 3325 manualis
1041 3284 1168 3323 VAN
1194 3266 1339 3325 Essl
1369 3266 1465 3349 ¹),
1502 3268 1619 3325 viri
1646 3267 1971 3339 doetrinae,
1996 3270 2085 3323 in-

353 3452 406 3509 1)
444 3452 640 3497 Prodiit
657 3465 702 3497 a.
725 3454 872 3499 1822.
894 3452 1156 3512 Tubingae
1175 3467 1255 3513 ap.
1274 3455 1427 3501 Fues.
1448 3455 1495 3497 8.
1515 3450 1678 3497 solum
1696 3450 1895 3496 Novum
1910 3454 2091 3501 Testa-

1658 3528 1685 3551 0
