2376 3925
260 177 360 226 120

330 279 413 323 10.
451 277 551 324 Sed
594 290 709 332 cum
744 277 953 321 vocatus
990 272 1171 330 fueris,

267 345 411 405 vade,
422 346 657 391 recumbe
670 343 724 388 in
736 341 1017 389 novissimo
1032 337 1171 387 loco!

265 417 335 472 ut,
358 426 469 458 cum
489 411 715 470 venerit,
745 409 832 468 qui
849 410 899 456 te
918 407 1171 466 invitavit,

267 480 400 526 dicat
416 478 528 526 tibi:
557 477 755 538 Amice,
785 476 1001 524 ascende
1020 488 1173 532 supe-

264 545 395 593 rius!
426 548 571 593 Tunc
591 545 689 592 erit
704 545 797 592 tibi
816 544 983 603 gloria
1002 554 1175 589 coram

267 613 416 660 simul
435 613 885 660 discumbentibus:

330 700 411 744 11.
458 697 619 752 Quinc
646 697 827 756 omnis,
848 695 935 752 qui
953 708 1008 742 se
1027 693 1173 740 exal-

262 769 352 825 tat,
372 765 741 813 humiliabitur:
759 765 811 811 et
828 762 915 821 qui
933 776 988 809 se
1006 760 1173 809 humi-

262 833 371 892 liat,
392 833 712 880 exaltabitur.

333 919 415 963 12.
450 916 663 962 Dicebat
700 918 867 961 autem
894 917 949 961 et
974 914 1049 974 ei,
1088 912 1175 971 qui

266 999 320 1032 se
348 984 679 1030 invitaverat:
711 984 836 1029 Cum
866 983 991 1029 facis
1018 994 1173 1041 pran-

266 1053 419 1111 dium,
456 1052 543 1097 aut
573 1063 803 1111 coenam,
838 1050 952 1096 noli
986 1061 1175 1096 vocare

267 1118 456 1165 amicos
475 1122 591 1165 tuos
604 1149 619 1178 ‚
646 1132 812 1178 neque
832 1119 1018 1165 fratres
1036 1119 1172 1175 tuos,

265 1200 431 1244 neque
464 1189 742 1246 cognatos,
779 1199 945 1244 neque
977 1183 1173 1231 vicinos

268 1254 478 1312 divites;
508 1267 574 1300 ne
604 1255 739 1300 forte
768 1255 819 1301 te
848 1255 900 1300 et
917 1253 1017 1310 ipsi
1032 1251 1175 1299 rein-

270 1321 448 1381 vitent,
472 1324 523 1368 et
541 1314 665 1368 iiat‘l
682 1321 774 1368 tibi
790 1320 1076 1368 retributio.

333 1407 416 1450 13.
452 1404 553 1450 Sed
579 1418 693 1450 cum
718 1402 845 1451 sacis
866 1403 1173 1461 convivium,

268 1484 397 1517 voca
411 1483 687 1530 pauperes,
710 1470 926 1529 debiles,
948 1469 1174 1530 claudos,

268 1541 319 1583 et
337 1551 544 1596 caecos;

336 1607 417 1652 14.
454 1608 505 1652 et
544 1607 721 1652 beatus
755 1605 857 1651 eris
870 1635 886 1664 ‚
924 1604 1043 1662 quia
1066 1615 1174 1650 non

267 1674 453 1720 habent
470 1674 755 1720 retribuere
772 1673 893 1731 tihi3
920 1671 1177 1720 retribue-

265 1745 348 1787 tur
360 1742 495 1788 enim
511 1741 603 1789 tibi
622 1741 677 1787 iu
693 1740 1073 1788 resurrectione
1088 1739 1176 1799 ju-

267 1815 476 1857 storum.

336 1879 416 1923 15.
444 1879 583 1924 Haec
606 1890 717 1924 cum
736 1877 959 1924 audisset
976 1877 1178 1934 quidam

268 1945 330 1991 de
350 1945 499 1992 simul
509 1945 951 2004 discumbentibus,
966 1945 1095 1991 dixit
1110 1943 1176 1990 il-

269 2012 307 2057 Ιί
322 2012 545 2070 :Beatus‚
564 2013 651 2068 qui
666 2012 985 2059 manducabit
994 2024 1177 2069 panem

274 2080 325 2122 in
344 2092 506 2135 regno
526 2077 645 2123 Dei!

336 2146 416 2188 16.
454 2146 517 2189 At
552 2144 661 2199 ipse
700 2144 829 2190 dixit
866 2144 939 2190 ei:
976 2144 1175 2190 Homo⁶

268 2209 467 2267 quidam
504 2210 625 2256 fecit
670 2223 881 2257 coenam
922 2222 1173 2272 magnam,

270 2280 321 2323 et
338 2276 543 2325 vocavit
559 2277 762 2324 multos.

334 2346 417 2391 17.
453 2345 522 2391 Et
538 2344 675 2391 misit
692 2357 895 2391 servum
914 2358 1059 2392 suum
1076 2348 1174 2392 ho-

268 2427 327 2461 ra
345 2426 537 2461 coenae
558 2412 725 2460 dicere
744 2412 990 2472 invitatis,
1010 2417 1066 2459 ut
1087 2428 1175 2461 ve-

268 2483 466 2538 nirent,
520 2481 637 2539 quia
686 2480 793 2538 =ium
836 2483 1013 2537 parata
1058 2484 1177 2529 sunt

270 2551 455 2597 omnia.

337 2620 418 2665 18.
453 2618 522 2664 Et
538 2618 821 2675 coeperunt
837 2615 983 2662 simul
999 2628 1175 2664 omnes

270 2697 533 2733 excusare.
601 2684 799 2731 Primus
820 2682 948 2729 dixit
968 2684 1043 2730 ei:
1064 2683 1176 2729 Vil-

270 2750 370 2795 lam
390 2752 504 2811 emi,
528 2755 580 2799 et
596 2765 808 2801 necesse
826 2751 989 2798 habeo
1011 2750 1174 2811 exire,

272 2820 323 2863 et
333 2817 504 2865 videre
523 2819 690 2879 illam3
709 2832 839 2879 rogo
858 2822 929 2879 te,
949 2819 1078 2867 habe
1096 2832 1175 2866 me

271 2886 587 2931 excusatum!

338 2969 417 3013 19.
451 2966 521 3013 Et
537 2967 667 3015 alter
686 2970 839 3018 dixit:
867 2975 999 3031 Juga
1026 2974 1177 3018 boum

273 3036 371 3082 emi
388 3035 626 3094 quinque,
662 3040 713 3082 et
730 3051 793 3083 eo
812 3042 1030 3095 probare
1058 3040 1175 3097 illa3

272 3117 401 3162 rogo
422 3106 490 3162 te,
510 3102 637 3149 habe
656 3116 736 3150 me
756 3106 1071 3153 excusatum!

318 3208 335 3226 ‘⁵
352 3199 497 3237 Matth.
516 3202 577 3242 23,
596 3202 653 3236 12.
719 3199 740 3225 ὅ
759 3213 795 3237 c·
812 3203 851 3242 6,
868 3204 931 3239 33.
996 3210 1014 3228 θ
1030 3202 1177 3241 Matth.

266 3250 327 3287 22,
346 3250 383 3283 2.
403 3257 489 3294 sqq.

872 168 1159 222 LUCAS.
1234 167 1405 220 CAP.
1443 167 1526 217 14.

1307 271 1388 314 20.
1407 269 1478 314 Et
1494 269 1624 314 aliun
1643 269 1794 316 dixit:
1815 270 2046 316 Uxorem
2061 271 2161 318 du-

1241 337 1316 398 xi,
1337 339 1388 384 et
1403 336 1520 382 ideo
1542 349 1648 382 non
1667 349 1872 395 possum
1892 336 2088 384 venire.

1310 421 1392 466 21.
1427 420 1498 466 Et
1529 431 1772 466 reversus
1810 433 1992 468 servus
2020 435 2162 468 nun-

1245 487 1398 535 ciavit
1432 487 1559 533 haec
1589 486 1798 533 domiuo
1827 500 1940 534 suo.
2011 490 2165 536 Tunc

1242 555 1401 602 iratus
1422 554 1788 613 paterfamilias
1801 586 1815 614 ‚
1845 555 1976 603 dixit
2004 569 2164 602 servo

1243 635 1360 670 suo:
1389 622 1494 669 Exi
1513 622 1615 668 cito
1648 622 1704 668 in
1722 623 1918 681 plateas
1940 627 1992 670 et
2018 625 2163 670 vicos

1245 688 1485 738 civitatis!
1508 692 1560 736 et
1576 703 1848 750 pauperes,
1869 704 1928 738 ac
1949 691 2163 752 debiles,

1243 760 1296 805 et
1334 770 1515 805 caecos
1529 788 1544 819 ‚
1584 760 1636 804 et
1672 757 1881 805 claudos
1919 759 2162 806 introduc

1241 827 1356 873 hue.

1311 893 1393 940 22.
1427 893 1497 940 Et
1541 893 1614 940 ait
1659 905 1865 939 servus:
1910 893 2160 941 Domine!

1243 963 1432 1009 factum
1452 963 1546 1021 est,
1559 963 1615 1008 ut
1633 960 1910 1020 imperasti,
1925 962 1978 1007 et
1995 961 2163 1009 adhuc

1243 1030 1389 1076 locus
1413 1030 1505 1076 est.

1311 1098 1393 1143 23.
1411 1097 1482 1142 Et
1491 1096 1562 1142 ait
1573 1096 1806 1143 dominus
1818 1108 1970 1143 servo
1982 1109 1994 1142 ε
2006 1096 2113 1144 Exi
2122 1090 2165 1138 s

1243 1165 1299 1211 in
1321 1165 1446 1223 vias,
1468 1166 1519 1210 et
1537 1177 1712 1223 sepes,
1734 1166 1788 1210 et
1805 1164 2050 1222 compelle
2070 1165 2163 1210 in·-

1241 1235 1399 1292 trare,
1420 1234 1476 1277 ut
1493 1231 1762 1290 impleatur
1782 1232 1959 1278 domus
1977 1245 2106 1279 mea.

1311 1301 1392 1345 24.
1427 1298 1559 1345 Dico
1597 1301 1764 1345 autem
1802 1299 1946 1346 vobin
1959 1330 1975 1359 ‚
2022 1301 2164 1357 quod

1243 1379 1394 1412 nemo
1426 1365 1654 1413 virorum
1681 1365 1910 1426 illorum,
1943 1367 2032 1424 qui
2063 1381 2162 1414 vo-

1245 1433 1343 1479 cati
1363 1435 1498 1492 sunt,
1513 1434 1734 1491 gustabit
1745 1446 1957 1480 coenam
1975 1448 2162 1482 meam.

1313 1503 1393 1546 25.
1421 1502 1568 1547 Ibant
1584 1504 1752 1548 autem
1767 1502 1946 1547 turbae
1964 1503 2163 1550 multae

1245 1581 1359 1614 cum
1377 1581 1439 1615 eo
1454 1583 1468 1627 ;
1491 1570 1545 1615 et
1562 1581 1836 1616 conversus
1857 1567 1987 1616 dixit
2005 1569 2074 1616 ad
2090 1570 2162 1616 il-

1243 1634 1350 1682 los:

1312 1705 1394 1750 26.
1431 1704 1489 1751 Si
1515 1705 1668 1762 quise
1704 1704 1845 1751 venit
1870 1703 1934 1750 ad
1961 1718 2071 1764 me,
2110 1708 2163 1752 et

1244 1784 1352 1818 non
1381 1771 1490 1818 odit
1513 1774 1708 1830 patrem
1748 1785 1922 1831 suum,
1961 1774 2015 1818 et
2049 1785 2161 1818 ma-

1243 1842 1392 1901 trem,
1413 1841 1466 1886 et
1484 1853 1716 1900 uxorem,
1738 1842 1790 1886 et
1809 1840 1959 1899 filios,
1981 1841 2034 1886 et
2049 1842 2160 1886 fra-

1245 1909 1348 1954 tres
1361 1937 1377 1968 ‚
1399 1909 1451 1954 et
1469 1920 1678 1954 sorores
1692 1938 1707 1968 ,
1737 1906 1900 1954 adhuc
1920 1910 2086 1954 autem
2105 1911 2162 1954 et

1244 1975 1462 2021 animam
1489 1988 1655 2035 suam,
1683 1988 1792 2021 non
1817 1978 1990 2033 potest
2013 1988 2156 2022 meus

1245 2054 1358 2089 esse
1381 2041 1673 2101 discipulus.

1310 2111 1394 2155 27.
1429 2109 1499 2155 Et
1515 2110 1601 2167 qui
1618 2122 1724 2156 non
1745 2110 1939 2168 bajulat
1957 2124 2160 2158 crucem

1243 2188 1402 2236 suam,
1423 2179 1478 2223 et
1493 2177 1636 2223 venit
1651 2180 1769 2236 post
1785 2192 1893 2238 me,
1913 2192 2020 2225 non
2037 2183 2158 2237 pot-

1244 2247 1323 2291 ent
1339 2257 1482 2292 meus
1503 2257 1614 2291 esne
1635 2245 1928 2304 discipulus.

1311 2330 1393 2374 28.
1431 2328 1556 2383 Quis
1577 2328 1712 2375 enim
1733 2342 1802 2377 ex
1812 2330 1959 2377 vobis
1976 2330 2156 2377 volens

1242 2396 1423 2442 turrim
1441 2395 1736 2457 aedificare,
1764 2410 1874 2443 non
1902 2396 2044 2456 prius
2074 2411 2158 2445 se-

1243 2463 1370 2510 dens
1391 2466 1646 2522 computat
1673 2467 1925 2525 sumptus,
1957 2465 2047 2522 qui
2064 2480 2159 2512 ne-

1243 2530 1456 2577 cessarii
1477 2535 1620 2591 sunt,
1650 2532 1697 2578 si
1720 2532 1906 2579 habeat
1921 2533 1987 2579 ad
2005 2536 2158 2590 perfi-

1245 2598 1496 2656 ciendum,

1313 2668 1393 2711 29.
1428 2678 1524 2725 ne,
1559 2669 1890 2725 posteaquam
1928 2669 2164 2726 posuerit

1243 2733 1647 2794 fundamentum,
1695 2738 1750 2781 et
1780 2748 1890 2781 non
1935 2736 2163 2793 potuerit

1246 2804 1517 2860 perficere,
1539 2815 1717 2849 omnes
1736 2803 1824 2861 qui
1841 2802 2045 2862 vident,
2076 2804 2162 2848 in—

1245 2870 1437 2927 cipiant
1455 2869 1670 2917 illudere
1691 2870 1758 2930 ei,

1313 2938 1394 2983 3⁰.
1432 2935 1682 2983 dicentes:
1724 2937 1856 2992 Quia
1890 2939 1974 2985 hic
2003 2940 2162 2985 homo

1245 3005 1416 3063 coepit
1449 3004 1732 3064 aedificare,
1772 3007 1824 3051 et
1858 3018 1964 3053 non
1995 3007 2167 3063 potuit

1245 3072 1619 3119 consummare!

1313 3142 1394 3186 31.
1429 3141 1530 3185 Aut
1556 3140 1668 3197 quis
1697 3152 1794 3188 rex
1820 3142 1985 3187 iturus
2016 3155 2164 3189 com-

1289 3245 1317 3279 ἰ
1331 3246 1476 3285 Μιιιιι.
1493 3251 1532 3292 8,
1547 3252 1604 3287 11.
1625 3261 1686 3297 sq.
1733 3254 1759 3283 e
1775 3248 1924 3293 Matth.
1943 3255 2004 3293 ιο,
2017 3253 2080 3289 35.
2095 3256 2164 3289 37.

384 3394 498 3450 Cap.
528 3392 661 3437 XIV·
721 3398 790 3436 10.
812 3395 1203 3439 deseumbentibus
1275 3399 1342 3438 1³.
1377 3396 1546 3439 clodos·
1607 3400 1674 3440 14.
1696 3398 1745 3439 in
1762 3400 2168 3442 resurrectionem.

272 3452 340 3488 15.
360 3449 483 3493 dixit
501 3452 567 3501 ei3
589 3448 696 3493 ibid.
716 3449 1007 3493 manducavit
1028 3452 1230 3507 (v=b).
1288 3454 1357 3495 21.
1378 3452 1588 3494 introduc
1607 3452 1778 3506 (omiu-
1799 3454 1921 3509 huc).
1983 3457 2053 3495 24.
2076 3467 2164 3506 gu-

275 3504 413 3545 stavit
434 3506 628 3559 (vzb).
688 3508 756 3547 28.
788 3506 825 3547 si
847 3504 996 3547 habet.
1056 3509 1124 3549 31.
1158 3508 1232 3559 qui
1254 3519 1339 3551 rex
1361 3530 1412 3539 -
1431 3508 1682 3551 adversum.
