2376 3925
518 162 936 215 EPIS'I'OLA
976 167 1219 219 PETRI
1263 169 1328 220 11.
1402 172 1570 223 CAP.
1612 176 1659 223 1.

1928 178 2027 231 373

128 234 2031 262 Ἤ

135 266 370 311 scientes
411 265 635 311 eamdem
668 268 959 323 passionem
989 269 1052 328 ei,

1123 271 1331 316 fratrem
1354 274 1525 333 vobis,
1546 277 1604 321 ut
1631 277 1877 338 arbitror,
1908 282 2025 327 bre-

131 345 278 389 quae
297 331 349 376 in
380 332 564 378 mundo
587 335 690 392 est,
731 335 930 381 vestrae
948 337 1054 381 fra-
1126 338 1255 382 viter
1276 339 1479 397 scripsi3
1512 344 1785 391 obsecrans
1813 348 1865 392 et
1900 359 2024 392 con-

130 398 376 445 ternitati
394 399 521 445 fieri.

213 467 297 511 1⁰.
315 465 453 512 Deus
473 468 638 512 autem
659 467 822 513 omnis
841 470 1052 530 gratiae,

131 534 232 590 qui
262 534 468 578 vocavit
486 546 582 579 nos
613 534 666 578 in
688 538 945 581 aeternam
966 551 1052 583 su·-

129 615 225 645 am
246 600 462 657 gloriam
485 600 540 646 in
561 601 759 647 Christo
780 604 920 661 Jesu,
940 618 1052 650 mo-

131 668 312 713 dicum
331 680 506 724 passos
526 667 634 724 ipse
653 670 904 730 perficiet,
927 685 1051 717 con-

129 735 378 793 firmabit,
401 733 750 792 solidabitque.

209 804 294 845 11.
317 802 418 859 ipsi
437 801 620 861 gloria,
645 804 695 848 et
714 798 1051 861 imperium‘in

129 868 349 914 saecula
372 868 704 915 saeculorum.
773 871 950 917 Amen.

211 938 294 980 12.
349 937 446 981 Per
501 936 803 983 Silvanum?
855 939 1050 985 fidelem

183 1040 209 1067 7
231 1032 320 1067 Act.
343 1036 400 1073 15,
417 1034 478 1067 22.

1119 406 1471 468 testans,hanc
1492 421 1603 455 esse
1626 424 1795 458 veram
1814 414 2026 471 gratiam

1121 471 1235 530 Dei,
1260 472 1313 517 in
1334 486 1431 529 qua
1452 476 1611 522 statis.

1187 540 1269 583 13.
1308 540 1503 588 Salutat
1520 555 1612 588 vos
1631 543 1879 605 Ecclesia,
1895 561 2022 604 quae

1121 606 1269 651 estin
1288 607 1545 666 Babylone
1567 610 1807 672 coelecta,
1823 617 1873 659 et
1882 617 2022 661 Mar-

1121 686 1208 717 cus
1228 672 1359 719 filius
1379 689 1536 722 meus.

1187 740 1267 785 14.
1306 741 1531 790 Salutate
1558 744 1777 792 invicem
1798 747 1850 792 in
1872 761 2023 795 oscu-·

1119 805 1170 851 lo
1193 811 1368 853 sancto
1380 815 1418 854 ⁵.
1490 812 1663 858 Gratia
1692 814 1836 860 vobis
1858 818 2023 862 omni-

1121 874 1229 932 bus,
1271 876 1356 931 qui
1394 878 1514 924 estis
1550 878 1603 925 in
1644 880 1845 928 Christo
1882 883 2020 929 Jesu.

1119 941 1297 987 Amen.

1167 1044 1182 1061 ι
1202 1036 1320 1073 Rom.
1341 1042 1399 1083 16,
1420 1042 1477 1078 16.

809 1198 1347 1248 w

126 1360 1120 1449 EPISTOLA
1235 1368 1829 1455 PETRI
1912 1376 2022 1458 Il.

469 1672 637 1722 CAP.
686 1674 728 1723 l.

123 1764 236 1805 Per
254 1762 406 1803 varias
426 1763 790 1807 adscendendum
819 1769 890 1807 est
909 1766 1048 1807 virtu-

124 1826 228 1860 tes.
287 1816 530 1870 Praesagit
549 1819 806 1874 apostolus,
847 1834 894 1862 se
924 1822 1047 1862 brevi

125 1875 427 1923 moriturum,
457 1886 650 1927 suaeque
682 1876 914 1917 doctrinae
934 1878 1048 1918 veri-

247 1934 386 1972 tatem
405 1930 748 1984 firmitatemque
769 1932 946 1986 probat.

206 2051 254 2093 1.
298 2025 489 2096 Simon
529 2051 734 2108 Petrus,
774 2063 951 2096 servus
998 2053 1050 2097 et

127 2115 414 2174 Apostolus
442 2118 563 2163 Jesu
593 2117 802 2176 Christi,
831 2117 920 2176 iis,
961 2119 1048 2175 qui

130 2183 466 2238 coaequalem
478 2196 545 2229 no
552 2184 740 2230 hiscum
748 2186 915 2230 sortiti
929 2188 1047 2232 sunt

128 2250 284 2295 fldem
323 2249 376 2296 in
409 2250 606 2307 justitia
640 2252 738 2298 Dei
770 2253 964 2311 nostri,
996 2257 1047 2299 et

129 2315 422 2364 salvatoris
442 2319 472 2362 J
475 2331 563 2363 esu
585 2318 786 2364 Christi.

205 2385 254 2428 2.
293 2383 466 2430 Gratia
495 2385 665 2443 vobis,
697 2389 747 2432 et
765 2399 866 2443 pax
887 2386 1045 2432 adim-

127 2450 338 2508 pleatur
384 2452 436 2496 in
482 2452 774 2510 cognitione
820 2452 943 2512 Dei,
997 2456 1048 2500 et

131 2518 331 2563 Christi
347 2519 470 2565 Jesu
491 2520 696 2565 Domini
715 2519 894 2564 nostri.

207 2586 256 2628 3.
283 2585 546 2638 Quomodo
564 2587 734 2632 omnia
752 2587 900 2632 nobis
916 2585 1046 2633 divi-

131 2666 238 2697 nae
261 2652 456 2700 virtutis
477 2667 623 2712 suae,
656 2667 783 2710 quae
811 2653 874 2698 ad
896 2653 1047 2700 vitam

133 2724 190 2765 et
211 2719 451 2776 pietatem
472 2721 654 2766 donata
673 2722 814 2778 sunt,
845 2735 936 2778 per
957 2735 1046 2767 co-

132 2785 419 2844 gnitionem
442 2786 579 2845 ejus,
610 2788 696 2844 qui
725 2788 926 2834 vocavit
949 2802 1045 2835 nos

137 2853 350 2911 propria
371 2852 537 2910 gloria
556 2855 606 2899 et
629 2855 828 2913 virtute,

206 2922 254 2965 4.
293 2933 382 2977 per
421 2933 563 2975 quem
604 2921 821 2967 maxima
850 2925 902 2967 ct
927 2935 1046 2979 pre-

133 2989 277 3033 tiosa
293 2987 438 3034 nobis
459 2988 706 3044 promissa
726 2988 958 3046 donavit3
995 2993 1048 3035 ut

255 3149 368 3204 Cap.
397 3151 456 3193 V.
521 3153 563 3193 9.
605 3146 910 3195 fraternitatis
937 3153 1038 3194 fieri
1070 3152 1194 3206 (sic).

1117 1692 1209 1736 per
1228 1681 1351 1728 haec
1372 1684 1653 1732 efficiamini
1674 1687 1875 1735 divinae
1897 1705 2021 1736 con-

1115 1748 1281 1793 sortes
1319 1751 1555 1809 naturae3
1601 1753 1853 1810 fugientes
1892 1758 2020 1818 ejus,

1117 1814 1315 1869 quaein
1340 1817 1525 1862 mundo
1547 1820 1639 1876 est,
1654 1822 2019 1879 concupiscen-

1113 1880 1217 1925 tiae
1238 1884 1629 1939 corruptionem.

1183 1967 1231 2010 5.
1264 1967 1370 2012 Vos
1408 1971 1573 2014 autem
1612 1983 1781 2017 curam
1818 1986 2017 2020 omnem

1115 2031 1513 2095 subinferentes,
1542 2036 1821 2086 ministrate
1850 2041 1904 2086 in.
1926 2043 2017 2089 fide

1114 2102 1287 2144 vestra
1307 2101 1559 2163 virtutem,
1575 2104 1629 2150 in
1650 2105 1834 2154 virtute
1854 2114 2017 2156 autem

1113 2166 1391 2228 scientiam,

1180 2236 1227 2278 6.
1264 2235 1320 2280 in
1339 2237 1551 2284 scientia
1575 2241 1741 2287 autem
1760 2244 2017 2291 abstinen-

1111 2301 1249 2355 tiam,
1290 2303 1343 2348 in
1379 2306 1683 2353 abstinentia
1719 2313 1883 2356 autem
1925 2326 2016 2368 pa-

1112 2369 1341 2416 tientiam
1353 2401 1368 2430 ‚
1388 2372 1443 2418 in
1462 2373 1707 2430 patientia
1724 2380 1889 2422 autem
1908 2380 2017 2435 pie-

1112 2437 1283 2496 tatem,
1552 2439 1555 2444 ’

1181 2505 1227 2547 7.
1279 2503 1333 2548 in
1369 2505 1555 2560 pietate
1592 2509 1758 2553 autem
1796 2523 2017 2558 amorem

1113 2569 1461 2630 fraternitatis,
1474 2573 1528 2617 in
1539 2586 1711 2620 amore
1730 2579 1895 2622 autem
1910 2579 2015 2623 fra-

1115 2637 1365 2683 tei-nitatis
1383 2639 1690 2686 charitatem.

1181 2723 1229 2765 8.
1265 2721 1403 2768 Haec
1422 2723 1555 2769 enim
1575 2723 1618 2768 si
1638 2725 1895 2772 vobiscum
1925 2730 2014 2776 ad-

1115 2787 1217 2832 sint
1237 2790 1287 2834 et
1306 2794 1678 2848 superent‚non
1699 2805 1903 2855 vacuos,
1922 2811 2016 2844 nec

1115 2855 1225 2900 sine
1268 2856 1433 2902 fructu
1482 2869 1571 2902 vos
1619 2861 1926 2910 constituent
1962 2866 2013 2910 in

1112 2921 1319 2967 Domini
1357 2924 1522 2969 nostri
1548 2924 1671 2971 Jesu
1701 2928 1885 2976 Christi
1925 2946 2013 2977 co-

1116 2988 1362 3047 gnitione.

1271 3156 1337 3196 1o.
1384 3157 1659 3201 confirmavit
1697 3159 2011 3214 solidabitque.

137 3210 208 3247 11.
238 3205 337 3259 lpsi
356 3206 593 3260 imperium
622 3207 670 3248 in
700 3207 880 3249 saecula
910 3207 1202 3250 saeculorum·
1233 3208 1377 3252 Amen
1404 3212 1585 3264 (desunt
1608 3215 1747 3257 verba
1764 3215 1907 3268 gloria
1928 3217 2010 3270 et).

138 3265 208 3302 12.
240 3261 368 3301 vohis
397 3261 576 3304 fidelem
605 3263 816 3312 fratrem3
845 3263 953 3306 ibid.
983 3265 1032 3306 in
1052 3277 1138 3317 qua
1156 3268 1205 3306 et
1223 3266 1329 3307 stati
1354 3265 1477 3321 (sic).
1538 3273 1603 3311 13.
1635 3270 1881 3313 conelecta.
1945 3276 2010 3313 14.

138 3317 279 3358 Deest
298 3317 455 3358 Amen.

258 3371 372 3425 Cap.
404 3373 440 3414 1.
502 3377 542 3416 1.
574 3373 644 3416 his
673 3375 744 3428 qui
780 3359 1064 3429 coaequalem
1093 3376 1239 3418 nobis.
1306 3381 1347 3419 2.
1387 3379 1433 3420 in
1462 3381 1689 3431 agnitione
1721 3380 1905 3422 Domini
1932 3396 2009 3423 no-

142 3429 228 3468 stri
251 3429 432 3479 (desunt
449 3429 588 3471 verba
598 3430 686 3472 Dei
697 3437 743 3472 et
754 3430 922 3472 Christi
944 3431 1092 3484 Jesu).
1149 3435 1192 3472 3.
1226 3432 1391 3476 donata
1418 3437 1502 3502 αἱ.

1560 3439 1601 3476 4.
1632 3447 1845 3488 perquam
1868 3439 2009 3479 maxi·

143 3495 215 3524 ma
237 3489 282 3524 et
305 3485 546 3537 praetiosa·
605 3489 646 3526 ἵ.
679 3487 926 3528 caritatem.
987 3492 1026 3530 8.
1059 3487 1170 3530 haec
1191 3493 1335 3530 autem
1359 3503 1506 3531 omma
1528 3492 1563 3531 si
1586 3491 1826 3532 vobiscum.
