2376 3925
780 140 1174 201 JOANNES.
1247 148 1418 200 CAP.
1457 152 1540 200 21.

215 250 468 311 audisset,
498 253 617 308 quia
644 253 893 300 Dominus
913 254 1011 311 est,
1041 254 1125 297 tu-

214 317 335 363 nica
354 321 606 367 succinxit
633 333 689 366 se
722 318 857 386 (erat
874 318 1009 365 enim
1026 332 1125 364 nu-

215 383 353 446 dus),
374 391 426 433 et
442 387 583 433 misit
600 401 655 432 se
676 386 730 432 in
749 399 904 432 mure.

282 453 331 500 8.
365 455 474 500 Alii
510 457 678 500 autem
712 452 945 510 discipuli
974 453 1121 498 navi-

210 517 300 576 εἷο
339 522 597 568 venerunt
634 520 761 582 (non
798 521 933 566 enim
966 520 1123 578 longe

210 592 362 636 erant
389 603 421 636 a
450 591 613 646 terra,
651 589 740 635 sed
771 587 917 645 quusi
942 589 1122 634 cubitis

216 655 471 716 ducentis)
486 669 497 700 :
508 656 760 702 trahentes
769 657 882 700 rete
892 655 1119 713 piscium.

279 729 329 770 9.
348 725 417 769 Ut
429 736 552 781 ergo
563 721 931 770 descenderunt
943 722 997 768 in
1014 724 1120 768 ter-

206 805 319 837 rum
332 822 346 851 ‚
366 791 605 837 viderunt
621 802 810 847 prunus
828 789 1021 847 positas
1032 820 1047 849 ,
1070 791 1123 837 et

208 859 403 917 piscem
422 857 812 915 superpositum,
835 859 887 903 et
904 870 1100 915 panem.

282 927 363 971 10.
396 926 535 971 Dicit
554 925 625 970 eis
644 925 674 969 J
678 936 818 970 esus:
846 925 1037 972 Afferte
1059 925 1119 970 de

213 993 431 1050 piscibus
442 1023 456 1051 ,
477 1005 604 1049 quos
622 991 948 1049 prendidistis
966 1005 1117 1037 nunc.

282 1061 362 1104 11.
396 1059 637 1106 Ascendit
656 1059 832 1104 Simon
849 1060 1048 1117 Petrus,
1070 1061 1121 1104 et

210 1128 373 1174 traxit
389 1129 495 1172 rete
515 1127 784 1183 interram,
795 1125 999 1182 plenum
1010 1138 1118 1170 mu—

210 1194 327 1254 gnis
364 1194 608 1252 piscibus,
639 1195 841 1239 centum
869 1193 1117 1249 quinqua-

208 1262 361 1321 ginta.
370 1261 547 1307 tribus.
582 1260 649 1307 Et
659 1275 684 1306 c
692 1274 773 1306 um
788 1260 917 1305 tenti
928 1263 1117 1321 essent,

206 1343 316 1377 non
339 1329 420 1375 est
438 1328 641 1373 scissum
662 1329 789 1373 rete.

275 1398 360 1442 12.
411 1395 548 1441 Dicit
583 1396 657 1441 eis
691 1395 722 1440 J
726 1405 867 1440 esus:
912 1393 1114 1452 Venite,

205 1462 477 1523 prandete!
505 1463 574 1509 Et
598 1475 747 1508 nemo
778 1461 992 1508 audebat
1010 1461 1115 1506 dis-

209 1530 547 1579 cumbentium
596 1530 917 1587 interrogare
970 1541 1112 1574 eum:

208 1601 290 1645 Tu
310 1598 421 1655 quis
442 1598 528 1643 es?
549 1596 785 1654 scientes,
806 1595 1115 1651 quianomi-

206 1677 304 1710 nus
326 1668 419 1711 est.

273 1733 358 1778 13.
392 1731 462 1776 Et
488 1729 633 1775 venit
654 1730 830 1786 Iesus,
862 1730 913 1774 et
936 1728 1119 1785 accipit

204 1813 421 1858 punem,
450 1800 501 1843 et
531 1796 616 1841 dot
641 1795 741 1854 eis,
771 1797 823 1840 et
839 1795 1027 1852 piscem
1047 1795 1117 1840 si-

205 1859 444 1912 militer?-

272 1936 358 1979 14.
392 1931 507 1979 Hoc
538 1930 644 1989 jnm
679 1920 867 1977 tertiok
900 1930 1116 1976 monife-

208 2005 369 2049 status
408 2003 488 2047 est
523 2000 671 2045 Jesus
707 1998 964 2055 discipulis
993 1998 1115 2058 suis,

208 2084 325 2117 cum
341 2067 711 2115 resurrexisset
728 2078 757 2111 a
776 2065 1005 2111 mortuis.

276 2138 361 2182 15.
398 2137 521 2181 Cum
542 2146 665 2191 ergo
686 2132 1116 2191 prandissent‚di-

205 2204 280 2251 cit
308 2203 506 2249 Simoni
535 2203 687 2247 Petro
723 2201 895 2246 Jesus:
940 2200 1116 2246 Simon

202 2268 445 2317 loannis!
501 2268 669 2326 diligis
714 2281 793 2313 me
832 2267 943 2325 plus
981 2260 1116 2313 hiel?

204 2338 348 2384 Dicit
366 2337 439 2382 ei:
458 2335 651 2394 Etiam,
670 2332 913 2381 Domine!
942 2336 997 2380 tu
1018 2334 1116 2379 scis

205 2405 329 2463 quia
363 2416 477 2448 amo
514 2404 581 2448 te.
649 2402 787 2447 Dicit
832 2401 906 2448 ei:
957 2401 1115 2448 Pasce

204 2468 605 2531 ugnosmmeos!

276 2540 360 2582 16.
394 2537 531 2583 Dicit
548 2537 600 2584 ei
618 2537 823 2582 iterum:
838 2535 1115 2581 Simonso-

204 2602 383 2651 annis!
406 2604 571 2662 diligis
589 2604 700 2649 me?
715 2603 799 2648 Ait
817 2602 891 2647 illi
905 2602 1113 2660 :Etiam,

204 2670 454 2718 Domine!
491 2675 547 2717 tu
576 2671 703 2729 scis,
742 2670 857 2725 quia
896 2682 1007 2717 amo
1046 2672 1113 2717 te.

206 2738 351 2785 Dicit
370 2739 443 2785 ei:
462 2739 619 2784 Pasce
640 2750 800 2794 agnos
818 2736 979 2782 meos!

279 2808 362 2851 17.
395 2806 531 2851 Dicit
551 2805 600 2850 ei
618 2804 796 2849 tertio:
828 2804 1001 2849 Simon
1021 2803 1052 2848 J
1055 2816 1115 2848 o-

2004 157 2104 207 183

1193 252 1392 309 Petrus,
1407 252 1524 308 quio
1543 252 1672 300 dixit
1690 255 1740 300 ei
1758 256 1936 302 tertio:
1952 258 2102 304 Amas

1193 318 1304 364 mel
1317 321 1368 364 et
1379 319 1507 364 dixit
1525 320 1823 367 eizDomine
1836 321 1846 366 !
1861 325 1912 368 tu
1934 325 2102 370 omniu

1193 385 1391 443 nosti”;
1411 389 1467 431 tu
1488 387 1604 445 scis,
1625 387 1742 444 quia
1761 402 1874 434 amo
1894 392 1961 436 te.
2005 391 2100 438 Di-

1192 452 1272 498 xit
1290 452 1364 499 ei:
1384 453 1542 498 Pasce
1563 466 1686 500 oves
1705 455 1864 502 meas!

1259 521 1341 564 18.
1360 520 1539 580 Amen,
1551 534 1697 566 amen
1710 522 1820 568 dieo
1839 524 1954 571 tibi:
1976 527 2100 572 Cum

1193 599 1330 632 esses
1347 586 1543 646 junior,
1565 589 1802 646 cingebas
1822 593 1900 650 te,
1922 594 1972 638 et
1991 606 2098 638 am-

1191 653 1415 712 bulabas,
1435 655 1522 701 ubi
1542 655 1778 714 volebas;
1801 671 1913 703 cum
1930 662 2100 706 autem

1187 721 1445 780 senueris,
1487 722 1733 769 extendes
1761 737 1940 770 manus
1965 730 2096 786 tuas,

1188 789 1243 833 et
1261 786 1389 834 alius
1407 792 1460 834 te
1480 789 1667 850 cinget,
1679 793 1730 837 et
1749 791 1914 852 ducet,
1928 806 2027 850 quo
2042 798 2098 840 tu

1188 867 1296 901 non
1315 855 1392 901 vis
1402 860 1440 900 ⁰.

1256 924 1337 967 19.
1372 922 1484 968 Hoc
1513 926 1680 970 autem
1709 924 1861 985 dixit,
1901 926 2095 986 signifi-

1188 1001 1327 1047 cans,
1340 1003 1438 1046 qua
1455 993 1619 1037 morte
1631 990 1991 1040 clarificaturus
2012 1007 2095 1040 es-

1187 1059 1266 1102 set
1283 1057 1460 1103 Deum.
1528 1059 1597 1103 Et
1617 1073 1728 1106 cum
1745 1061 1844 1108 hoc
1865 1061 2094 1122 dixisset,

1187 1124 1310 1171 dicit
1329 1125 1400 1170 ei:
1423 1126 1646 1181 Sequere
1665 1126 1766 1172 me!

1254 1192 1334 1236 20.
1373 1193 1662 1238 Conversus
1681 1194 1861 1240 Petrus
1887 1195 2012 1242 vidit
2029 1196 2094 1241 il-

1185 1256 1290 1303 lum
1318 1256 1642 1318 discipulum,
1683 1273 1828 1316 quem
1858 1262 2097 1320 diligebat

1184 1326 1216 1370 J
1219 1338 1352 1384 esus,
1369 1329 1678 1386 sequentem,
1697 1328 1782 1384 qui
1801 1329 1852 1374 et
1867 1330 2098 1376 recubuit

1183 1393 1239 1438 in
1259 1406 1422 1439 coena
1440 1405 1592 1450 super
1609 1398 1784 1451 pectus
1804 1395 1932 1456 ejus,
1948 1399 1998 1442 et
2017 1396 2093 1442 di-

1182 1461 1288 1506 xit:
1308 1459 1552 1521 Domine,
1573 1461 1684 1518 quis
1705 1463 1798 1522 est,
1826 1463 1912 1520 qui
1930 1462 2096 1512 tradet

1182 1528 1309 1574 teP?

1252 1596 1332 1640 21.
1377 1595 1524 1642 Hunc
1563 1610 1688 1655 ergo
1734 1611 1846 1643 cum
1885 1597 2091 1648 vidisset

1182 1661 1390 1720 Petrus,
1412 1662 1541 1708 dixit
1557 1664 1707 1709 Jesu:
1737 1663 1983 1725 Domine,
2011 1665 2094 1712 hic

1186 1730 1352 1773 autem
1372 1728 1523 1784 quid?

1254 1794 1335 1838 22.
1369 1793 1508 1840 Dicit
1543 1795 1592 1841 ei
1627 1796 1800 1842 Jesus:
1851 1797 1936 1844 Sic
1980 1812 2096 1845 eum

1186 1859 1308 1906 volo
1347 1873 1554 1906 manere
1567 1892 1581 1920 ,
1637 1862 1799 1909 donec
1847 1864 2042 1910 veniam
2052 1871 2092 1925 q,

1186 1927 1306 1987 quid
1325 1927 1389 1974 ad
1408 1929 1489 1974 te?
1509 1929 1564 1974 tu
1582 1942 1661 1975 me
1681 1930 1913 1987 sequere!

1252 1997 1332 2042 23.
1368 1996 1518 2041 Exiit
1534 2009 1699 2043 sermo
1721 1998 1816 2044 iste
1835 2000 1969 2046 inter
1987 2001 2092 2047 fra—

1180 2066 1305 2124 tres,
1319 2063 1437 2122 quia
1457 2063 1728 2121 discipulus
1747 2066 1835 2112 ille
1855 2080 1958 2113 non
1979 2082 2091 2115 mo-

1180 2132 1326 2178 ritur.
1361 2132 1431 2177 Et
1449 2145 1555 2177 non
1575 2131 1705 2178 dixit
1723 2133 1771 2179 ei
1789 2135 1935 2182 Jesus
1951 2136 2092 2182 :Non

1180 2200 1420 2256 moritur3
1452 2199 1561 2245 sed:
1598 2200 1682 2246 Sic
1701 2215 1814 2247 eum
1843 2203 1962 2248 volo
1982 2218 2090 2251 ma-

1182 2280 1325 2326 nere,
1347 2268 1510 2313 donec
1529 2267 1747 2328 veniam,
1771 2270 1886 2326 quid
1908 2272 1969 2315 ad
1989 2272 2074 2317 te?

1251 2336 1330 2379 24.
1364 2335 1459 2381 Hic
1481 2337 1558 2380 est
1579 2334 1850 2397 discipulus
1872 2337 1984 2395 ille,
2007 2338 2090 2394 qui

1182 2402 1525 2448 testimonium
1552 2402 1784 2460 perhibet
1811 2402 1872 2448 de
1903 2403 2008 2459 his,
2041 2406 2093 2448 et

1184 2468 1386 2525 scripsit
1403 2469 1557 2528 haec;
1579 2470 1630 2515 et
1647 2469 1851 2527 scimus,
1864 2469 1980 2525 quia
2000 2482 2091 2515 ve-
2161 2478 2170 2493 ·

1182 2548 1296 2581 rum
1315 2537 1391 2581 est
1408 2535 1751 2582 testimonium
1771 2536 1882 2593 ejus
1895 2541 1930 2579 ’·.

1251 2603 1332 2647 25.
1371 2603 1496 2648 Sunt
1513 2605 1680 2649 autem
1700 2605 1751 2649 et
1770 2602 1870 2647 ulia
1887 2602 2042 2648 multa
2051 2611 2089 2662 ³,

1182 2682 1312 2727 quae
1331 2669 1491 2715 fecitJ
1494 2683 1606 2716 esus
1620 2682 1634 2726 3
1649 2681 1776 2726 quse
1799 2670 1842 2714 si
1863 2670 2089 2717 scriban-

1181 2738 1265 2783 tur
1286 2750 1377 2795 per
1397 2736 1621 2794 singula,
1649 2749 1745 2781 nec
1773 2735 1933 2793 ipsum
1952 2740 2089 2784 arbi-

1182 2806 1295 2850 tror
1322 2802 1560 2849 mundum
1589 2814 1771 2859 capere
1798 2816 1950 2862 posse
1979 2820 2087 2867 eos,

206 2870 381 2921 annis!
400 2886 537 2919 amas
555 2884 635 2917 me
648 2870 669 2915 ³
681 2870 1020 2916 contristatus
1041 2871 1118 2917 est
1184 2869 1271 2929 qui
1289 2868 1541 2916 scribendi
1561 2870 1692 2929 sunt,
1712 2868 1887 2918 libros.

254 2964 271 2995 ἰ
287 2968 460 3011 Act.1o,
477 2970 541 3004 41.
588 2963 610 2992 rt
629 2978 661 3001 c.
681 2967 889 3007 20‚19.26.
930 2958 945 2985 1
966 2963 1116 3001 Mnuh.

204 3018 268 3056 26.
282 3020 343 3054 33.
390 3021 421 3040 r·
439 3026 473 3051 e.
493 3020 551 3056 ιο,
570 3018 607 3051 3.
628 3016 688 3048 11.

1147 3008 1201 3047 ¹⁹
1222 3026 1254 3048 c.
1275 3014 1337 3053 14,
1353 3015 1391 3048 3.

1229 2973 1304 3002 nc.
1323 2968 1360 3008 2,
1378 2966 1439 3001 2⁵.
1487 2967 1710 3006 oc.13‚36.
1755 2958 1920 3011 resia,
1948 2971 2088 3007 23.25.

1438 3015 1508 3045 vc,
1526 3013 1586 3053 19,
1604 3014 1665 3049 35.
1711 3018 1861 3057 ⁸c.20,
1880 3020 1941 3053 30.

321 3125 438 3180 Cap.
468 3122 605 3165 XXI.
665 3129 705 3167 8.
736 3124 968 3168 trahentes
994 3131 1089 3168 rete
1118 3127 1308 3181 piscium
1325 3125 1461 3180 (haec
1479 3126 1618 3169 verba
1633 3125 1684 3171 in
1707 3126 1865 3171 Codice
1884 3131 1949 3170 ad
1959 3142 2084 3169 mar-

200 3181 363 3238 ginem
389 3179 650 3223 minusculis
676 3180 820 3224 literis
847 3181 1025 3238 scripta
1048 3184 1194 3235 sunt).

202 3246 291 3280 set.
372 3240 441 3279 13.
474 3238 667 3291 accepit.
745 3239 813 3279 14.
846 3236 1085 3292 discipulis
1106 3236 1280 3291 (omiu-
1301 3238 1434 3293 suis).

1255 3185 1321 3223 10.
1351 3182 1615 3237 prendistis.
1677 3188 1743 3226 12.
1775 3184 1994 3225 Dominus
2015 3197 2084 3225 es-

1507 3243 1574 3281 15.
1613 3238 1848 3281 Johnnnis.
1929 3240 1994 3279 17.
2034 3242 2084 3279 tu

204 3293 356 3335 omniu
375 3292 481 3334 scis·
544 3295 608 3334 18.
639 3306 724 3347 quo
745 3307 832 3334 non
846 3294 915 3335 vis
936 3292 1104 3347 (omiu.
1128 3294 1216 3346 tu).
1275 3297 1344 3336 20.
1367 3307 1502 3345 cena3
1522 3293 1629 3337 ibid.
1650 3294 1806 3337 tradit.
1866 3295 1933 3335 21.
1957 3292 2080 3334 dicit.

203 3351 275 3390 23.
307 3348 480 3395 exivitz
498 3346 607 3391 ibid.
630 3350 679 3392 in
698 3348 883 3391 fratres.
942 3353 1010 3392 25.
1041 3349 1254 3392 mundum
1272 3362 1434 3406 capere
1454 3363 1530 3393 eos
1551 3348 1894 3405 (omiumposse).

870 3468 1414 3517 ψ
