2376 3925
346 126 446 176 35⁰

347 227 624 273 cerdotium
659 227 990 286 accipientes,
1035 227 1244 272 manda-

343 296 450 339 tum
483 294 668 340 habent
702 293 945 339 decimas⁶
981 306 1180 340 sumere
1214 305 1247 338 a

343 360 532 419 populo
553 360 824 407 secundum
851 360 1042 420 legem,
1069 360 1122 406 id
1149 362 1244 419 est,

345 441 378 474 a
413 427 647 473 fratribus
683 427 813 487 suis,
859 440 1152 485 quamquam
1196 430 1249 472 et

345 494 444 551 ipsi
463 494 682 540 exierint
701 494 762 540 de
781 495 960 541 lumbis
979 494 1226 541 Abrahae.

413 563 460 605 6.
497 561 652 619 cujus
672 564 836 607 autem
857 561 1118 620 generatio
1138 574 1246 605 non

348 631 707 675 annumeratur
757 629 812 675 in
863 628 963 688 eis,
1027 627 1245 673 decimas

347 696 522 741 sumsit
543 698 608 742 ab
623 696 868 742 Abraham
880 725 895 753 ,
921 698 972 740 et
989 695 1138 754 hunc,
1159 694 1248 751 qui

345 761 559 869 habebsat
591 762 1035 823 repromissiones,
1086 764 1245 809 bene-

350 829 478 876 dixit
524 862 536 874 .

415 898 462 941 ⁰1.
499 896 619 943 Sine
653 895 758 941 ulla
791 898 957 943 autem
984 896 1244 943 contradi-

349 962 533 1022 ctione,
547 962 678 1019 quod
696 962 859 1009 minus
879 967 1014 1023 est,a
1031 964 1244 1011 meliore

347 1029 672 1076 benedicitur.

413 1099 458 1141 8.
493 1096 562 1142 Et
580 1097 659 1143 hic
681 1095 879 1153 quidem
898 1097 1112 1144 decimas
1129 1110 1244 1143 mo-

345 1164 534 1210 rientes
582 1164 813 1210 homines
849 1165 1127 1223 accipiunt3
1174 1165 1244 1211 ibi

346 1233 510 1277 autem
531 1234 859 1291 contestatur,
881 1233 996 1289 quia
1016 1232 1157 1279 vivit.

413 1301 459 1343 9.
493 1298 563 1345 Et
599 1298 676 1359 (ut
710 1300 782 1345 ita
811 1300 993 1346 dictum
1029 1299 1116 1358 sit)
1153 1308 1245 1357 per

343 1366 592 1412 Abraham
628 1369 679 1413 et
711 1367 862 1425 Levi,
908 1367 995 1423 qui
1029 1366 1243 1414 decimas

345 1433 556 1491 accepit,
579 1430 851 1478 decim'atus
871 1437 974 1489 est3

412 1500 490 1543 10.
526 1498 684 1545 adhuc
712 1499 846 1545 enim
875 1500 929 1544 in
954 1498 1132 1545 lumbis
1151 1511 1242 1556 pa-

342 1564 432 1610 tris
452 1566 578 1624 erat,
592 1565 790 1622 quando
811 1566 1034 1612 obviavit
1053 1565 1100 1612 ei
1109 1565 1242 1612 Mel-

345 1632 624 1679 chisedech.

410 1701 488 1745 11.
525 1701 582 1748 Si
609 1714 732 1759 ergo
765 1701 1124 1747 consummatio
1151 1713 1244 1759 per

345 1768 680 1815 sacerdotium
696 1768 978 1815 Leviticum
997 1771 1105 1815 erat
1125 1768 1242 1827 (po-

341 1836 490 1894 pulus
509 1835 644 1883 enim
663 1838 752 1883 sub
772 1836 882 1894 ipso
902 1837 1066 1896 legem
1094 1849 1242 1882 acce-

340 1902 466 1964 pit),
521 1904 638 1961 quid
690 1904 849 1950 adhuc
901 1904 1243 1951 necessarium

339 1971 463 2030 fuit,
492 1971 759 2018 secundum
783 1972 1010 2018 ordinem
1027 1971 1242 2018 Melchi-

343 2037 528 2084 sedech
563 2038 716 2083 alium
751 2051 958 2095 surgere
1003 2037 1241 2084 sacerdo-

342 2107 460 2160 tem,
500 2105 551 2148 et
584 2117 691 2148 non
718 2104 989 2150 secundum
1012 2104 1243 2150 ordinem

342 2171 516 2214 Aaron
536 2168 633 2214 dici
645 2171 667 2215 ’.ὃ

410 2236 490 2279 12.
528 2235 797 2282 Translato
837 2236 970 2283 enim
1001 2237 1241 2283 sacerdo-

341 2303 442 2362 tio,
487 2315 698 2349 necesse
734 2304 837 2364 est,
882 2306 939 2350 ut
985 2307 1036 2351 et
1070 2305 1243 2364 legiae

339 2369 604 2418 translatio
624 2371 722 2417 fiat.

408 2439 488 2484 13.
523 2440 582 2484 In
611 2451 710 2495 quo
740 2438 872 2485 enim
899 2440 1023 2486 haec
1059 2439 1238 2486 dicun-

341 2507 440 2564 tur,
461 2505 521 2552 de
541 2506 637 2552 alia
659 2505 794 2552 tribu
813 2509 905 2566 est,
927 2507 987 2554 de
1008 2520 1104 2564 qua
1119 2507 1239 2554 nul-

339 2572 419 2620 lus
437 2573 586 2619 altari
603 2575 803 2631 praesto
823 2575 932 2620 fuit.

409 2642 487 2686 14.
522 2641 844 2686 Manifestum
863 2643 940 2687 est
955 2641 1087 2687 enim
1105 2641 1240 2698 quod

343 2719 410 2752 ex
428 2701 593 2753 Iudah
624 2711 764 2753 ortus
793 2708 858 2754 sit
875 2708 1120 2754 Dominus
1138 2721 1238 2754 no-

341 2776 472 2829 nter3
502 2775 555 2819 in
575 2788 672 2831 qua
689 2774 823 2821 tribu
841 2775 967 2821 nihil
986 2775 1046 2822 de
1066 2788 1237 2823 sacer-

341 2838 536 2886 dotibus
554 2843 760 2900 Moyses
779 2842 975 2890 locutus
995 2845 1087 2889 est.

386 2925 404 2944 0
421 2917 542 2954 Num.
561 2922 620 2959 18,
641 2924 700 2956 21.
746 2919 774 2954 f
794 2922 892 2960 Gen.
905 2924 1108 2966 14‚19.2o.
1153 2926 1180 2958 Ι
1196 2933 1237 2959 v.

339 2968 399 3004 18·
417 2969 477 3001 19.
523 2962 544 2989 7³
564 2964 667 3001 Gen.
683 2969 747 3009 419,
765 2972 826 3005 10.

573 124 928 177 EPISTOLA
960 124 1176 175 PAULI
1206 121 1303 173 AD
1338 119 1738 173 HEBRAEOS.
1776 120 1928 172 GAP.
1948 123 2003 171 ⁷.

1377 226 1458 269 15.
1492 222 1561 268 Et
1578 223 1791 281 amplius
1814 223 1979 270 adhuc
1998 227 2228 272 manife-

1312 292 1441 337 stum
1456 293 1533 336 est
1544 303 1559 347 ;
1572 290 1617 335 si
1634 290 1907 336 secundum
1924 291 2223 339 similitudi-

1311 370 1425 404 nem
1436 356 1805 404 Melchisedech
1822 362 2071 417 exsurgat
2086 359 2222 405 alius

1312 425 1566 483 sacerdos,

1378 494 1459 538 16.
1494 492 1579 549 qui
1604 504 1711 537 non
1740 492 2013 539 secundum
2046 494 2221 553 legem

1312 559 1533 605 mandati
1552 558 1769 605 carnalis
1781 553 1800 589 ἱ
1825 560 1989 606 factus
2008 565 2103 620 est,
2126 563 2221 608 sed

1314 627 1585 673 secundum
1604 626 1843 673 virtutem
1862 627 1997 675 vitae
2014 627 2219 674 insolu-

1312 693 1442 739 hilis.

1378 761 1458 805 17.
1497 760 1818 806 contestatur
1828 761 1986 807 enim:
1997 760 2218 820 „Quon-

1310 826 1411 873 iam
1438 828 1493 873 tu
1520 841 1573 872 es
1604 826 1841 873 sacerdos
1861 828 1917 873 in
1934 830 2213 887 aeternum,

1312 894 1621 954 „secundum
1666 894 1895 941 ordinem
1940 895 2214 943 Melchise-

1312 954 1568 1022 „dech²“.

1377 1030 1457 1073 18.
1518 1028 1829 1085 Reprobatio
1885 1028 2082 1085 quidem
2148 1032 2214 1076 sit

1310 1095 1655 1153 praecedentis
1674 1095 1891 1141 mandati
1899 1097 2107 1153 propter
2124 1097 2211 1142 in-

1310 1163 1592 1209 firmitatem
1610 1162 1721 1219 ejus
1740 1166 1795 1209 et
1812 1156 2180 1222 inutilitatem13

1377 1231 1457 1275 19.
1492 1229 1622 1275 nihil
1640 1230 1775 1275 enim
1794 1230 1857 1275 ad
1886 1231 2211 1288 perfectumm

1309 1296 1517 1343 adduxit
1561 1296 1676 1354 lex3
1730 1298 2039 1343 introductio
2080 1310 2207 1343 vero

1310 1364 1535 1411 melioris
1566 1364 1693 1422 spei,
1730 1377 1823 1421 per
1855 1378 2005 1422 quam
2032 1365 2205 1423 proxi-

1309 1444 1499 1477 mamus
1518 1430 1580 1477 ad
1597 1432 1775 1477 Deum.
2040 1472 2047 1479 ,

1320 1541 1325 1544 ,
1376 1501 1457 1544 20.
1492 1499 1560 1544 Et
1588 1501 1827 1554 quantum
1854 1501 1936 1544 est
1968 1512 2073 1544 non
2096 1500 2202 1545 siue

1306 1564 1637 1624 jurejurando
1654 1564 1762 1623 (alii
1782 1565 1986 1622 quidem
2004 1566 2111 1612 sine
2122 1566 2201 1623 ju-

1309 1633 1583 1691 rejurando
1604 1632 1895 1679 sacerdotes
1915 1634 2038 1679 facti
2056 1636 2181 1691 sunt,

1377 1718 1458 1761 21.
1493 1716 1575 1762 hic
1593 1717 1759 1762 autem
1777 1730 1893 1761 cum
1918 1717 2199 1775 ‚iureiuran-

1311 1783 1373 1829 do
1402 1795 1493 1842 per
1522 1796 1632 1829 eum
1644 1814 1660 1843 ,
1689 1782 1775 1839 qui
1802 1783 1935 1830 dixit
1959 1785 2022 1830 ad
2046 1784 2197 1830 illum:

1310 1851 1546 1911 „Iuravit
1559 1850 1823 1911 Dominus,
1837 1853 1889 1897 et
1906 1864 2015 1897 non
2033 1850 2197 1910 poeni-

1310 1918 1471 1979 „tebit
1492 1931 1601 1966 eum
1616 1933 1629 1977 ;
1645 1920 1700 1965 tu
1720 1931 1773 1965 es
1792 1918 2037 1967 sacerdos
2054 1920 2105 1966 in
2121 1931 2197 1965 se-

1310 1986 1666 2046 „ternum'¹“).

1375 2056 1456 2100 22.
1489 2055 1547 2099 ln
1567 2055 1760 2098 tantum
1778 2053 2012 2102 melioris
2024 2059 2046 2085 ⁰
2058 2057 2196 2102 testa-

1306 2117 1464 2168 menti
1482 2133 1699 2179 sponsor
1717 2122 1881 2166 factus
1904 2124 1983 2167 est
1999 2122 2155 2168 Iesus.

1376 2205 1455 2250 23.
1490 2204 1559 2249 Et
1577 2204 1665 2250 alii
1682 2204 1881 2261 quidem
1901 2205 2075 2262 plures
2092 2205 2199 2251 facti

1308 2274 1426 2328 sunt
1462 2271 1774 2331 sacerdotes,
1820 2271 2014 2319 idcirco
2027 2303 2044 2333 ,
2082 2271 2200 2330 quod

1307 2341 1469 2384 morte
1480 2339 1870 2396 prohiberentur
1882 2353 2175 2398 permanere
2185 2354 2197 2394 ς

1374 2423 1454 2466 24.
1489 2421 1571 2468 hic
1591 2423 1756 2468 autem
1775 2436 1838 2468 eo
1859 2425 1992 2480 quod
2014 2427 2200 2470 maneat

1306 2489 1360 2534 in
1380 2492 1662 2550 aeternum,
1684 2491 2047 2548 sempiternum
2065 2491 2199 2537 habet

1307 2556 1655 2602 sacerdotium.

1372 2625 1452 2669 25.
1488 2623 1629 2670 Unde
1650 2626 1702 2669 et
1719 2623 1919 2670 salvare
1950 2626 2003 2670 in
2026 2635 2197 2684 perpe-

1305 2692 1444 2735 tuum
1472 2691 1639 2748 potest
1669 2691 1971 2738 accedentes
2001 2705 2092 2751 per
2123 2705 2196 2738 se·

1305 2760 1406 2804 met
1424 2758 1585 2816 ipsum
1600 2757 1662 2803 ad
1671 2759 1897 2816 DeumP3
1910 2773 2111 2818 semper
2126 2759 2196 2803 vi-

1350 2870 1366 2900 ἰ
1383 2887 1423 2911 v.
1442 2878 1499 2913 18.
1517 2880 1575 2913 19.
1622 2874 1644 2902 ²⁶
1662 2887 1694 2914 c.
1710 2879 1747 2918 5,
1765 2878 1799 2913 6.
1818 2876 1887 2913 Pa.
1898 2881 1983 2920 109,
1993 2881 2035 2914 4.
2082 2876 2095 2902 ¹
2112 2875 2196 2912 Gal.

1302 2924 1343 2965 4,
1360 2926 1397 2959 9.
1462 2929 1494 2947 m
1510 2933 1549 2959 v.
1567 2927 1623 2959 11.
1686 2929 1708 2948 π
1725 2921 1790 2958 Pa.
1810 2927 1895 2964 109,
1914 2925 1956 2959 4.
2023 2931 2041 2950 ο
2062 2935 2095 2960 c.
2112 2925 2148 2964 8,
2164 2925 2196 2959 ⁶.

1303 2975 1327 3002 P
1348 2979 1383 3004 c·
1401 2973 1439 3012 9,
1455 2970 1520 3005 24·
1536 2966 1624 3005 John
1642 2970 1705 3010 14,
1724 2971 1762 3007 6·
1793 2967 1910 3005 Rom·
1931 2973 1969 3012 8,
1987 2971 2049 3007 34-

451 3112 564 3168 Cap·
595 3111 702 3154 VII.
777 3117 818 3157 6.
860 3116 1197 3166 adnumeratur,
1226 3114 1335 3160 ibid.
1368 3118 1563 3160 decimas
1590 3116 1784 3170 sumpsit
1817 3114 2052 3158 Abraham
2080 3117 2196 3168 (sic).

339 3175 379 3212 8.
409 3169 470 3210 ibi
501 3171 649 3210 autem
677 3173 968 3213 contestatus.
1027 3178 1093 3214 11.
1125 3171 1261 3216 athuc
1288 3174 1587 3217 necessarium
1615 3172 1759 3225 (deest
1782 3171 1919 3226 fuit);
1947 3171 2057 3214 ihm.
2087 3171 2195 3214 Mel-

339 3224 562 3267 chisedec.
620 3227 686 3265 13.
716 3223 894 3266 altario.
954 3231 1019 3269 14.
1051 3229 1342 3271 manifestum
1372 3231 1490 3271 enim
1521 3228 1667 3281 (deest
1688 3227 1803 3281 est);
1830 3226 1942 3269 ibid.
1980 3230 2105 3269 ortus
2132 3233 2198 3269 est

340 3280 556 3323 Dominus
575 3284 750 3329 noster-3
769 3279 878 3322 ibid.
897 3280 1062 3324 Moses.

1121 3288 1191 3326 15.
1222 3285 1379 3334 atbuc;
1399 3284 1507 3328 ibid.
1527 3284 1732 3334 exurget.
1792 3285 1860 3324 ss.
1881 3281 2197 3325 Melchisedec.

341 3338 407 3377 19.
437 3347 521 3389 per
549 3346 678 3389 quam
705 3336 998 3379 maximamus
1024 3338 1084 3378 ad
1110 3338 1256 3382 Deum
1280 3339 1401 3393 (sic).
1458 3345 1526 3383 2⁰.
1556 3341 1625 3380 21.
1656 3335 1737 3378 alii
1766 3337 1944 3392 quidem
1965 3339 2061 3380 sine
2075 3338 2197 3390 jure·

335 3388 526 3438 jurando
567 3388 641 3442 (in
659 3388 867 3443 margine
897 3391 1064 3444 legitur
1088 3392 1231 3436 literis
1256 3394 1504 3440 minoribus
1531 3391 1781 3436 uncialibus
1802 3393 2061 3434 sacerdote!
2089 3393 2197 3436 fach’

341 3444 463 3498 suut)
481 3444 556 3487 hic
575 3449 721 3487 autem
743 3458 838 3488 cum
853 3443 1162 3498 jurejurando.
1221 3455 1289 3494 21.
1319 3450 1585 3506 paenitebit.
1642 3451 1711 3490 25.
1741 3448 1791 3489 in
1808 3452 2042 3504 perpetuo.
