2376 3925
408 198 830 251 EPISTOLA
864 198 1113 249 PAULI
1147 200 1252 249 AD
1290 198 1481 248 ROM.
1523 201 1691 251 CAP.
1731 202 1779 251 5.
1803 201 1852 252 6.

203 303 368 361 magis
405 303 569 361 gratis.
602 301 702 347 Dei
746 304 798 346 et
839 300 1026 346 donum
1060 300 1116 346 in

206 371 374 430 gratia
393 369 540 415 unius
565 367 785 414 hominis
813 367 938 414 Iesu
967 367 1114 414 Chri-

207 439 276 483 sti
297 438 350 482 in
369 437 541 495 plures
562 435 847 482 abundavit.

276 506 356 549 16.
390 504 459 550 Et
467 516 576 549 non
588 502 814 560 sicutper
824 514 978 548 unum
993 514 1114 560 pec-

207 573 393 630 catum,
413 571 486 616 ita
506 572 558 616 et
575 569 774 616 donum.
833 569 959 614 Nam
973 568 1114 626 judi-

205 639 341 684 cium
360 638 560 695 quidem
587 651 654 683 ex
669 649 774 683 uno
801 636 855 682 in
875 636 1115 682 condem-

204 705 498 762 nationem3
532 704 694 763 gratia
712 704 880 759 sutem
899 717 968 751 ex
983 703 1114 749 mul-

205 773 274 820 tis
297 772 494 819 delictis
515 771 566 817 in
584 771 1012 829 J‘ustificationem.

274 842 357 885 17.
397 839 450 886 Si
471 839 604 886 enim
620 837 772 884 unius
783 837 966 883 delicto
977 849 1116 882 mors

204 906 448 965 regnavit
463 919 556 965 per
573 919 729 952 unum
743 919 757 962 3
777 905 936 950 multo
955 905 1116 962 magis

205 974 565 1022 abundantiam
585 973 798 1032 gratiae,
810 975 862 1018 et
880 972 1118 1017 donatio-

208 1042 315 1099 nis,
351 1044 402 1088 et
429 1041 661 1098 justitiae
696 1039 1024 1097 accipientes,
1063 1039 1117 1084 in

207 1109 322 1154 vita
337 1108 620 1166 regnabunt
643 1119 736 1164 per
762 1119 921 1152 unum
944 1106 1120 1152 Jesum

211 1175 481 1222 Christum.

277 1244 362 1287 18.
396 1242 554 1300 Igitur
575 1240 706 1287 sicut
730 1253 822 1298 per
851 1240 1000 1286 unius
1031 1239 1118 1287 de-

207 1311 392 1357 lictum
409 1310 461 1354 in
481 1323 657 1355 omnes
675 1308 906 1354 homines
927 1309 980 1354 in
994 1320 1120 1353 con-

209 1377 614 1434 demnationem3
653 1377 726 1422 sic
755 1379 808 1421 et
839 1389 933 1433 per
969 1375 1120 1421 unius

203 1445 458 1504 justitium
492 1444 548 1489 in
586 1457 762 1489 omnes
797 1443 1030 1489 homines
1055 1442 1122 1488 ’in

203 1511 623 1570 justificationem
637 1511 791 1558 vitae.

279 1581 364 1624 19.
402 1579 543 1625 Sicut
561 1577 696 1624 euim
707 1591 800 1634 per
820 1577 1121 1624 inobedien-

207 1646 338 1692 tiam
372 1646 524 1691 unius
561 1644 784 1690 hominis
825 1646 1122 1701 peccatores

207 1713 479 1760 constituti
509 1713 627 1756 sunt
654 1709 827 1766 multi3
857 1711 928 1756 ita
956 1712 1006 1756 et
1033 1723 1124 1766 per

206 1781 366 1826 unius
405 1775 749 1823 obeditionem
772 1777 898 1833 J’usti
931 1776 1124 1822 consti-

205 1848 423 1894 tuentur
441 1843 600 1888 multi.

277 1915 364 1959 20.
399 1912 512 1957 Lex
530 1911 698 1956 autem
716 1908 1042 1968 subintravit,
1069 1910 1127 1954 ut

205 1980 496 2030 abundaret
514 1978 751 2025 delictum
759 1984 801 2021 1⁴.
845 1977 940 2024 Ubi
959 1979 1126 2023 autem

207 2048 490 2096 abundavit
520 2046 782 2105 delictum,
809 2047 1123 2104 superabun-

211 2117 356 2163 davit
373 2114 551 2173 grstia.

283 2185 366 2228 21.
401 2184 490 2241 Ut,
521 2182 652 2227 sicut
676 2180 913 2239 regnavit
939 2192 1123 2237 pecca-

209 2257 324 2298 tum
344 2250 396 2296 in
415 2248 764 2307 mortemv,ita
783 2249 834 2293 et
853 2248 1018 2305 gratia
1034 2260 1121 2293 re·-

212 2318 342 2377 gnet
367 2330 459 2373 per
486 2316 734 2374 justitiam
770 2315 824 2360 in
852 2314 1004 2360 vitam
1033 2327 1120 2359 ae·-

211 2388 482 2442 ternumu',
529 2395 622 2441 per
655 2383 830 2429 Jesum
869 2381 1120 2427 Christum

208 2451 491 2499 Dominum
509 2452 756 2497 nostrum.

511 2581 681 2634 CAP.
735 2580 828 2633 Vl.

205 2682 272 2725 In
302 2678 482 2723 Christo
514 2680 742 2737 baptizati
770 2690 933 2721 sumus.
991 2675 1121 2719 Servi

209 2738 334 2780 facti
347 2735 568 2789 justitiae,
580 2737 810 2778 tradamus
827 2734 1024 2776 membru
1043 2747 1122 2775 no-

209 2798 315 2837 stra
335 2792 547 2844 obsequio
575 2789 782 2842 justitiae
811 2790 870 2831 ud
895 2791 1034 2832 vitam
1052 2790 1121 2831 vi-

419 2847 560 2890 talem
575 2846 921 2902 impetrandam.

283 2944 332 2987 1.
372 2941 501 2993 Quid
523 2952 646 2997 ergo
661 2936 1122 2994 dicemus‘iperma-

210 3008 446 3055 nebimus
472 3008 529 3054 in
559 3007 794 3065 peccato,
831 3004 923 3049 ut'
961 3004 1123 3062 gratia

212 3075 472 3123 abundet?

263 3180 285 3198 *ι
304 3182 416 3219 supr.
435 3175 480 3213 3,
499 3174 558 3207 20.
594 3173 639 3212 7,
665 3173 700 3205 7.
730 3178 790 3215 sq.
837 3173 859 3193 v
877 3176 986 3213 supr.
1005 3176 1046 3201 v.
1065 3168 1122 3202 12.

212 3227 248 3246 ¹¹³
271 3230 382 3265 supr.
400 3230 442 3253 v.
458 3222 492 3254 1.
511 3221 547 3255 2.
596 3223 622 3241 ³⁹
640 3226 749 3263 supr.
768 3219 804 3256 3,
823 3217 858 3251 8.

332 3364 449 3419 Cap.
480 3361 538 3402 V.
598 3368 666 3405 15.
696 3363 746 3404 in
768 3362 955 3414 gratiam
977 3363 1124 3406 unius.

1932 199 1934 202 ⁴
1988 203 2085 252 245

1251 303 1299 345 2.
1336 302 1494 348 Absit.
1567 303 1665 355 Qui
1690 305 1823 350 enim
1860 306 2085 351 mortui-7

1183 379 1353 414 sumus
1382 370 1619 428 peccato,
1648 371 1900 428 quomodo
1929 371 2088 418 adhuc

1183 435 1411 481 vivemus
1431 437 1484 481 in
1505 436 1595 482 illo
1608 438 1630 481 ’.ἱ

1253 503 1298 548 3.
1334 504 1416 547 An
1434 503 1680 560 ignoratis
1693 535 1707 563 ,
1728 506 1844 562 quia
1863 505 2087 564 quicum·

1183 583 1281 626 que
1318 570 1558 627 baptizati
1596 584 1764 617 sumus
1802 573 1855 618 in
1887 573 2087 619 Christo

1182 638 1323 696 Iesu,
1347 636 1402 682 in
1429 639 1594 684 morte
1622 638 1811 696 ipsius²
1850 639 2088 697 baptizati

1184 704 1389 750 sumus?

1250 773 1298 816 4.
1330 771 1625 829 Consepulti
1644 772 1778 817 enim
1798 785 1967 818 sumus
1980 786 2091 818 cum

1181 837 1275 884 illo
1304 851 1396 896 per
1430 839 1726 897 baptismum
1764 840 1818 884 in
1851 845 2088 899 mortem3

1185 907 1266 964 ut,
1288 906 1538 962 quomodo
1571 907 1799 952 Christus
1820 908 2044 954 surrexit
2062 920 2091 953 a

1181 972 1396 1018 mortuis
1416 985 1507 1031 per
1526 973 1739 1032 gloriam
1758 974 1939 1034 Patris,
1954 975 2025 1021 ita
2044 977 2093 1021 et

1183 1052 1282 1086 nos
1310 1039 1365 1084 in
1395 1039 1623 1087 novitate
1660 1041 1833 1088 vitnau
1868 1042 2091 1088 ambule-

1184 1107 1327 1152 mus'.⁸

1256 1176 1302 1218 5.
1339 1173 1395 1219 Si
1432 1173 1568 1220 enim
1612 1176 1936 1233 complantati
1970 1177 2094 1222 facti

1190 1253 1359 1286 sumus
1396 1240 1713 1287 similitudini
1746 1243 1925 1288 mortis
1964 1243 2091 1300 qius,

1190 1307 1339 1353 simul
1358 1309 1409 1352 et
1425 1309 1817 1354 resurrectionis
1837 1311 2043 1367 erimus,

1257 1376 1304 1419 6.
1323 1374 1421 1420 hoc
1442 1375 1677 1434 scientes,
1700 1376 1817 1432 quia
1834 1379 1979 1422 vetus
1998 1377 2093 1423 ho-

1190 1455 1272 1488 mo
1285 1434 1307 1470 ⁶
1319 1443 1497 1488 noster
1516 1443 1664 1488 simul
1686 1443 1983 1490 crucifixusc
2000 1449 2091 1502 est,

1192 1512 1245 1555 ut
1265 1508 1551 1555 destruatur
1572 1523 1755 1568 corpus
1774 1512 1968 1568 peccati
1980 1505 2024 1566 d,
2047 1515 2097 1557 et

1193 1575 1325 1622 ultra
1343 1589 1451 1621 non
1471 1577 1749 1624 serviamus
1769 1583 1994 1635 peccato.

1259 1645 1305 1688 7.
1344 1643 1443 1696 Qui
1462 1645 1597 1690 enim
1624 1647 1852 1691 mortuus
1882 1648 1985 1704 est,
2010 1646 2094 1702 ju·-

1192 1709 1431 1755 stificatus
1453 1714 1530 1756 est
1548 1724 1577 1756 a
1595 1714 1821 1768 peccato.

1262 1778 1307 1820 8.
1332 1776 1386 1822 Si
1408 1779 1573 1823 autem
1590 1779 1778 1824 mortui
1797 1791 1965 1824 sumus
1986 1795 2094 1826 cum

1195 1842 1423 1900 Christ03
1472 1844 1745 1905 credimus,
1783 1846 1899 1901 quia
1951 1846 2098 1892 simul

1196 1909 1346 1955 etiam
1364 1909 1591 1955 vivemus
1618 1925 1728 1956 cum
1750 1912 1979 1970 Christ03

1263 1980 1309 2022 9.
1347 1977 1563 2023 scientes
1577 2008 1591 2036 ,
1612 1979 1745 2035 quod
1768 1979 1993 2025 Christus
2012 1993 2097 2027 re-

1194 2057 1409 2103 surgens
1430 2058 1495 2091 ex
1515 2046 1727 2092 mortuis
1742 2046 1849 2105 Jam
1861 2060 1965 2093 non
1985 2062 2096 2094 mo-

1192 2114 1339 2170 ritur,
1360 2125 1498 2158 mors
1518 2112 1595 2159 illi
1616 2113 1777 2159 ulti-ae
1800 2125 1907 2161 non
1935 2115 2098 2161 domi-

1190 2180 1409 2226 nubitur.

1260 2249 1341 2291 10.
1389 2247 1538 2299 Quod
1584 2248 1718 2294 enim
1754 2253 1981 2296 mortuus
2022 2255 2099 2297 est

1190 2314 1427 2372 peccato,
1475 2318 1703 2361 mortuus
1742 2318 1819 2362 est
1868 2309 2069 2363 semels
2082 2334 2095 2375 3

1192 2381 1327 2439 quod
1348 2384 1514 2427 autem
1534 2382 1676 2442 vivit,
1700 2384 1825 2429 vivit
1843 2384 1971 2429 Deo.

1259 2449 1339 2493 11.
1376 2450 1453 2494 Ita
1472 2450 1523 2494 et
1541 2462 1635 2494 vos
1657 2450 1941 2495 existimate
1960 2480 1973 2507 ,
2007 2463 2098 2495 vos

1188 2517 1420 2561 mortuos
1468 2515 1666 2571 quidem
1711 2528 1823 2561 esse
1859 2520 2097 2575 peccato,

1192 2582 1422 2627 viventes
1460 2584 1627 2627 autem
1660 2581 1771 2628 Deo
1806 2582 1861 2627 in
1899 2582 2097 2630 Christo

1190 2650 1313 2695 Jesu
1333 2649 1556 2694 Domino
1574 2651 1772 2695 nostro.

1260 2718 1340 2761 12.
1376 2716 1493 2761 Non
1509 2728 1633 2774 ergo
1644 2718 1827 2772 regnet
1839 2720 2098 2773 peccatum

1190 2783 1246 2829 in
1293 2779 1464 2829 vestro
1510 2781 1716 2827 mortali
1753 2796 1966 2840 corpore
1980 2817 1994 2845 ,
2044 2790 2097 2832 ut

1194 2850 1439 2896 obediatis
1461 2847 1882 2904 concupiscentiis
1902 2852 2026 2909 ejus.

1260 2917 1341 2961 13.
1364 2916 1461 2961 Sed
1473 2927 1637 2971 neque
1645 2916 1925 2966 exhibeatis
1938 2934 2093 2967 mem-

1192 2985 1283 3029 bra
1314 2984 1479 3029 vestra
1506 2994 1645 3027 orma
1672 2982 1947 3043 iniquitatis
1974 3002 2093 3045 pec·

1238 3082 1263 3109 :r
1280 3072 1379 3110 infr.
1396 3084 1439 3110 v.
1464 3076 1501 3111 6.
1529 3077 1587 3111 12.
1952 3078 2038 3116 col.
2055 3084 2093 3123 2,

1192 3125 1251 3159 12.
1297 3127 1319 3146 ⁰
1337 3123 1361 3155 2
1380 3120 1468 3157 Cor.
1488 3124 1525 3163 5,
1543 3124 1602 3159 15.
1649 3120 1667 3149 ὅ
1682 3122 1791 3171 Eph.
1808 3130 1847 3167 4,
1858 3130 1919 3161 22.
1967 3133 1983 3151 θ
2002 3126 2094 3161 Gal.

1192 3170 1229 3209 5,
1247 3168 1309 3204 24.
1358 3165 1379 3193 ⁶1
1396 3165 1491 3203 infr.
1510 3171 1555 3211 7,
1583 3171 1641 3205 18.
1666 3172 1727 3207 23.
1775 3178 1792 3197 ³
1810 3170 1939 3218 Apoc.
1965 3176 2009 3215 1,
2036 3174 2094 3209 18.

1192 3212 1219 3247 5
1234 3212 1331 3249 Ebr.
1350 3218 1387 3257 9,
1406 3217 1451 3251 25
1468 3217 1577 3251 -·28.

1650 3082 1669 3100 z
1687 3076 1782 3114 infr.
1808 3090 1849 3115 v.
1867 3083 1904 3118 6.

1185 3364 1254 3405 16.
1284 3375 1367 3417 per
1383 3375 1517 3404 unum
1538 3369 1800 3417 peccantem
1822 3363 1953 3419 (sic);
1987 3363 2094 3409 ibid.

215 3434 320 3465 nam
346 3418 568 3473 judicium
596 3431 656 3460 ex
684 3432 787 3459 uno.
857 3421 925 3460 17.
965 3419 1014 3461 in
1047 3422 1196 3461 vitum.
1258 3421 1323 3462 19.
1358 3417 1701 3461 obaeditionem.
1760 3422 1830 3460 21·
1860 3424 2093 3473 peecatum

213 3479 266 3520 in
295 3480 456 3524 morte.

220 3537 288 3577 11.
323 3532 464 3575 Deest
484 3530 676 3572 Domino
698 3533 865 3571 nostro.

577 3472 660 3515 vl.
729 3478 771 3515 4.
813 3476 1015 3517 surrexit
1045 3474 1267 3518 Christus.
1335 3477 1378 3517 9·
1414 3487 1625 3526 surgens3
1652 3473 1760 3517 ibid.
1791 3479 1837 3515 et
1862 3488 1981 3518 mors
2005 3474 2092 3520 illi.
