2376 3925
638 195 1175 248 MATTHAEUS.
1250 197 1418 248 cAP.
1455 199 1539 249 23.
1569 201 1651 249 24.

205 302 299 346 das
320 311 429 356 eon,
442 298 529 354 qui
539 298 603 343 ad
612 300 665 344 te
675 298 813 344 missi
830 301 973 356 aunt;
988 312 1117 354 quo-

204 367 305 413 ties
326 365 471 411 volui
490 377 805 423 congregare
830 365 961 412 filios
980 369 1115 424 tuos,

206 431 629 491 quemadmodum
664 431 851 489 gallina
896 445 1115 490 congre-

206 503 296 559 gat
304 499 477 557 pullos
497 511 620 546 suos
636 501 725 544 sub
744 499 869 557 alas,
882 504 933 545 et
944 499 1114 546 nolui-

208 567 305 614 sti?

276 635 357 680 38.
392 631 555 678 Ecce!
591 631 941 688 relinqueturu
970 632 1113 678 vobis

208 703 389 748 domus
409 702 583 746 vestra
599 698 815 746 deserta.

276 769 359 812 39.
393 766 523 812 Dico
544 766 681 811 enim
696 765 869 812 vobis:
900 765 1015 810 Non
1033 779 1113 810 me

206 833 445 882 videbitis
471 832 682 892 amodo,
720 832 881 879 donec
910 831 1111 879 dicatis:

204 900 533 959 Benedictus,
563 899 649 957 qui
675 899 889 946 venitin
906 899 1112 946 nomine

206 966 439 1014 Domini!

455 1108 624 1160 CAP.
667 1109 865 1160 xxlv.

208 1209 363 1252 Oratio
384 1208 497 1250 Jesu
517 1209 570 1250 de
590 1205 967 1259 Ierosolymorum
986 1219 1112 1248 ever-

205 1266 335 1307 sione
364 1269 414 1307 et
444 1263 519 1305 (lie
552 1263 728 1314 judicii.
789 1261 1019 1305 Parabola
1056 1261 1111 1303 de

298 1320 416 1362 ficis.
476 1319 547 1360 De
566 1331 695 1360 servo
713 1319 805 1361 fido
819 1323 867 1362 et
882 1317 1019 1362 malo.

272 1416 322 1458 1.
358 1411 461 1458 vEt
478 1424 713 1470 egressus
732 1411 764 1456 J
766 1424 881 1457 esus
902 1411 962 1456 de
980 1413 1110 1456 tem-

202 1480 293 1539 plo
324 1479 441 1525 ibat.
508 1477 577 1526 Et
600 1479 923 1524 accesserunt
959 1477 1111 1524 disci-

202 1548 315 1606 puli
334 1547 461 1605 ejus,
480 1547 538 1591 ut
556 1545 885 1592 ostenderent
902 1545 951 1591 ei
969 1544 1111 1590 aedi-

202 1614 469 1661 ficationes
486 1611 676 1669 templi.

276 1681 328 1725 2.
361 1681 471 1736 lpse
480 1683 645 1725 autem
652 1679 969 1736 respondens
982 1677 1113 1724 dixit

198 1748 342 1795 iuis:
361 1745 548 1792 Videtis
570 1745 697 1792 haec
728 1745 927 1791 omnia!
950 1745 1111 1790 Amen

202 1815 326 1862 dico
374 1813 541 1859 vobis:
586 1813 753 1859 Νοιιιν
794 1811 1111 1870 relinquetur

198 1881 290 1928 hic
310 1879 441 1938 lapis
468 1891 617 1938 super
636 1879 870 1938 lapidem,
898 1878 983 1934 qui
1004 1891 1109 1922 non

201 1949 507 1997 destruatur.

270 2019 319 2063 3.
356 2014 577 2063 sedente
628 2018 794 2061 autem
846 2026 908 2059 eo
957 2025 1109 2070 super

198 2085 429 2130 montem
454 2082 662 2139 oliveti,
692 2082 1018 2127 accesserunt
1044 2081 1109 2125 ad

202 2164 319 2197 eum
348 2148 583 2207 discipuli
610 2151 833 2205 secreto,
856 2146 1105 2193 dicentes:

198 2218 299 2263 Dic
318 2217 484 2274 nobis,
506 2212 705 2271 quando
724 2216 849 2260 haec
868 2214 1046 2259 erunt‘.⁸
1059 2216 1110 2259 et

198 2283 339 2341 quod
350 2283 549 2341 signum
558 2281 803 2327 adventus
814 2282 906 2340 tui,
918 2283 973 2327 et
980 2293 1107 2327 con-

197 2348 551 2397 smnmatiouis
570 2347 824 2394 saeculi-‘3

266 2420 318 2463 4.
352 2416 421 2462 Et
444 2415 762 2474 respondeus
790 2417 939 2461 Jeaus
977 2415 1109 2461 dixit

198 2485 275 2532 eis
288 2498 303 2529 τ
323 2484 520 2541 Videte,
540 2496 609 2528 ne
627 2483 739 2539 quis
756 2494 852 2528 vos
878 2480 1104 2528 seducat!

270 2555 319 2597 5.
354 2557 387 2593 7
397 2550 546 2597 Multi
564 2550 701 2595 euim
709 2550 919 2595 venient
934 2549 989 2594 in
1006 2561 1106 2594 no-

192 2618 337 2665 mine
373 2630 486 2663 meo
498 2648 514 2675 ,
552 2616 801 2662 dicentes:
846 2616 959 2673 Ego
996 2628 1107 2661 sum

196 2686 457 2731 Christus:
478 2687 531 2731 et
546 2683 731 2729 multos
751 2682 1043 2729 seduceut²!

266 2756 318 2797 6.
354 2751 585 2798 Audituri
602 2750 737 2797 enim
754 2750 875 2796 estis
892 2750 1104 2809 praelia,

194 2824 251 2867 et
270 2820 545 2878 opiniones
564 2817 871 2876 praeliorum
884 2832 899 2875 ;
914 2815 1103 2863 videte!

194 2902 263 2934 ne
284 2886 585 2942 turbemini3
608 2887 811 2943 oportet
828 2884 963 2930 enim
980 2884 1105 2931 haec

194 2955 329 3014 lieri,
350 2954 439 3000 sed
456 2951 682 2998 nondum
699 2954 779 2997 est
795 2950 924 2996 finis.

266 3023 317 3065 7.
338 3020 625 3077 consurget
636 3019 771 3065 enim
782 3029 908 3079 gens
916 3017 969 3063 in
978 3030 1104 3075 gen-

244 3131 268 3148 ·-
284 3122 387 3159 Luc.
412 3125 473 3163 19,
492 3123 553 3158 43.
574 3133 592 3155 s
621 3147 632 3158 .
699 3126 717 3146 ⁸·
733 3130 772 3157 v.
791 3122 937 3157 1-36,
978 3118 1104 3157 Marc.

194 3173 257 3212 13,
276 3172 423 3206 1—-37,
456 3166 558 3203 Luc.
618 3191 633 3209 ,
662 3168 805 3205 5—36.
868 3170 901 3190 Ψ
918 3163 1018 3200 Luc.
1042 3168 1103 3206 19,

194 3218 262 3253 “a
331 3220 413 3252 ,vo
438 3216 499 3251 ὦ·
528 3223 613 3261 ·qq⁸
660 3219 685 3247 ἴ
703 3223 743 3249 v·
759 3215 817 3249 u·
834 3214 894 3249 w·
920 3213 981 3248 24·
1010 3208 1105 3249 Act·

194 3265 235 3302 5,
254 3262 317 3298 ³6.
335 3264 395 3297 37.
443 3266 461 3283 ’-
478 3256 567 3295 Joh.
586 3260 623 3301 ⁵,
640 3260 703 3295 ⁴3.

2017 206 2084 254 41

1182 302 1302 357 tem,
1339 303 1394 345 et
1427 314 1638 357 reguum
1670 303 1724 348 in
1759 317 1996 364 regnum,
2035 311 2086 352 et

1184 369 1334 412 erunt
1359 367 1692 427 pestilentiae,
1731 371 1784 416 et
1815 373 1994 429 fames,
2031 375 2086 418 et

1181 436 1352 479 terrae
1369 435 1536 479 motus
1553 447 1644 490 per
1663 435 1790 482 loca.

1251 502 1297 544 8.
1331 501 1470 546 Haec
1515 505 1680 547 autem
1727 505 1894 550 omnia
1937 505 2082 552 initia

1182 571 1300 612 suut
1317 567 1564 612 dolorum.

1250 637 1294 678 9.
1333 635 1476 680 Tunc
1487 641 1512 664 ‘⁸
1528 635 1732 681 tradent
1741 648 1838 682 vos
1849 637 1902 682 in
1919 639 2080 686 tribu-

1181 699 1439 758 lationem,
1452 704 1503 746 et
1521 701 1755 747 occident
1772 715 1896 760 νοις
1917 707 1968 750 et
1978 707 2081 751 eri·-

1180 767 1246 812 tis
1276 767 1392 812 odio
1422 769 1650 815 omnibus
1688 770 1920 827 gentibus
1958 783 2080 828 pro-

1182 837 1295 891 pter
1311 847 1499 880 nomen
1515 849 1696 882 meum.

1249 902 1328 946 10.
1363 901 1432 946 Et
1455 904 1575 948 tunc
1611 902 2084 950 scandalizabuntur

1180 967 1342 1026 multi,
1361 972 1413 1013 et
1427 969 1648 1016 invicem
1664 969 1881 1028 tradent,
1891 974 1944 1016 et
1961 971 2084 1016 odio

1179 1033 1432 1080 habebunt
1449 1036 1682 1082 invicem.

1249 1102 1330 1146 11.
1361 1101 1431 1146 Et
1445 1103 1589 1148 multi
1613 1104 2084 1162 pseudoprophetae

1180 1170 1390 1226 surgent
1399 1159 1437 1226 ὂ,
1459 1172 1510 1215 et
1527 1169 1768 1216 seducent
1785 1171 1984 1217 multos.

1249 1237 1328 1279 12.
1363 1233 1432 1280 Et
1443 1236 1679 1292 quoniam
1690 1236 1916 1282 abundav
1923 1239 1962 1283 it
1979 1238 2081 1284 ini-

1180 1301 1362 1359 quitas,
1405 1303 1704 1360 refrigescet
1731 1303 1914 1349 caritas
1951 1303 2080 1350 mul-

1178 1371 1362 1414 torum.

1248 1436 1327 1481 13.
1359 1435 1456 1489 Qui
1466 1439 1660 1484 ¹²autem
1673 1439 2083 1495 perseveraverit

1179 1502 1409 1559 usquein
1428 1505 1592 1562 finem,
1613 1503 1695 1550 hic
1715 1504 1885 1550 salvus
1906 1505 2016 1551 erit.

1245 1571 1326 1614 14.
1345 1569 1412 1615 Et
1421 1571 1788 1628 praedicabitur
1798 1571 2081 1618 hocEvan--

1179 1635 1366 1693 gelium
1379 1637 1531 1695 regni
1549 1638 1602 1682 in
1618 1638 1860 1684 universo
1874 1641 2014 1696 orbe,
2028 1639 2080 1684 in

1176 1703 1519 1750 testimonium
1556 1703 1784 1749 omnibus
1829 1705 2080 1761 gentibus,

1180 1770 1231 1812 et
1246 1770 1368 1814 tunc
1386 1767 1560 1815 veniet
1577 1769 1955 1815 consummatio.

1246 1835 1327 1880 15.
1363 1835 1486 1880 Cum
1505 1847 1628 1892 ergo
1641 1835 1870 1881 videritis
1890 1837 2082 1881 abomi-

1178 1901 1438 1946 nationem
1467 1900 1822 1960 desolationis,
1855 1915 1982 1958 quae
2003 1901 2080 1947 di-

1178 1970 1258 2015 cta
1269 1970 1348 2015 est
1361 1968 1576 2015 Daniele
1587 1960 1616 1999 ‘¹
1623 1970 1888 2029 propheta,
1901 1974 2081 2029 „stan-

1177 2038 1318 2095 „tem
1335 2034 1389 2081 in
1407 2036 1522 2083 loco
1554 2035 1794 2082 sancto:“
1823 2036 1909 2094 qui
1935 2036 2078 2095 legit,

1175 2102 1454 2161 intelligat!

1243 2172 1323 2214 16.
1362 2172 1504 2216 Tunc
1532 2172 1617 2228 qui
1643 2172 1699 2216 in
1725 2171 1918 2217 Judaea
1942 2176 2076 2229 sunt,

1176 2237 1376 2294 fugiant
1393 2238 1456 2282 ad
1474 2239 1698 2295 montes;

1243 2304 1324 2349 17.
1361 2305 1553 2361 et‘qui
1577 2304 1632 2350 in
1659 2307 1822 2364 tecto,
1851 2319 1958 2351 non
1987 2306 2075 2351 de-

1176 2370 1383 2417 scendat
1409 2370 1592 2419 tollere
1620 2371 1808 2429 aliquid
1837 2370 1898 2417 de
1927 2372 2078 2416 domo

1174 2449 1293 2494 sua;

1242 2505 1322 2549 18.
1344 2507 1395 2550 et
1411 2505 1496 2562 qui
1509 2504 1564 2550 in
1574 2517 1834 2564 agro‚non
1845 2506 2076 2551 reverta-

1172 2573 1256 2617 tur
1273 2570 1456 2617 tollere
1473 2572 1694 2617 tunicam
1713 2584 1868 2617 suam.

1243 2640 1322 2683 19.
1361 2639 1462 2684 Vae
1489 2641 1657 2685 autem
1683 2637 2078 2696 praegnantibus

1174 2707 1228 2750 et
1243 2705 1581 2751 nutrientibus
1599 2705 1654 2749 in
1672 2704 1774 2749 illis
1794 2703 1990 2750 diebus!

1241 2772 1322 2817 2⁰.
1359 2773 1512 2817 Orate
1523 2773 1707 2828 autem,
1717 2772 1774 2814 ut
1783 2784 1888 2817 non
1899 2772 1984 2819 fiat
1992 2774 2076 2818 fu-

1174 2850 1240 2895 ga
1256 2840 1430 2883 vestra
1445 2838 1500 2883 in
1511 2837 1692 2895 hieme,
1705 2836 1789 2883 vel
1806 2840 2011 2886 sabbato
2021 2829 2075 2892 s,

1243 2905 1323 2949 21.
1357 2904 1473 2949 Erit
1507 2904 1642 2951 euim
1667 2906 1787 2951 tunc
1817 2906 2074 2953 tribulatio

1170 2983 1382 3029 magna,
1413 2969 1574 3028 qualis
1601 2984 1704 3017 non
1735 2972 1830 3017 fuit
1847 2975 1907 3019 ab
1927 2972 2074 3018 initio

1171 3035 1347 3083 mundi
1357 3050 1521 3095 usque
1539 3038 1708 3099 modo,
1730 3053 1892 3097 neque
1912 3041 2020 3094 θεῖς

1219 3173 1241 3192 ⁶
1257 3164 1345 3203 Joh.
1365 3169 1424 3209 16,
1443 3170 1477 3204 2.
1543 3166 1559 3193 ὃ
1576 3171 1600 3203 2
1613 3166 1718 3205 Petr.
1735 3172 1773 3211 2,
1793 3174 1825 3206 1.
1848 3179 1934 3214 sqq.
2009 3172 2024 3190 ⁶
2042 3176 2074 3201 c.

1171 3216 1234 3255 ln,
1243 3215 1302 3249 22.
1334 3212 1580 3260 Apamam.
1629 3214 1649 3241 ’ἱ
1664 3214 1771 3251 Dan.
1787 3218 1891 3255 9.27.
1939 3218 1956 3237 θ
1972 3211 2073 3247 Luc.

1172 3258 1234 3300 17,
1251 3260 1309 3295 30.
1329 3270 1415 3309 sqq.
1460 3256 1488 3291 1
1501 3258 1635 3297 Exod.
1653 3264 1714 3303 16,
1731 3263 1790 3297 29.

316 3406 429 3463 Cap·
452 3402 635 3449 XXIV.
692 3410 734 3449 2.
758 3405 879 3449 dixit
896 3408 977 3449 eis.
1038 3410 1079 3449 6.
1100 3406 1294 3461 proelia.
1351 3410 1391 3450 9.
1411 3407 1462 3449 in
1480 3407 1788 3451 tribulatione.
1850 3409 1914 3447 12.
1936 3405 2076 3447 abun·

202 3460 351 3510 dabit3
412 3466 479 3505 15.
526 3458 776 3511 Dauih0103
805 3458 912 3505 ibid.
949 3460 1201 3515 intellegat.
1263 3466 1328 3505 19.
1368 3465 1690 3517 praegnatibus
1713 3463 1820 3515 (per
1841 3459 2073 3511 errorem).

199 3522 271 3559 20.
306 3516 467 3561 hieme.

1583 3576 1669 3619 82
