2376 3925
477 205 746 259 AcTUS
780 205 1430 261 APOS'I'OLORUM.
1503 213 1672 265 CAP.
1712 217 1760 266 1.
1782 220 1830 266 2.

1992 220 2090 271 185

205 277 2087 306 -—-—-——-———.-——-..—..—...„-

206 311 385 356 rantes
428 310 737 356 unanimiter
784 311 837 355 in
886 312 1120 358 oratione
1186 347 1188 349 .

208 389 326 422 cum
351 375 648 423 mulieribus
661 407 677 438 ‚
708 379 759 423 et
777 379 942 424 Maria
959 381 1118 426 matre

202 444 350 502 Iesu,
370 446 423 489 et
440 444 716 490 fratribus⁰
735 444 860 502 ejus.

272 512 355 556 15.
389 513 451 556 In
489 511 662 557 diebus
698 512 797 557 illis
836 525 1117 571 exsurgens

200 579 389 624 Petrus
427 578 484 623 in
518 579 684 625 medio
731 581 944 625 fratrum
988 581 1117 626 dixit

203 645 344 703 (erat
372 646 543 691 autem
566 647 711 692 turba
744 646 1007 693 hominum
1041 649 1114 694 si-

199 712 325 771 mul,
346 713 459 758 fere
482 715 679 758 centum
697 713 929 774 viginti):

269 782 352 824 16.
389 779 500 826 Viri
527 780 735 827 fratres!
776 783 981 839 oportet
1014 782 1110 828 im-

199 840 338 904 pleri
357 847 723 908 ScripturamP,
744 861 891 905 quam
910 849 1111 907 praedi-

197 913 285 960 xit
313 914 527 971 Spiritus
556 918 760 961 sanetus
789 929 882 974 per
919 930 977 962 oe
1004 916 1110 962 Da-

199 981 292 1026 vid
310 981 370 1026 de
387 981 542 1040 Iuda,
573 983 660 1039 qui
678 983 773 1029 fuit
794 984 897 1030 dux
916 997 1109 1044 eorum,

198 1047 295 1104 qui
316 1049 805 1106 comprehenderunt
822 1050 853 1095 J
856 1064 1023 1108 esum3

273 1116 353 1160 17.
379 1116 464 1172 qui
484 1119 911 1163 connumeratum
930 1120 1039 1163 erat
1053 1117 1109 1163 in

193 1181 349 1228 nobis
362 1213 377 1240 ,
399 1185 451 1228 et
468 1184 675 1230 sortitus
708 1185 787 1230 est
804 1187 993 1231 sortem
1012 1185 1107 1231 mi-

194 1249 401 1296 nisterii
418 1250 580 1307 hujus.

263 1319 347 1362 18.
383 1315 452 1362 Et
498 1317 580 1364 hic
632 1319 831 1376 quidem
881 1320 1108 1377 possedit

195 1397 378 1442 agrum
408 1383 467 1430 de
492 1386 725 1432 mercede
754 1386 1035 1444 iniquitatis
1056 1390 1107 1434 et

194 1457 504 1509 suspensus?
548 1454 746 1510 crepuit
784 1455 1005 1513 medius3
1054 1457 1105 1502 et

195 1518 380 1564 diffusa
399 1520 517 1564 sunt
534 1520 705 1565 omnia
724 1521 921 1568 viscera
942 1521 1068 1579 ejus.

262 1585 345 1630 19.
364 1586 431 1632 Et
448 1587 626 1632 notum
643 1588 830 1632 factum
849 1591 927 1634 est
936 1589 1101 1634 omni-

190 1655 285 1700 bus
311 1653 654 1700 habitantibus
682 1655 981 1714 Ierusalem,
1012 1656 1099 1714 ita,

190 1723 246 1766 ut
264 1720 613 1778 appellaretur
639 1732 761 1776 ager
787 1719 898 1778 ille,
928 1721 1103 1778 lingua

190 1801 389 1845 eorum,
410 1785 734 1844 Haceldama‚
754 1785 851 1831 hoc
875 1788 969 1846 est,
981 1800 1102 1844 ager

188 1853 475 1914 sanguinis.

256 1923 338 1967 20.
376 1919 629 1978 Scriptum
648 1920 727 1967 est
742 1919 877 1967 enim
896 1919 949 1967 in
969 1919 1099 1967 libro

186 1989 532 2037 Psalmorum:
578 1986 731 2047 „Fiat
768 1989 1097 2036 commoratio

188 2070 409 2119 „eorum
430 2056 653 2116 deserta,
686 2058 739 2102 et
754 2069 861 2103 non
892 2056 982 2117 sit,
1013 2057 1098 2115 qui

189 2125 479 2185 „inhabitet
499 2123 553 2169 in
582 2136 666 2169 ea:
708 2126 783 2184 et,
811 2124 1095 2184 Episcopa-

184 2196 333 2253 „tum
352 2192 461 2249 ejus
482 2190 695 2249 accipiat
714 2191 897 2238 alter.“
910 2198 931 2222 ⁸

256 2261 339 2304 21.
380 2260 595 2315 Oportet
613 2272 737 2317 ergo
760 2273 826 2305 ex
844 2259 921 2306 his
950 2259 1092 2318 viris,

184 2325 275 2384 qui
293 2326 557 2372 nobiscum
574 2328 695 2371 sunt
723 2326 1021 2383 congregati
1039 2326 1094 2371 in

185 2393 329 2440 omni
365 2395 594 2451 tempore
607 2423 622 2452 ‚
660 2406 759 2449 quo
798 2392 1007 2438 intravit
1043 2394 1095 2437 et

184 2460 354 2508 exivit
369 2460 503 2505 inter
522 2473 617 2505 nos
637 2458 884 2504 Dominus
905 2458 1089 2518 Jesus‘,

253 2530 336 2573 22.
372 2527 625 2585 Incipiens
644 2540 675 2572 a
692 2526 986 2583 baptismate
996 2527 1091 2571 Jo-

182 2596 335 2643 annis
355 2608 511 2652 usque
535 2594 589 2640 in
609 2593 755 2652 diem,
780 2606 876 2650 qua
896 2607 1090 2639 assum-

180 2666 301 2722 ptus
322 2663 400 2708 est
418 2676 446 2708 a
464 2663 611 2708 nobis
623 2692 637 2720 ‚
657 2663 839 2707 testem
854 2674 1090 2708 resurre-

182 2730 371 2777 ctionis
392 2730 501 2787 eJ'us
520 2729 781 2776 nobiscum
808 2729 917 2775 fieri
936 2742 1091 2774 unum

182 2810 251 2844 ex
274 2796 402 2842 istis.

248 2866 333 2909 23.
368 2863 437 2908 Et
482 2864 765 2909 statuerunt
808 2862 957 2921 duos,
994 2863 1089 2907 Jo-

180 2932 335 2990 seph,
385 2930 469 2987 qui
516 2931 790 2975 vocabatur
825 2929 1086 2989 Barsabas,

178 3000 267 3056 qui
288 2997 673 3056 cognominatus
703 2997 781 3042 est
805 2997 1005 3054 laetus,
1040 2998 1091 3042 et

178 3065 461 3112 Matthiam.

227 3147 247 3165 ⁰
264 3140 394 3176 Marc.
415 3142 451 3179 6,
470 3142 507 3175 3.
554 3144 579 3171 Ρ
597 3134 690 3172 Joh.
707 3140 767 3178 13,
786 3138 845 3171 18.
896 3143 913 3169 ἲ
930 3132 1029 3171 Luc.
1048 3138 1085 3177 6,

176 3189 239 3222 16.
288 3192 307 3210 ¹·
326 3184 471 3221 Matth.
491 3187 551 3225 27,
569 3176 605 3220 ὅ.
626 3193 710 3230 sqq.
757 3188 773 3207 ⁸
792 3182 937 3217 Psalm.
955 3184 1087 3224 68‚26.

178 3235 267 3273 «ιω,
284 3234 321 3269 8·
368 3234 388 3256 t
403 3229 494 3265 JOh-
514 3233 573 3271 1⁵,
592 3233 650 3267 2⁷-

294 3377 409 3431 Cap.
441 3375 479 3417 I.

1259 314 1340 358 24.
1373 313 1444 359 Et
1470 319 1673 363 orantes
1700 318 1963 366 dixerunt:
1994 324 2090 382 Tu,

1188 378 1429 426 Domine!
1469 383 1554 438 qui
1580 385 1732 431 corda
1757 388 1895 433 nosti
1924 390 2088 436 omni-

1190 461 1297 505 um,
1331 449 1570 509 ostende,
1601 465 1748 508 quem
1775 455 1992 513 elegeris
2023 471 2089 504 ex

1186 513 1264 559 his
1286 514 1478 562 duobus
1497 531 1670 577 unum,

1252 583 1332 627 25.
1369 584 1600 640 accipere
1627 586 1794 632 locum
1819 590 2087 638 ministerii

1183 648 1334 706 huJ'us
1379 653 1431 696 et
1473 652 1828 713 Apostolatus‚
1877 657 1938 702 de
1985 671 2083 714 quo

1184 717 1560 772 praevaricatus
1581 721 1840 780 estJudas,
1853 728 1908 768 ut
1925 725 2083 771 abiret

1181 783 1236 828 in
1253 783 1421 830 locum
1439 799 1598 832 suum.

1249 852 1329 894 26.
1363 852 1432 897 Et
1450 852 1698 900 dederunt
1715 859 1882 902 sortes
1903 858 2003 916 eis,
2035 863 2084 905 et

1180 917 1362 964 cecidit
1386 932 1499 964 sors
1528 933 1679 978 super
1713 924 2000 983 Matthiam,
2033 930 2084 972 et

1178 989 1535 1032 annumeratus
1585 990 1662 1034 est
1704 1003 1814 1034 cum
1849 992 2080 1038 undecim

1178 1052 1453 1110 Apostolis.

1480 1201 1648 1252 CAP.
1709 1205 1776 1254 11.

1176 1300 1248 1341 De
1270 1299 1468 1354 Spiritus
1489 1303 1634 1343 sancti
1653 1302 1863 1344 adventu.
1895 1303 1964 1344 Ad
2016 1306 2076 1347 ri-

1174 1366 1291 1396 mam
1336 1355 1463 1397 Petri
1510 1357 1755 1399 orationem
1799 1360 1890 1400 tria
1933 1359 2078 1402 milia

1178 1409 1360 1452 Christo
1390 1411 1606 1454 addicunt
1633 1414 1824 1454 nomina.
1884 1415 1956 1456 De
1983 1418 2076 1470 pri-

1172 1481 1342 1509 morum
1355 1467 1672 1521 discipulorum
1681 1469 1780 1511 vita
1799 1474 1844 1512 et
1862 1471 2073 1514 moribus.

1240 1564 1284 1606 1.
1321 1561 1390 1606 Et
1426 1575 1538 1607 cum
1567 1562 1940 1620 complerentur
1969 1564 2075 1611 dies

1170 1629 1517 1687 PentecosteS‚
1539 1632 1686 1675 erant
1706 1637 1917 1676 omnes⁸⁴
1933 1633 2073 1689 pari-

1171 1698 1250 1740 ter
1268 1695 1322 1739 in
1343 1695 1522 1740 eedem
1540 1695 1685 1752 loc03

1239 1762 1286 1804 2.
1305 1761 1374 1804 Et
1384 1763 1544 1806 factus
1557 1765 1633 1807 est
1651 1765 1860 1820 repente
1879 1764 1939 1810 de
1951 1778 2071 1810 coe-

1170 1827 1223 1872 lo
1262 1839 1435 1885 sonus,
1472 1829 1720 1883 tamquam
1757 1829 2074 1878 advenientis

1170 1892 1376 1951 spiritus
1397 1893 1706 1939 vehementis
1718 1925 1732 1953 ,
1755 1899 1804 1942 et
1821 1896 2040 1954 replevit
2051 1905 2076 1928 ⁹

1166 1965 1326 2009 totam
1339 1960 1554 2021 domum,
1564 1961 1650 2008 ubi
1661 1968 1806 2009 erant
1825 1965 2070 2013 sedentes.

1236 2031 1282 2076 3.
1317 2030 1386 2076 Et
1404 2034 1744 2087 apparuerunt
1759 2031 1862 2079 illis
1875 2032 2068 2091 disper-

1164 2098 1288 2145 titae
1332 2098 1539 2156 linguae
1575 2100 1825 2155 tamquam
1867 2100 2066 2161 ignium,

1164 2166 1392 2223 seditque
1413 2178 1566 2223 supra
1584 2166 1812 2223 singulos
1833 2181 2022 2214 eorum.

1227 2236 1276 2279 4.
1310 2234 1379 2279 Et
1397 2232 1581 2292 repleti
1609 2236 1726 2279 sunt
1754 2248 1929 2282 omnes
1951 2236 2065 2293 Qvi-

1162 2299 1263 2345 ritu
1290 2303 1492 2358 sancto,
1532 2302 1584 2346 et
1615 2305 1894 2359 coeperunt
1924 2302 2064 2358 loqui

1162 2366 1318 2412 variis
1361 2366 1549 2425 linguis
1559 2372 1602 2425 ²,
1650 2370 1804 2425 prout
1848 2369 2064 2425 Spiritus

1162 2436 1362 2479 sanctus
1386 2434 1532 2481 dabat
1549 2434 1720 2489 eloqui
1739 2434 1856 2480 illis.

1229 2503 1274 2545 5.
1310 2501 1474 2546 Erant
1507 2502 1673 2545 autem
1698 2500 1754 2545 in
1791 2500 2064 2547 Ierusalem

1159 2566 1441 2613 habitantes
1470 2567 1676 2626 sudaei,
1707 2567 1808 2613 viri
1832 2567 2064 2625 religiosi

1160 2648 1228 2681 ex
1248 2635 1384 2681 omni
1401 2634 1635 2692 natione,
1657 2646 1785 2690 quae
1805 2637 1896 2679 sub
1916 2634 2060 2695 coelo

1160 2705 1252 2748 est.

1227 2772 1272 2815 6.
1307 2769 1462 2815 Facta
1481 2769 1644 2813 autem
1661 2767 1756 2812 hac
1775 2780 1919 2829 voce,
1937 2784 2060 2817 con-

1158 2836 1300 2883 venit
1317 2833 1602 2892 multitudo,
1623 2835 1674 2878 et
1690 2837 1857 2881 mente
1879 2840 2059 2885 confu-

1158 2917 1215 2949 sa
1245 2905 1345 2961 est,
1378 2901 1614 2958 quoniam
1643 2900 1874 2950 audiebat
1899 2919 2058 2952 unus-

1158 2970 1368 3027 quisque
1397 2968 1571 3025 lingua
1598 2981 1688 3016 sua
1705 2968 1822 3017 illos
1842 2972 2057 3030 loquen-

1156 3040 1250 3083 tes.

1203 3140 1224 3157 ¹⁴
1244 3142 1275 3167 c.
1295 3134 1332 3172 1,
1351 3132 1410 3167 14.

1154 3186 1184 3203 ὃ·
1204 3191 1237 3214 c.
1254 3182 1314 3219 10,
1331 3179 1395 3215 46.
1431 3182 1490 3221 11,
1508 3183 1566 3217 15.
1601 3185 1660 3223 19,
1677 3184 1715 3218 6.

1155 3230 1176 3261 1
1198 3225 1289 3261 Cor.
1307 3228 1369 3265 12.
1388 3229 1446 3262 10.

1459 3137 1478 3155 υ
1495 3144 1526 3169 c.
1545 3136 1592 3176 4,
1611 3138 1668 3171 31.
1716 3141 1748 3161 Ψ
1765 3134 1912 3171 Matth.
1929 3138 1976 3175 3,
1997 3137 2057 3170 11.

1762 3181 1889 3217 Marc.
1907 3183 1976 3222 16,
1993 3182 2055 3215 17.

541 3380 609 3419 1⁴1.
640 3378 715 3431 qui
744 3381 1084 3419 connumeratus
1105 3372 1226 3431 (alia
1241 3388 1402 3418 manus
1423 3374 1566 3419 literis·
1584 3390 1634 3419 co
1653 3370 1969 3431 superscripsit
1983 3375 2049 3427 a).

178 3436 249 3477 19.
278 3431 575 3475 Acheldama.
631 3437 700 3475 20.
743 3432 962 3475 habitatio
992 3432 1092 3485 ejus
1124 3430 1247 3485 (sic).
1315 3434 1384 3473 21.
1415 3434 1671 3484 congregati
1702 3434 1816 3471 stunt.
1873 3432 1942 3471 23.
1975 3430 2048 3480 qui

172 3494 366 3531 vocatur
384 3488 630 3529 Bai-sabba.
689 3492 758 3533 26.
791 3501 927 3542 super
953 3486 1170 3530 Mathiam
1201 3487 1300 3540 (aed
1323 3486 1422 3529 alia
1446 3500 1586 3529 manu
1611 3488 1806 3528 alternam
1852 3487 1875 3524 t
1909 3496 2052 3539 snpra

175 3546 352 3589 limam
368 3549 582 3587 notatum
604 3544 707 3599 esc).

823 3544 885 3586 11.
945 3548 984 3587 1.
1018 3544 1113 3586 dies
1134 3542 1450 3585 Pentecosten.

1548 3600 1644 3643 ΗΖ
