2376 3925
313 184 412 235 362

381 289 462 331 18.
497 281 797 330 Voluntarie
855 279 988 325 enim
1040 273 1217 333 genuit

314 367 412 399 nos
443 353 598 398 verbo
636 346 930 402 veritatis83
967 345 1025 389 ut
1063 342 1217 388 simus

315 420 509 467 initium
521 412 548 447 ²⁸
566 414 770 473 aliquod
789 415 1049 460 creaturae
1069 409 1114 465 ej
1122 420 1197 453 us.

385 506 464 547 19.
501 501 667 559 Sciti,
679 500 863 545 fratres
884 495 981 541 mei
995 490 1218 539 dilectis-

320 571 446 616 simi.
494 568 570 615 Sit
588 571 754 613 autem
774 564 936 609 omnis
955 562 1105 607 homo
1127 571 1220 602 ve-

317 638 410 683 lox
427 636 490 681 ad
509 633 834 687 audiendum3
864 628 1033 676 tardus
1053 626 1221 670 autem

320 705 382 751 ad
401 703 724 761 loquendum,
737 702 788 745 et
805 697 975 743 tardus
996 693 1058 739 ad
1076 693 1220 737 iram.

388 786 467 829 20.
503 785 584 827 Ira
605 782 738 827 enim
759 778 854 825 viri
869 774 1113 833 justitiam
1126 770 1224 817 Dei

321 864 426 897 non
447 852 698 907 operatur.

392 920 471 963 21.
509 917 720 971 Propter
759 910 890 968 quod
927 906 1225 965 abjicientes

324 999 523 1031 omnem
559 978 940 1039 immunditiam,
978 978 1030 1021 et
1064 976 1224 1019 abun-

324 1050 542 1097 dantiam
559 1046 780 1094 malitiae
791 1040 825 1103 i,
852 1045 905 1089 in
934 1042 1226 1087 mansuetu-

325 1120 440 1165 dine
477 1114 714 1173 suscipite
756 1111 963 1157 insitum
999 1109 1223 1164 verbum,

325 1184 458 1242 quod
485 1185 653 1243 potest
680 1180 876 1227 salvare
915 1176 1106 1223 animas
1135 1187 1226 1219 ve-

328 1258 474 1299 stras.

394 1321 474 1365 22.
525 1318 705 1363 Estote
759 1316 926 1359 autem
975 1298 1229 1356 factores*

327 1387 486 1444 verbi,
525 1387 576 1431 et
603 1396 709 1429 non
737 1380 991 1426 auditores
1019 1377 1228 1429 tantum,

327 1454 561 1499 fallentes
584 1450 782 1495 vosmet
798 1446 952 1503 ipsos.

396 1520 474 1563 23.
511 1517 644 1571 Quia
687 1512 733 1559 si
767 1513 876 1569 quis
915 1510 1112 1555 auditor
1153 1510 1232 1553 est

328 1584 489 1641 verbi,
511 1586 562 1630 et
578 1595 686 1628 non
703 1582 866 1627 factor
880 1608 894 1636 ,
923 1577 1005 1623 hic
1023 1586 1230 1632 compa-

326 1654 518 1701 rabitur
541 1650 650 1697 viro
671 1644 1014 1695 consideranti
1045 1642 1231 1688 vultum

330 1719 605 1769 nativitatis
625 1730 745 1764 suae
764 1716 819 1760 in
839 1711 1072 1771 speeu103

397 1799 477 1843 24.
516 1791 856 1843 consideravit
893 1789 1027 1835 enim
1063 1800 1144 1844 se,
1183 1787 1235 1829 et

332 1868 470 1924 abiit,
492 1868 543 1911 et
561 1861 726 1909 statim
746 1858 930 1906 oblitus
950 1859 1052 1914 est,
1073 1850 1233 1910 qualis

332 1934 501 1982 fuerit.

402 2005 480 2046 25.
517 1999 617 2052 Qui
645 1999 812 2042 autem
839 1989 1158 2052 perspexerit
1181 1987 1233 2031 in

335 2071 500 2125 legem
543 2065 820 2124 perfectam
865 2057 1138 2112 libertatis,
1187 2058 1237 2098 et

338 2131 670 2193 permanserit
696 2130 750 2174 in
779 2141 863 2184 ea,
893 2138 999 2170 non
1036 2121 1237 2168 auditor

254 2224 259 2229 ·
339 2199 614 2247 obliviosus
635 2198 813 2252 factus,
824 2193 917 2238 sed
934 2193 1097 2236 factor
1112 2201 1238 2245 ope-

337 2269 433 2313 ris:
454 2265 535 2310 hic
551 2254 756 2310 beatus¹
780 2261 834 2305 in
852 2261 987 2305 facto
1009 2269 1101 2302 suo
1125 2255 1237 2301 erit.

407 2349 485 2392 26.
523 2345 577 2392 Si
596 2343 706 2400 quis
725 2343 891 2387 autem
921 2340 1062 2396 putat
1079 2351 1133 2382 se
1154 2349 1241 2381 re-

339 2415 577 2473 ligiosum
613 2424 724 2456 esse
738 2440 752 2468 ,
799 2420 904 2454 non
941 2407 1240 2451 refraenans

340 2483 566 2540 linguam
585 2493 747 2535 suam,
779 2475 866 2522 sed
887 2473 1130 2521 seducens
1151 2483 1241 2518 cor

343 2565 502 2607 sutum,
521 2547 669 2604 hujus
690 2556 821 2591 vana
840 2545 916 2588 est
934 2540 1132 2598 religio.

411 2633 489 2676 27.
523 2627 722 2686 Religio
750 2623 960 2679 munda,
992 2623 1044 2667 et
1066 2620 1244 2665 imma-

345 2699 507 2744 culata
560 2696 693 2753 apud
727 2693 889 2738 Deum
926 2691 976 2735 et
1024 2688 1243 2745 Patrem,

345 2766 468 2810 haee
489 2766 590 2808 est:
617 2760 835 2806 Visitare
856 2754 1074 2815 pupillos
1097 2756 1147 2799 et
1167 2753 1245 2798 vi-

349 2833 470 2875 duas
497 2831 550 2874 in
577 2827 903 2876 tribulatione
933 2835 1109 2869 eorum
1120 2827 1174 2878 m,
1198 2822 1248 2866 et

679 174 1086 230 EPISTOLA
1119 167 1411 221 JACOBI.
1484 160 1647 214 CAP.
1679 162 1728 210 1.
1750 162 1799 209 2.

1283 266 1649 315 immaculatum
1666 277 1721 309 se
1730 260 1985 309 custodire
2004 262 2071 306 ab
2084 261 2192 325 ‘hoc

1284 334 1499 383 saeculo.

1597 441 1768 493 CAP.
1824 440 1891 491 11.

1289 523 1600 567 Misericordia
1646 534 1736 562 non
1772 518 1923 561 verbis
1960 520 2007 559 et
2052 519 2193 568 gesti-

1287 584 1385 630 bus,
1404 580 1483 621 sed
1503 579 1636 620 factis
1656 574 1915 617 exercenda
1935 580 2019 615 est.
2050 573 2196 613 Fides

1426 636 1523 676 sine
1544 632 1754 686 operibus
1774 634 1948 672 mortua
1970 635 2052 670 est.

1358 710 1403 753 1.
1438 707 1644 752 Fratres
1663 702 1785 749 mei!
1816 702 1978 747 nolite
1999 702 2051 746 in
2076 715 2189 759 per-

1292 787 1529 821 sonarum
1541 772 1837 828 acceptione
1847 770 2037 814 habere
2051 768 2191 813 fidem

1291 841 1497 887 Domini
1526 839 1693 885 nostri
1719 838 1747 883 J
1754 850 1843 883 esu
1873 836 2060 881 Christi
2082 836 2191 892 glo-

1290 910 1447 955 riae-n.

1360 978 1407 1020 2.
1442 973 1641 1020 Etenim
1664 972 1707 1017 si
1728 970 1982 1017 introierit
2002 970 2055 1015 in
2068 982 2193 1015 con-

1296 1046 1499 1089 ventum
1518 1044 1741 1086 vestrum
1764 1039 1840 1085 vir
1867 1050 2071 1081 aureum
2101 1049 2193 1079 au-

1294 1110 1467 1155 nulum
1496 1108 1685 1153 habens
1712 1106 1765 1151 in
1800 1108 1932 1151 veste
1961 1103 2192 1152 candida,

1294 1176 1550 1223 introierit
1592 1178 1759 1219 autem
1807 1176 1857 1218 et
1901 1182 2084 1229 pauper
2142 1171 2195 1214 in

1296 1243 1499 1290 sordido
1520 1241 1709 1299 habitu,

1365 1313 1409 1356 3.
1432 1314 1481 1355 et
1498 1308 1772 1355 intendatis
1794 1306 1845 1351 in
1868 1319 1999 1363 eum,
2014 1304 2098 1360 qui
2117 1304 2195 1348 in-

1298 1379 1445 1423 dutus
1466 1379 1544 1423 est
1562 1378 1702 1421 veste
1723 1372 2013 1431 praeclara,
2044 1374 2093 1416 et
2124 1371 2195 1415 di-

1298 1445 1477 1491 xeritis
1498 1444 1568 1489 ei:
1583 1445 1661 1488 Tu
1681 1442 1800 1487 sede
1821 1441 1902 1485 hic
1914 1437 2193 1495 benelpau-

1298 1512 1409 1570 peri
1438 1514 1605 1557 autem
1634 1509 1834 1555 dicatis:
1871 1510 1949 1552 Tu
1978 1510 2053 1551 sta
2072 1504 2194 1550 illic!

1300 1582 1407 1624 aut:
1458 1578 1577 1625 sede
1626 1579 1715 1623 sub
1762 1574 1986 1621 scabello
2026 1572 2195 1631 pedum

1298 1644 1549 1693 meorum!

1366 1715 1414 1758 4.
1425 1714 1609 1757 Nonne
1618 1711 1637 1768 j
1647 1709 1855 1756 udicatis
1868 1708 2004 1766 apud
2016 1710 2197 1754 vosmet

1302 1781 1469 1839 ipsos,
1499 1782 1550 1824 et
1568 1776 1828 1824 factiestis
1845 1776 2047 1833 judices
2068 1774 2196 1832 cogi-

1302 1848 1549 1894 tationum
1567 1844 1884 1901 iniquarum!

1371 1918 1416 1960 5.
1452 1914 1649 1972 Audite,
1663 1914 1847 1958 fratres
1866 1912 1969 1957 mei
1990 1908 2199 1955 dilectis·

1304 1982 1435 2029 simi!
1467 1995 1639 2027 nonne
1666 1981 1805 2026 Deus
1835 1979 1995 2038 elegit
2022 1991 2199 2036 paupe-

1302 2057 1421 2096 res⁰
1441 2050 1493 2096 in
1512 2051 1609 2095 hoc
1627 2047 1814 2093 mundo
1830 2078 1844 2106 ‚
1876 2046 2062 2093 divites
2081 2046 2131 2090 in
2148 2045 2198 2089 fi-

1308 2119 1368 2164 de
1379 2150 1396 2175 ‚
1435 2122 1485 2164 et
1503 2115 1746 2162 haeredes
1766 2115 1944 2173 regni,
1975 2113 2108 2171 quod
2126 2124 2201 2157 re-

1308 2185 1541 2243 promisit
1556 2184 1694 2229 Deus
1714 2181 2045 2240 diligentibus
2068 2179 2149 2225 se?

1376 2255 1422 2298 6.
1479 2254 1581 2298 Vos
1634 2253 1801 2296 autem
1854 2245 2203 2295 exhonorastis

1307 2333 1591 2378 pauperem.
1672 2318 1857 2365 Nonne
1906 2316 2089 2361 divites
2124 2324 2205 2370 per

1310 2387 1583 2446 potentiam
1608 2385 1898 2443 opprimunt
1919 2397 2031 2442 vos,
2054 2383 2103 2428 et
2120 2379 2206 2438 ipsi

1309 2455 1516 2500 trahunt
1535 2467 1627 2498 vos
1648 2453 1709 2498 ad
1723 2452 1950 2509 judicia?

1378 2524 1424 2567 Ἰ.
1444 2523 1631 2566 Nonne
1650 2520 1748 2578 ipsi
1767 2518 2116 2575 blasphemant
2126 2518 2207 2561 bo-

1312 2602 1431 2634 num
1451 2602 1656 2646 nomen,
1679 2586 1814 2644 quod
1834 2586 2125 2631 invocatum
2142 2583 2210 2626 est

1314 2651 1471 2714 super'
1486 2656 1611 2701 vos?

1381 2727 1427 2768 8.
1473 2723 1527 2768 Si
1571 2726 1741 2768 tamen
1778 2721 1947 2778 legem
1984 2715 2209 2777 perficitis

1312 2790 1535 2848 regalem
1592 2789 1868 2835 secundum
1924 2787 2207 2843 scripturas:

1316 2858 1547 2916 „Diliges
1584 2856 1874 2914 proximum
1920 2858 2057 2899 tuum
2094 2850 2211 2896 sicut

394 2943 417 2972 s
433 2936 537 2990 Eph.
556 2939 593 2978 2,
611 2940 669 2972 ιο,
705 2939 726 2971 1
743 2935 850 2969 Petr.
869 2937 912 2974 1,
930 2935 988 2968 23.
1035 2927 1056 2955 ⁷·
1073 2927 1192 2964 Rom.
1210 2931 1251 3000 8i
1318 2928 1405 2984 „te
1425 2923 1693 2982 ipum“1²;
1715 2926 1844 2971 bene
1864 2921 2046 2967 facitis,

347 2990 405 3022 23.
471 2993 486 3009 ²
501 2981 620 3018 Rom.
639 2985 706 3021 13,
734 2985 792 3017 12.
857 2977 878 3005 k
894 2977 1039 3014 Matth.
1059 2981 1103 3019 7,
1129 2979 1186 3012 21.

345 3029 556 3116 {agini-,k
565 3030 627 3111 }4.
646 3025 733 3062 Joh.
752 3031 811 3067 13,
829 3029 886 3062 17.
934 3031 964 3050 ⁷¹¹
983 3029 1004 3060 1
1025 3023 1112 3060 Cor.
1133 3027 1192 3062 13,
1212 3026 1248 3058 1.

1363 3030 1383 3046 '¹
1405 3026 1424 3057 1
1447 3021 1537 3058 Cor.
1554 3025 1599 3064 2,
1620 3024 1655 3060 8.
1705 3027 1722 3046 ⁰
1740 3024 1761 3056 1
1782 3018 1877 3055 Cor.
1904 3022 1923 3052 1
1974 3019 2031 3052 m.
2078 3021 2099 3046 P
2118 3011 2213 3046 Lev-

1317 3072 1376 3110 19,
1397 3072 1455 3106 18.
1489 3067 1632 3106 Matth.
1650 3071 1712 3110 22,
1726 3071 1787 3105 39.

464 3221 578 3289 CJP·
608 3219 645 3260 Ῑ·
705 3221 773 3282 ¹82
801 3215 1084 3283 ‚Voluntflfisse
1125 3217 1259 3271 (85c);
1297 3216 1408 3260 ibid.
1448 3222 1499 3259 ut
1526 3218 1664 3259 simus
1695 3213 1879 3267 aliquod
1907 3211 2093 3252 initium.
2151 3207 2213 3246 1⁹.

354 3279 522 3321 dilecti.
591 3279 658 3316 21.
683 3273 948 3340 ‘abicientes
987 3285 1160 3313 omnem
1188 3274 1525 3321 inmunditiam3
1556 3271 1664 3312 ibid.
1696 3271 1875 3310 insitum
1906 3267 2085 3308 verbum
2116 3260 2197 3302 Dei

351 3339 421 3376 23.
453 3331 783 3385 conpar-abitur.
843 3331 910 3367 25.
940 3328 987 3368 in
1007 3325 1106 3378 lege
1126 3329 1334 3380 perfecta
1354 3327 1596 3370 libertatis.
1652 3329 1721 3366 2⁶1.
1751 3321 1913 3374 religio
1934 3324 2079 3362 autem
2098 3329 2214 3358 mun·

356 3392 415 3429 ‘¹²
451 3395 497 3429 et
532 3381 807 3428 inmfflfflhffl
843 3383 960 3434 ”pud
1001 3381 1145 3423 Deum
1179 3389 1227 3424 et
1255 3389 1432 3437 patrem
1470 3383 1580 3424 haec
1614 3385 1707 3428 est3
1744 3377 1853 3420 ibid.
1892 3372 2213 3418 inmaculatum-

353 3443 416 3484 ῙῙ·
475 3447 516 3484 2·
546 3444 594 3483 5¹¹
614 3442 1027 3485 ⁰⁰¹1V0¹¹t¹¹V0⁵tr⁰3
1051 3435 1160 3477 ibid.
1192 3436 1385 3480 anulum.
1443 3442 1483 3481 3.
1514 3437 1594 3480 sub
1624 3432 1830 3478 scabillo.
1890 3437 1931 3475 5.
1963 3430 2083 3483 regni
2105 3424 2213 3480 quod

357 3499 566 3550 promisit
583 3497 721 3538 Deus.
782 3495 822 3534 6.
856 3497 901 3532 et
921 3492 1010 3545 ipsi
1028 3491 1285 3536 adtrabunt.
