2376 3925
533 118 1114 175 APOCALYPSIS
1157 113 1524 167 JOANNIS.
1599 110 1765 163 cAP.
1802 111 1925 159 4.5.

292 180 2181 217 .-----—-———-—-————-—-——————-—-

293 234 346 279 ct
395 231 588 287 septem
622 222 924 281 lampade-sm
959 220 1192 265 ardentes

291 300 412 343 ante
443 296 704 350 thronum,
736 290 824 347 qui
858 291 976 346 sunt
1002 289 1191 345 septem

291 364 498 422 spiritus
519 360 631 405 Dei.

361 447 408 488 6.
443 442 512 486 Et
537 441 591 485 in
621 440 894 495 conspectu
914 435 1048 483 sedis
1065 437 1194 481 tam-

295 524 443 569 quam
469 520 606 553 mare
637 507 850 551 vitreum
884 503 1047 549 simile
1077 514 1195 560 cry-

293 577 506 633 sta11023
537 577 588 621 et
614 574 669 619 in
696 572 860 619 medio
892 570 1050 627 sedis,
1073 569 1194 615 etin

295 644 506 691 circuitu
526 642 677 699 sedis,
698 643 912 697 quatuor
921 636 1191 683 animalia-⁷

293 712 446 771 plena
465 710 626 756 oculis
645 710 762 753 ante
781 710 833 753 et
849 708 1005 751 retro.

362 794 408 837 7.
427 792 496 837 Et
513 787 698 835 animal
716 786 926 844 primum
939 784 1100 830 simile
1119 783 1198 829 le-

295 860 385 906 oni
395 865 435 917 ¹,
455 862 506 905 et
523 854 793 903 secundum
824 852 1010 899 animal
1036 851 1199 898 simile

295 926 458 973 vitulo
469 932 511 985 ⁰,
524 927 574 970 et
590 923 792 969 tertium
805 920 989 967 animal
1009 920 1199 965 habens

293 994 473 1041 faciem
493 991 631 1048 quasi
650 988 888 1045 hominis,
900 990 952 1033 et
971 990 1202 1044 quartum

297 1059 484 1107 animal
502 1058 664 1104 simile
684 1054 884 1113 aquilae
903 1054 1112 1100 volanti.

366 1144 412 1187 8.
447 1140 514 1184 Et
532 1138 747 1195 quatuor
767 1135 1004 1181 animalia
1023 1134 1202 1191 singu-

295 1209 348 1254 la
379 1220 554 1254 eorum
580 1205 833 1251 habebant
860 1203 965 1249 alas
992 1193 1200 1257 senas1²3

300 1276 423 1322 etin
442 1273 672 1330 circuitu,
694 1274 746 1317 et
763 1271 898 1316 intus
918 1270 1069 1327 plena
1087 1270 1204 1314 sunt

299 1342 486 1399 oculis3
510 1344 560 1387 et
577 1340 804 1395 requiem
829 1350 936 1383 non
954 1338 1206 1382 habebant

299 1410 380 1455 die
399 1423 458 1455 ac
483 1410 660 1464 nocte,
693 1405 935 1451 dicentia:
969 1404 1212 1459 Sanctus,

301 1478 531 1531 Sanctus,
553 1475 785 1531 Sanctus,
803 1470 1052 1515 Dominus
1063 1470 1201 1514 Deus

299 1542 619 1598 omnipotens
631 1547 668 1597 ⁶,
682 1538 767 1595 qui
787 1541 912 1596 erat,
934 1539 984 1583 et
1002 1536 1088 1593 qui
1107 1538 1200 1594 est,

298 1615 350 1656 et
367 1609 452 1667 qui
473 1609 712 1653 venturus
735 1603 834 1651 est!

365 1694 412 1735 9.
447 1689 515 1735 Et
534 1702 644 1734 cum
663 1687 842 1733 darent
857 1684 948 1731 illa
967 1682 1205 1730 animalia

297 1758 537 1817 gloriam,
567 1760 619 1801 et
644 1756 893 1801 honorem
923 1755 972 1798 et
993 1750 1202 1798 benedi-

298 1828 518 1873 ctionem
545 1823 740 1871 sedenti
768 1834 918 1879 super
946 1820 1201 1877 thronum,

299 1892 492 1940 viventi
511 1892 564 1937 in
585 1889 785 1937 saecula
805 1887 1149 1943 saeculorum3

367 1990 446 2032 10.
489 1985 823 2043 procidebant
859 1980 1042 2038 viginti
1079 1993 1204 2038 qua-

299 2059 417 2100 tuor
447 2053 676 2098 seniores
708 2053 824 2095 ante
853 2047 1112 2094 sedentem
1150 2047 1205 2091 in

299 2121 504 2174 throno,
518 2119 570 2162 et
587 2117 863 2162 adorabant
883 2114 1136 2159 viventem
1151 2114 1203 2158 in

299 2185 501 2232 saecula
521 2183 855 2239 saeculorum,
875 2183 926 2225 et
942 2180 1207 2226 mittebant

301 2263 518 2298 coronas
549 2262 664 2295 suas
693 2250 810 2294 ante
839 2247 1104 2306 thronum,
1127 2246 1204 2292 di-

301 2323 472 2367 centes
487 2330 498 2363 :

369 2404 448 2449 11.
483 2401 680 2460 Dignus
711 2413 793 2459 es,
823 2397 1039 2445 Domine
1065 2397 1205 2444 Deus

299 2474 494 2529 noster,
516 2469 746 2527 accipere
767 2467 1008 2526 gloriam,
1040 2468 1091 2512 et
1107 2466 1205 2511 ho-

299 2551 497 2598 norem,
517 2540 568 2584 et
587 2538 850 2592 virtutem,
882 2534 998 2590 quia
1015 2535 1068 2579 tu
1091 2547 1206 2579 cre-

301 2607 398 2652 asti
427 2606 620 2664 omnia,
661 2606 713 2650 et
738 2604 946 2660 propter
967 2600 1205 2646 volunta-

299 2677 402 2719 tem
424 2675 558 2719 tuam
579 2672 741 2730 erant,
763 2672 815 2715 et
833 2671 1002 2714 creata
1021 2669 1151 2712 sunt.

347 2787 380 2807 w
396 2780 533 2816 Exod.
551 2783 621 2822 25,
649 2783 706 2817 37.
744 2775 866 2814 Zach.
885 2779 932 2820 4,
961 2779 998 2811 2.
1017 2780 1076 2812 10.
1124 2782 1152 2800 ²·
1172 2787 1205 2813 ο.

300 2831 362 2871 15,
370 2830 408 2862 2.
425 2826 560 2862 Exod.
571 2830 702 2868 24,1o.
719 2823 909 2866 Ezecb.1‚
921 2826 980 2858 22.
1028 2821 1205 2859 YEzech.

301 2879 337 2911 1.
357 2877 394 2910 5.
409 2875 469 2911 26.
488 2877 547 2914 lo,
565 2877 600 2910 1.
617 2875 676 2908 19.
725 2878 743 2895 z
759 2869 908 2907 Ezech.
927 2873 963 2911 1,
984 2873 1042 2906 10.
1061 2873 1124 2913 lo,
1141 2871 1203 2904 14.

299 2927 321 2946 α
337 2920 458 2956 Deut-
476 2922 545 2958 33,
575 2922 636 2954 1⁷·
684 2916 700 2943 ὃ
717 2916 794 2953 je..
812 2921 858 2960 6,
885 2920 922 2952 2·
946 2915 1093 2952 EZGCh-
1111 2921 1146 2959 1,
1165 2919 1204 2954 9·

302 2971 363 3008 10,
383 2970 441 3003 19.
491 2969 508 2990 θ
525 2963 602 2998 Jes.
621 2967 658 3005 6,
673 2967 708 3001 3.

296 3045 985 3075 ---------Ω--

1564 257 1735 310 GAP.
1789 255 1859 307 V.

1264 360 1444 401 Librum
1491 363 1667 413 septem
1722 355 1891 408 sigillis
1944 357 2181 407 signatum

1264 429 1403 469 agnus
1423 416 1595 470 αρετῆς
1620 427 1705 467 quo
1728 414 1857 455 facto
1874 412 1933 453 ab
1963 412 2183 453 omnibus

1496 469 1689 523 gloriose
1708 467 1937 510 laudatur.

1333 566 1379 609 1.
1414 563 1481 609 Et
1502 562 1605 608 vidi
1631 562 1686 608 in
1715 562 1931 607 dextera
1952 560 2180 607 sedentis

1265 644 1418 689 supra
1468 630 1706 675 thronum
1716 622 1762 687 d,
1814 629 2003 675 librum
2048 628 2181 673 scri-

1264 702 1432 757 ptum⁶
1448 698 1585 743 intus
1604 700 1655 743 et
1672 696 2085 754 foris,signatum
2104 695 2178 739 si-

1267 765 1403 825 gillis
1424 767 1629 822 septem.

1334 835 1381 877 2.
1420 832 1489 877 Et
1535 831 1638 876 vidi
1683 829 1939 887 Angelum
1974 830 2179 884 fortem,

1266 898 1642 958 praedicantem
1662 910 1790 942 voce
1808 909 2021 954 magna:
2053 895 2181 948 Quis

1268 971 1347 1013 est
1368 968 1546 1024 dignus
1566 965 1765 1022 aperire
1786 963 1990 1022 librum,
2004 967 2055 1010 et
2071 962 2180 1009 sol-

1270 1048 1390 1081 vere
1410 1032 1670 1092 signacula
1689 1032 1831 1089 ejus?

1336 1103 1383 1147 3.
1417 1101 1487 1146 Et
1507 1112 1656 1146 nemo
1678 1100 1911 1157 poterat,
1941 1110 2104 1154 neque
2120 1098 2177 1142 in

1270 1169 1435 1227 coelo,
1448 1181 1611 1224 neque
1630 1167 1684 1212 in
1703 1168 1861 1223 terra,
1876 1178 2039 1221 neque
2058 1166 2177 1209 sub-

1268 1239 1349 1283 tus
1368 1240 1581 1292 terram,
1612 1233 1814 1290 aperire
1844 1232 2054 1291 librum,
2083 1244 2174 1277 ne-

1269 1318 1365 1361 que
1385 1302 1641 1360 respicere
1660 1301 1820 1346 illum.

1334 1373 1383 1415 4.
1397 1370 1466 1415 Et
1477 1382 1573 1427 ego
1586 1370 1761 1414 flebam
1773 1367 2005 1425 multum,
2018 1378 2175 1423 quon-

1268 1438 1369 1484 iam
1404 1450 1555 1483 nemo
1601 1436 1783 1493 dignus
1826 1435 1880 1479 in
1890 1437 2067 1479 ventus
2102 1434 2176 1477 est

1270 1506 1471 1563 aperire
1489 1505 1689 1561 librum,
1709 1516 1807 1547 nec
1826 1501 2004 1546 videre
2024 1512 2145 1545 eum.

1338 1575 1383 1617 5.
1418 1572 1488 1617 Et
1508 1585 1637 1617 unus
1658 1570 1719 1615 de
1743 1568 2035 1615 senioribus
2055 1566 2174 1611 dixit

1268 1639 1415 1685 mihi:
1436 1640 1513 1684 Ne
1533 1636 1758 1684 fleveris!
1780 1634 1927 1683 ecce!
1961 1633 2169 1680 vicitleo

1271 1705 1331 1753 de
1352 1706 1486 1751 tribu
1496 1705 1527 1750 J
1532 1705 1628 1751 uda
1637 1699 1674 1743 s
1676 1736 1690 1764 ,
1702 1703 1853 1749 radix
1862 1701 2045 1760 David,
2058 1714 2169 1758 ape·

1269 1774 1373 1819 rire
1392 1773 1592 1831 librum,
1607 1774 1657 1817 et
1674 1771 1879 1818 solvere
1898 1772 2089 1827 septem
2106 1767 2173 1813 si-

1272 1840 1485 1899 gnacula
1506 1839 1632 1897 ejus.

1339 1910 1387 1953 6.
1423 1907 1491 1952 Et
1511 1907 1641 1964 vidi3
1680 1908 1732 1951 et
1762 1902 1903 1950 ecce!
1934 1904 1990 1949 in
2013 1902 2169 1949 medio

1271 1976 1461 2034 throni,
1483 1979 1535 2020 et
1553 1977 1769 2032 quatuor
1789 1972 2108 2028 animalium,
2128 1973 2174 2015 et

1271 2045 1327 2089 in
1378 2043 1543 2088 medio
1600 2041 1888 2099 seniorum,
1943 2040 2173 2096 Agnume

1273 2113 1487 2156 stantem
1520 2112 1771 2166 tamquam
1810 2107 2051 2164 occisum,
2087 2106 2173 2150 ha-

1272 2181 1471 2224 bentem
1491 2189 1685 2223 cornua
1701 2177 1913 2233 septem,
1935 2177 1988 2219 et
2006 2172 2175 2219 oculos

1272 2247 1490 2303 septem,
1523 2244 1608 2300 qui
1628 2244 1745 2289 sunt
1762 2247 1957 2299 septem
1975 2240 2174 2298 spiritus

1272 2312 1368 2357 Dei
1380 2305 1424 2370 ἦ,
1445 2311 1585 2356 missi
1604 2312 1658 2356 in
1680 2324 1882 2357 omnem
1898 2314 2103 2355 terram.

1340 2380 1386 2423 7.
1422 2379 1490 2423 Et
1508 2378 1665 2436 venit,
1689 2381 1739 2424 et
1760 2377 1956 2434 accepit
1975 2376 2033 2421 de
2054 2375 2175 2420 dex-

1271 2448 1382 2491 tera
1401 2446 1625 2491 sedentis
1644 2445 1697 2491 in
1716 2445 1905 2490 throno
1924 2444 2123 2489 librum.

1339 2514 1385 2557 8.
1420 2511 1489 2558 Et
1522 2527 1634 2558 cum
1662 2512 1946 2570 aperuisset
1981 2510 2178 2566 librum,

1273 2581 1489 2635 quatuor
1509 2579 1764 2635 animalia,
1786 2582 1836 2624 et
1856 2577 2037 2635 viginti
2056 2589 2177 2632 qua-

1271 2648 1391 2692 tuor
1410 2647 1641 2692 seniores
1656 2678 1669 2705 ,
1700 2645 1995 2692 ceciderunt
2013 2655 2178 2689 coram

1271 2714 1439 2772 Agno,
1459 2715 1701 2760 habentes
1722 2713 1912 2770 singuli
1930 2702 2177 2766 citharas,

1274 2783 1327 2826 et
1348 2781 1543 2839 phialas
1564 2772 1780 2828 aureas¹7
1797 2780 1975 2838 plenas
1996 2778 2174 2823 odora-

1312 2872 1334 2899 (ι
1360 2889 1393 2913 c.
1412 2879 1451 2919 4,
1471 2881 1507 2913 2.
1573 2885 1589 2903 θ
1605 2876 1752 2914 Ezeeh.
1770 2879 1817 2918 2,
1844 2880 1881 2912 9.
1909 2880 1967 2911 10.
2030 2870 2057 2904 Ι
2076 2872 2177 2907 Gen.

1270 2924 1343 2966 49,
1362 2928 1399 2961 9.
1420 2928 1477 2962 10.
1542 2930 1567 2960 ι’
1583 2923 1672 2961 Joh.
1693 2929 1736 2964 1,
1762 2925 1823 2958 29.
1851 2925 1911 2958 36.
1977 2917 1997 2945 ¹¹
2018 2933 2050 2954 c.
2078 2925 2126 2958 4,
2143 2921 2176 2953 ⁵.

1272 2968 1395 3007 zach.
1414 2971 1454 3013 4,
1474 2975 1533 3009 10.
1580 2967 1597 2996 τ’
1616 2983 1651 3005 c.
1669 2973 1731 3010 14,
1752 2972 1787 3003 2.
1835 2965 1857 2994 k
1877 2981 1911 3002 c.
1930 2970 1967 3008 8,
1986 2969 2021 3002 3.

407 3121 527 3177 cap.
557 3119 638 3162 IV.
697 3125 738 3164 5.
772 3133 884 3175 quae
915 3124 1019 3163 sunt
1047 3124 1237 3177 septem.
1306 3126 1374 3164 10.
1416 3118 1747 3176 procedebant3
1772 3114 1881 3158 ibid.
1912 3121 1959 3156 et
1984 3113 2175 3155 mittent.

303 3184 370 3222 11.
404 3179 562 3230 dignus
577 3189 626 3218 es
645 3177 865 3218 Dominus
885 3181 932 3219 et
952 3178 1078 3219 Deus
1097 3180 1265 3219 noster.

1378 3176 1438 3218 V.
1499 3180 1537 3218 1.
1568 3176 1616 3216 in
1638 3174 1889 3214 dexteram.
1946 3173 1987 3211 2.
2018 3169 2174 3210 fortem

302 3241 349 3277 et
366 3233 729 3289 praedicantem3
749 3232 858 3276 ibid.
881 3233 956 3285 qui
975 3235 1046 3274 est
1065 3233 1240 3284 dignus.
1300 3235 1339 3274 3.
1370 3239 1416 3274 et
1434 3245 1563 3274 nemo
1593 3231 1773 3284 poterat
1800 3228 1848 3268 in
1880 3224 2006 3268 caelo
2036 3234 2177 3275 neque

300 3292 348 3332 in
375 3293 514 3331 terra.
590 3293 631 3331 5.
679 3302 735 3330 ne
763 3289 972 3338 fleberis3
998 3287 1110 3330 ibid.
1139 3289 1319 3343 aperire
1348 3287 1513 3329 librum
1545 3290 1592 3328 et
1618 3288 1791 3338 septem
1822 3278 2053 3333 signacula
2078 3279 2176 3330 ejus

306 3347 449 3398 (deest
477 3344 689 3397 solvere).
765 3347 806 3386 6.
845 3344 921 3396 qui
957 3347 1063 3384 sunt
1089 3344 1278 3396 spiritus
1317 3343 1406 3384 Dei
1447 3341 1518 3396 (in
1549 3339 1761 3394 margine
1796 3337 1967 3392 legitur
1992 3338 2175 3389 septem,

297 3398 470 3454 prima,
494 3406 547 3442 ue
563 3399 754 3447 videtur,
767 3398 942 3450 manu).
1001 3400 1044 3438 Ἰ.
1074 3395 1240 3438 librum
1259 3397 1503 3454 (scriptum
1520 3403 1587 3440 est
1603 3396 1653 3438 in
1672 3392 1886 3449 margine
1906 3393 2101 3436 relatum
2119 3390 2178 3431 si·

300 3465 398 3506 gno
421 3453 479 3484 -‘-
497 3458 562 3496 ad
575 3454 756 3496 verbum
774 3453 951 3526 a‘ccepit
968 3451 1020 3493 in
1041 3452 1208 3503 textu).
