<?xml version="1.0" encoding="UTF-8"?>
<!DOCTYPE html PUBLIC "-//W3C//DTD XHTML 1.0 Transitional//EN"
    "http://www.w3.org/TR/xhtml1/DTD/xhtml1-transitional.dtd">
<html xmlns="http://www.w3.org/1999/xhtml" xml:lang="en" lang="en">
 <head>
  <title>
</title>
<meta http-equiv="Content-Type" content="text/html;charset=utf-8" />
  <meta name='ocr-system' content='tesseract 3.04.00' />
  <meta name='ocr-capabilities' content='ocr_page ocr_carea ocr_par ocr_line ocrx_word'/>
</head>
<body>
  <div class='ocr_page' id='page_1' title='image "./novumtestamentu01flecgoog_0294.png"; bbox 0 0 2376 3925; ppageno 0'>
   <div class='ocr_carea' id='block_1_1' title="bbox 284 151 1956 222">
    <p class='ocr_par' dir='ltr' id='par_1_1' title="bbox 284 151 1956 222">
     <span class='ocr_line' id='line_1_1' title="bbox 284 151 1956 222; baseline -0.014 0"><span class='ocrx_word' id='word_1_1' title='bbox 284 171 384 222; x_wconf 78' lang='lat'><strong>226</strong></span> <span class='ocrx_word' id='word_1_2' title='bbox 534 164 797 219; x_wconf 82' lang='lat' dir='ltr'>ACTUS</span> <span class='ocrx_word' id='word_1_3' title='bbox 852 155 1498 214; x_wconf 78' lang='lat' dir='ltr'><strong>APOSTOLORUM.</strong></span> <span class='ocrx_word' id='word_1_4' title='bbox 1557 151 1726 204; x_wconf 82' lang='lat' dir='ltr'><strong>cAP.</strong></span> <span class='ocrx_word' id='word_1_5' title='bbox 1765 152 1847 200; x_wconf 82' lang='lat'><strong>21.</strong></span> <span class='ocrx_word' id='word_1_6' title='bbox 1870 153 1956 200; x_wconf 84' lang='lat'><strong>22.</strong></span> 
     </span>
    </p>
   </div>
   <div class='ocr_carea' id='block_1_2' title="bbox 284 221 2188 255">
    <p class='ocr_par' dir='ltr' id='par_1_2' title="bbox 284 221 2188 255">
     <span class='ocr_line' id='line_1_2' title="bbox 284 221 2188 255; baseline -0.011 -2"><span class='ocrx_word' id='word_1_7' title='bbox 284 221 2188 255; x_wconf 59' lang='grc' dir='ltr'><em>Μ</em></span> 
     </span>
    </p>
   </div>
   <div class='ocr_carea' id='block_1_3' title="bbox 288 263 1195 597">
    <p class='ocr_par' dir='ltr' id='par_1_3' title="bbox 288 263 1195 597">
     <span class='ocr_line' id='line_1_3' title="bbox 351 263 1187 323; baseline -0.016 -5"><span class='ocrx_word' id='word_1_8' title='bbox 351 274 434 318; x_wconf 99' lang='grc'><strong>40.</strong></span> <span class='ocrx_word' id='word_1_9' title='bbox 478 271 547 317; x_wconf 87' lang='lat' dir='ltr'><strong>Et</strong></span> <span class='ocrx_word' id='word_1_10' title='bbox 582 283 693 316; x_wconf 88' lang='lat' dir='ltr'><strong>cum</strong></span> <span class='ocrx_word' id='word_1_11' title='bbox 734 267 825 314; x_wconf 87' lang='lat' dir='ltr'><strong>ille</strong></span> <span class='ocrx_word' id='word_1_12' title='bbox 858 263 1187 323; x_wconf 70' lang='lat' dir='ltr'>permisisset,</span> 
     </span>
     <span class='ocr_line' id='line_1_4' title="bbox 288 327 1194 394; baseline -0.015 -8"><span class='ocrx_word' id='word_1_13' title='bbox 288 339 473 386; x_wconf 85' lang='lat' dir='ltr'><strong>Paulus</strong></span> <span class='ocrx_word' id='word_1_14' title='bbox 492 341 631 384; x_wconf 87' lang='lat' dir='ltr'><strong>stans</strong></span> <span class='ocrx_word' id='word_1_15' title='bbox 648 336 705 382; x_wconf 85' lang='lat' dir='ltr'><strong>in</strong></span> <span class='ocrx_word' id='word_1_16' title='bbox 726 333 959 394; x_wconf 78' lang='lat' dir='ltr'><strong>gradibus</strong></span> <span class='ocrx_word' id='word_1_17' title='bbox 973 361 987 390; x_wconf 92' lang='lat'><strong>,</strong></span> <span class='ocrx_word' id='word_1_18' title='bbox 1014 327 1194 374; x_wconf 86' lang='lat' dir='ltr'><strong>annuit</strong></span> 
     </span>
     <span class='ocr_line' id='line_1_5' title="bbox 292 395 1191 461; baseline -0.014 -9"><span class='ocrx_word' id='word_1_19' title='bbox 292 419 443 452; x_wconf 87' lang='lat' dir='ltr'><strong>manu</strong></span> <span class='ocrx_word' id='word_1_20' title='bbox 469 404 531 450; x_wconf 90' lang='lat' dir='ltr'><strong>ad</strong></span> <span class='ocrx_word' id='word_1_21' title='bbox 561 404 785 461; x_wconf 84' lang='lat' dir='ltr'><strong>plebem,</strong></span> <span class='ocrx_word' id='word_1_22' title='bbox 824 401 875 446; x_wconf 89' lang='lat' dir='ltr'><strong>et</strong></span> <span class='ocrx_word' id='word_1_23' title='bbox 901 409 1083 456; x_wconf 81' lang='lat' dir='ltr'><strong>magno</strong></span> <span class='ocrx_word' id='word_1_24' title='bbox 1120 395 1191 440; x_wconf 87' lang='lat' dir='ltr'><strong>si-</strong></span> 
     </span>
     <span class='ocr_line' id='line_1_6' title="bbox 294 464 1195 529; baseline -0.016 -10"><span class='ocrx_word' id='word_1_25' title='bbox 294 473 452 520; x_wconf 87' lang='lat' dir='ltr'><strong>lentio</strong></span> <span class='ocrx_word' id='word_1_26' title='bbox 472 473 607 518; x_wconf 87' lang='lat' dir='ltr'><strong>facto</strong></span> <span class='ocrx_word' id='word_1_27' title='bbox 622 501 637 529; x_wconf 95' lang='lat'><strong>,</strong></span> <span class='ocrx_word' id='word_1_28' title='bbox 658 468 905 515; x_wconf 88' lang='lat' dir='ltr'><strong>allocutus</strong></span> <span class='ocrx_word' id='word_1_29' title='bbox 926 468 1003 512; x_wconf 86' lang='lat' dir='ltr'><strong>est</strong></span> <span class='ocrx_word' id='word_1_30' title='bbox 1020 464 1195 520; x_wconf 80' lang='lat' dir='ltr'><strong>lingua</strong></span> 
     </span>
     <span class='ocr_line' id='line_1_7' title="bbox 292 538 759 597; baseline -0.011 -11"><span class='ocrx_word' id='word_1_31' title='bbox 292 541 540 597; x_wconf 85' lang='lat' dir='ltr'><strong>Hebraea,</strong></span> <span class='ocrx_word' id='word_1_32' title='bbox 564 538 759 584; x_wconf 83' lang='lat' dir='ltr'><strong>dicens:</strong></span> 
     </span>
    </p>
   </div>
   <div class='ocr_carea' id='block_1_4' title="bbox 548 665 941 721">
    <p class='ocr_par' dir='ltr' id='par_1_4' title="bbox 548 665 941 721">
     <span class='ocr_line' id='line_1_8' title="bbox 548 665 941 721; baseline -0.02 0"><span class='ocrx_word' id='word_1_33' title='bbox 548 668 715 721; x_wconf 81' lang='lat' dir='ltr'><strong>CAP.</strong></span> <span class='ocrx_word' id='word_1_34' title='bbox 774 665 941 716; x_wconf 83' lang='lat' dir='ltr'>XXII.</span> 
     </span>
    </p>
   </div>
   <div class='ocr_carea' id='block_1_5' title="bbox 295 758 1201 1084">
    <p class='ocr_par' dir='ltr' id='par_1_5' title="bbox 295 758 1201 1084">
     <span class='ocr_line' id='line_1_9' title="bbox 295 758 1198 815; baseline -0.017 -1"><span class='ocrx_word' id='word_1_35' title='bbox 295 771 461 815; x_wconf 84' lang='lat' dir='ltr'><strong>Judaei</strong></span> <span class='ocrx_word' id='word_1_36' title='bbox 500 766 757 812; x_wconf 82' lang='lat' dir='ltr'><strong>tumultuati</strong></span> <span class='ocrx_word' id='word_1_37' title='bbox 796 767 913 811; x_wconf 89' lang='lat' dir='ltr'><strong>sunt,</strong></span> <span class='ocrx_word' id='word_1_38' title='bbox 941 758 1087 802; x_wconf 81' lang='lat' dir='ltr'><strong>Paulo</strong></span> <span class='ocrx_word' id='word_1_39' title='bbox 1129 758 1198 800; x_wconf 86' lang='lat' dir='ltr'><strong>di-</strong></span> 
     </span>
     <span class='ocr_line' id='line_1_10' title="bbox 296 817 1198 876; baseline -0.017 -6"><span class='ocrx_word' id='word_1_40' title='bbox 296 833 449 876; x_wconf 83' lang='lat' dir='ltr'><strong>cente,</strong></span> <span class='ocrx_word' id='word_1_41' title='bbox 481 839 528 868; x_wconf 88' lang='lat' dir='ltr'><strong>se</strong></span> <span class='ocrx_word' id='word_1_42' title='bbox 546 825 727 866; x_wconf 84' lang='lat' dir='ltr'><strong>missum</strong></span> <span class='ocrx_word' id='word_1_43' title='bbox 754 832 850 862; x_wconf 89' lang='lat' dir='ltr'><strong>esse</strong></span> <span class='ocrx_word' id='word_1_44' title='bbox 872 817 932 859; x_wconf 84' lang='lat' dir='ltr'><strong>ad</strong></span> <span class='ocrx_word' id='word_1_45' title='bbox 950 829 1107 858; x_wconf 83' lang='lat' dir='ltr'><strong>novam</strong></span> <span class='ocrx_word' id='word_1_46' title='bbox 1125 825 1198 856; x_wconf 86' lang='lat' dir='ltr'><strong>re-</strong></span> 
     </span>
     <span class='ocr_line' id='line_1_11' title="bbox 298 870 1201 936; baseline -0.016 -12"><span class='ocrx_word' id='word_1_47' title='bbox 298 883 509 936; x_wconf 74' lang='lat' dir='ltr'><strong>ligionem</strong></span> <span class='ocrx_word' id='word_1_48' title='bbox 536 878 708 921; x_wconf 80' lang='lat' dir='ltr'><strong>exteris</strong></span> <span class='ocrx_word' id='word_1_49' title='bbox 736 873 1033 917; x_wconf 82' lang='lat' dir='ltr'><strong>indicendam.</strong></span> <span class='ocrx_word' id='word_1_50' title='bbox 1091 870 1201 912; x_wconf 84' lang='lat' dir='ltr'><strong>Jus-</strong></span> 
     </span>
     <span class='ocr_line' id='line_1_12' title="bbox 298 926 1200 985; baseline -0.017 -4"><span class='ocrx_word' id='word_1_51' title='bbox 298 952 373 982; x_wconf 82' lang='lat' dir='ltr'><strong>sus</strong></span> <span class='ocrx_word' id='word_1_52' title='bbox 399 939 547 979; x_wconf 83' lang='lat' dir='ltr'><strong>autem</strong></span> <span class='ocrx_word' id='word_1_53' title='bbox 576 933 795 985; x_wconf 80' lang='lat' dir='ltr'><strong>torqueri,</strong></span> <span class='ocrx_word' id='word_1_54' title='bbox 823 929 1043 970; x_wconf 84' lang='lat' dir='ltr'><strong>liberatur</strong></span> <span class='ocrx_word' id='word_1_55' title='bbox 1068 926 1200 968; x_wconf 79' lang='lat' dir='ltr'><strong>forti-</strong></span> 
     </span>
     <span class='ocr_line' id='line_1_13' title="bbox 326 983 1172 1038; baseline -0.017 -2"><span class='ocrx_word' id='word_1_56' title='bbox 326 998 395 1036; x_wconf 82' lang='lat' dir='ltr'><strong>ter</strong></span> <span class='ocrx_word' id='word_1_57' title='bbox 415 990 677 1038; x_wconf 81' lang='lat' dir='ltr'><strong>asserendo,</strong></span> <span class='ocrx_word' id='word_1_58' title='bbox 699 987 839 1028; x_wconf 81' lang='lat' dir='ltr'><strong>civem</strong></span> <span class='ocrx_word' id='word_1_59' title='bbox 860 997 907 1027; x_wconf 85' lang='lat' dir='ltr'><strong>se</strong></span> <span class='ocrx_word' id='word_1_60' title='bbox 926 983 1172 1024; x_wconf 82' lang='lat' dir='ltr'><strong>Romanum</strong></span> 
     </span>
     <span class='ocr_line' id='line_1_14' title="bbox 689 1055 803 1084; baseline -0.044 0"><span class='ocrx_word' id='word_1_61' title='bbox 689 1055 803 1084; x_wconf 88' lang='lat' dir='ltr'><strong>esse.</strong></span> 
     </span>
    </p>
   </div>
   <div class='ocr_carea' id='block_1_6' title="bbox 300 1129 1222 3137">
    <p class='ocr_par' dir='ltr' id='par_1_6' title="bbox 300 1129 1201 1322">
     <span class='ocr_line' id='line_1_15' title="bbox 367 1129 1200 1194; baseline -0.014 -8"><span class='ocrx_word' id='word_1_62' title='bbox 367 1145 413 1186; x_wconf 90' lang='lat'><strong>1.</strong></span> <span class='ocrx_word' id='word_1_63' title='bbox 448 1139 560 1186; x_wconf 87' lang='lat' dir='ltr'><strong>Viri</strong></span> <span class='ocrx_word' id='word_1_64' title='bbox 576 1139 787 1194; x_wconf 75' lang='lat' dir='ltr'><strong>fratres,</strong></span> <span class='ocrx_word' id='word_1_65' title='bbox 816 1137 867 1180; x_wconf 86' lang='lat' dir='ltr'><strong>et</strong></span> <span class='ocrx_word' id='word_1_66' title='bbox 894 1129 1087 1191; x_wconf 84' lang='lat' dir='ltr'><strong>patres!</strong></span> <span class='ocrx_word' id='word_1_67' title='bbox 1110 1143 1200 1175; x_wconf 88' lang='lat' dir='ltr'><strong>au-</strong></span> 
     </span>
     <span class='ocr_line' id='line_1_16' title="bbox 302 1197 1201 1266; baseline -0.016 -10"><span class='ocrx_word' id='word_1_68' title='bbox 302 1210 419 1266; x_wconf 86' lang='lat' dir='ltr'><strong>dite,</strong></span> <span class='ocrx_word' id='word_1_69' title='bbox 459 1219 607 1264; x_wconf 88' lang='lat' dir='ltr'><strong>quam</strong></span> <span class='ocrx_word' id='word_1_70' title='bbox 644 1204 707 1250; x_wconf 83' lang='lat' dir='ltr'><strong>ad</strong></span> <span class='ocrx_word' id='word_1_71' title='bbox 745 1215 836 1248; x_wconf 85' lang='lat' dir='ltr'><strong>vos</strong></span> <span class='ocrx_word' id='word_1_72' title='bbox 873 1213 1008 1247; x_wconf 90' lang='lat' dir='ltr'><strong>nunc</strong></span> <span class='ocrx_word' id='word_1_73' title='bbox 1043 1197 1201 1245; x_wconf 86' lang='lat' dir='ltr'><strong>reddo</strong></span> 
     </span>
     <span class='ocr_line' id='line_1_17' title="bbox 300 1277 565 1322; baseline -0.019 1"><span class='ocrx_word' id='word_1_74' title='bbox 300 1277 565 1322; x_wconf 84' lang='lat' dir='ltr'><strong>rationem.</strong></span> 
     </span>
    </p>

    <p class='ocr_par' dir='ltr' id='par_1_7' title="bbox 300 1330 1206 1588">
     <span class='ocr_line' id='line_1_18' title="bbox 372 1330 1205 1392; baseline -0.016 -4"><span class='ocrx_word' id='word_1_75' title='bbox 372 1345 418 1388; x_wconf 82' lang='lat'><strong>2.</strong></span> <span class='ocrx_word' id='word_1_76' title='bbox 456 1343 578 1388; x_wconf 86' lang='lat' dir='ltr'><strong>Cum</strong></span> <span class='ocrx_word' id='word_1_77' title='bbox 596 1338 856 1386; x_wconf 86' lang='lat' dir='ltr'><strong>audissent</strong></span> <span class='ocrx_word' id='word_1_78' title='bbox 874 1338 1039 1382; x_wconf 86' lang='lat' dir='ltr'><strong>autem</strong></span> <span class='ocrx_word' id='word_1_79' title='bbox 1052 1364 1067 1392; x_wconf 94' lang='lat'><strong>,</strong></span> <span class='ocrx_word' id='word_1_80' title='bbox 1088 1330 1205 1388; x_wconf 89' lang='lat' dir='ltr'><strong>quia</strong></span> 
     </span>
     <span class='ocr_line' id='line_1_19' title="bbox 306 1398 1204 1464; baseline -0.014 -8"><span class='ocrx_word' id='word_1_81' title='bbox 306 1413 535 1456; x_wconf 85' lang='lat' dir='ltr'><strong>Hebraea</strong></span> <span class='ocrx_word' id='word_1_82' title='bbox 553 1408 727 1464; x_wconf 80' lang='lat' dir='ltr'><strong>lingua</strong></span> <span class='ocrx_word' id='word_1_83' title='bbox 745 1404 1038 1460; x_wconf 85' lang='lat' dir='ltr'><strong>loqueretur</strong></span> <span class='ocrx_word' id='word_1_84' title='bbox 1056 1399 1121 1444; x_wconf 89' lang='lat' dir='ltr'><strong>ad</strong></span> <span class='ocrx_word' id='word_1_85' title='bbox 1138 1398 1204 1443; x_wconf 90' lang='lat' dir='ltr'><strong>il-</strong></span> 
     </span>
     <span class='ocr_line' id='line_1_20' title="bbox 300 1465 1206 1533; baseline -0.015 -11"><span class='ocrx_word' id='word_1_86' title='bbox 300 1477 409 1533; x_wconf 90' lang='lat' dir='ltr'><strong>los,</strong></span> <span class='ocrx_word' id='word_1_87' title='bbox 454 1474 613 1531; x_wconf 84' lang='lat' dir='ltr'><strong>magis</strong></span> <span class='ocrx_word' id='word_1_88' title='bbox 650 1469 1011 1529; x_wconf 84' lang='lat' dir='ltr'><strong>praestiterunt</strong></span> <span class='ocrx_word' id='word_1_89' title='bbox 1046 1465 1206 1512; x_wconf 87' lang='lat' dir='ltr'><strong>silen-</strong></span> 
     </span>
     <span class='ocr_line' id='line_1_21' title="bbox 303 1543 442 1588; baseline -0.014 0"><span class='ocrx_word' id='word_1_90' title='bbox 303 1543 442 1588; x_wconf 82' lang='lat' dir='ltr'><strong>tium.</strong></span> 
     </span>
    </p>

    <p class='ocr_par' dir='ltr' id='par_1_8' title="bbox 302 1599 1210 2066">
     <span class='ocr_line' id='line_1_22' title="bbox 372 1599 1205 1661; baseline -0.012 -8"><span class='ocrx_word' id='word_1_91' title='bbox 372 1610 418 1653; x_wconf 82' lang='lat'><strong>3.</strong></span> <span class='ocrx_word' id='word_1_92' title='bbox 454 1608 523 1653; x_wconf 86' lang='lat' dir='ltr'><strong>Et</strong></span> <span class='ocrx_word' id='word_1_93' title='bbox 549 1604 693 1650; x_wconf 87' lang='lat' dir='ltr'><strong>dicit:</strong></span> <span class='ocrx_word' id='word_1_94' title='bbox 724 1603 837 1661; x_wconf 85' lang='lat' dir='ltr'><strong>Ego</strong></span> <span class='ocrx_word' id='word_1_95' title='bbox 866 1615 973 1647; x_wconf 88' lang='lat' dir='ltr'><strong>sum</strong></span> <span class='ocrx_word' id='word_1_96' title='bbox 1006 1599 1083 1645; x_wconf 84' lang='lat' dir='ltr'><strong>vir</strong></span> <span class='ocrx_word' id='word_1_97' title='bbox 1110 1599 1205 1644; x_wconf 79' lang='lat' dir='ltr'><strong>Ju-</strong></span> 
     </span>
     <span class='ocr_line' id='line_1_23' title="bbox 307 1667 1205 1734; baseline -0.013 -11"><span class='ocrx_word' id='word_1_98' title='bbox 307 1678 487 1734; x_wconf 77' lang='lat' dir='ltr'><strong>dacus,</strong></span> <span class='ocrx_word' id='word_1_99' title='bbox 524 1676 671 1718; x_wconf 89' lang='lat' dir='ltr'><strong>natus</strong></span> <span class='ocrx_word' id='word_1_100' title='bbox 706 1671 761 1716; x_wconf 90' lang='lat' dir='ltr'><strong>in</strong></span> <span class='ocrx_word' id='word_1_101' title='bbox 790 1672 951 1716; x_wconf 83' lang='lat' dir='ltr'><strong>Tarso</strong></span> <span class='ocrx_word' id='word_1_102' title='bbox 981 1667 1205 1725; x_wconf 76' lang='lat' dir='ltr'>Ciliciae,</span> 
     </span>
     <span class='ocr_line' id='line_1_24' title="bbox 306 1734 1206 1793; baseline -0.013 -2"><span class='ocrx_word' id='word_1_103' title='bbox 306 1743 523 1790; x_wconf 89' lang='lat' dir='ltr'><strong>nutritus</strong></span> <span class='ocrx_word' id='word_1_104' title='bbox 560 1743 725 1786; x_wconf 89' lang='lat' dir='ltr'><strong>autem</strong></span> <span class='ocrx_word' id='word_1_105' title='bbox 762 1738 815 1783; x_wconf 92' lang='lat' dir='ltr'><strong>in</strong></span> <span class='ocrx_word' id='word_1_106' title='bbox 852 1737 949 1782; x_wconf 84' lang='lat' dir='ltr'><strong>ista</strong></span> <span class='ocrx_word' id='word_1_107' title='bbox 985 1734 1206 1793; x_wconf 84' lang='lat' dir='ltr'><strong>civitate,</strong></span> 
     </span>
     <span class='ocr_line' id='line_1_25' title="bbox 306 1795 1208 1869; baseline -0.012 -10"><span class='ocrx_word' id='word_1_108' title='bbox 306 1823 451 1859; x_wconf 88' lang='lat' dir='ltr'><strong>secus</strong></span> <span class='ocrx_word' id='word_1_109' title='bbox 479 1809 631 1869; x_wconf 87' lang='lat' dir='ltr'><strong>pedes</strong></span> <span class='ocrx_word' id='word_1_110' title='bbox 666 1804 911 1852; x_wconf 83' lang='lat' dir='ltr'><strong>Gamaliel</strong></span> <span class='ocrx_word' id='word_1_111' title='bbox 922 1795 963 1862; x_wconf 67' lang='lat' dir='ltr'><strong>k,</strong></span> <span class='ocrx_word' id='word_1_112' title='bbox 985 1802 1208 1849; x_wconf 85' lang='lat' dir='ltr'><strong>eruditus</strong></span> 
     </span>
     <span class='ocr_line' id='line_1_26' title="bbox 302 1869 1207 1938; baseline -0.011 -14"><span class='ocrx_word' id='word_1_113' title='bbox 302 1880 451 1938; x_wconf 78' lang='lat' dir='ltr'><strong>juxta</strong></span> <span class='ocrx_word' id='word_1_114' title='bbox 484 1877 747 1923; x_wconf 85' lang='lat' dir='ltr'><strong>veritatem</strong></span> <span class='ocrx_word' id='word_1_115' title='bbox 781 1875 1023 1932; x_wconf 78' lang='lat' dir='ltr'><strong>paternae</strong></span> <span class='ocrx_word' id='word_1_116' title='bbox 1059 1869 1207 1928; x_wconf 83' lang='lat' dir='ltr'><strong>legis,</strong></span> 
     </span>
     <span class='ocr_line' id='line_1_27' title="bbox 308 1941 1210 2001; baseline -0.014 -6"><span class='ocrx_word' id='word_1_117' title='bbox 308 1945 586 1995; x_wconf 75' lang='lat' dir='ltr'><strong>aemulator</strong></span> <span class='ocrx_word' id='word_1_118' title='bbox 604 1942 751 2001; x_wconf 76' lang='lat' dir='ltr'><strong>legis,</strong></span> <span class='ocrx_word' id='word_1_119' title='bbox 766 1941 897 1987; x_wconf 84' lang='lat' dir='ltr'><strong>sicut</strong></span> <span class='ocrx_word' id='word_1_120' title='bbox 915 1942 967 1987; x_wconf 90' lang='lat' dir='ltr'><strong>et</strong></span> <span class='ocrx_word' id='word_1_121' title='bbox 986 1949 1079 1985; x_wconf 85' lang='lat' dir='ltr'><strong>vos</strong></span> <span class='ocrx_word' id='word_1_122' title='bbox 1100 1949 1210 1984; x_wconf 90' lang='lat' dir='ltr'><strong>om-</strong></span> 
     </span>
     <span class='ocr_line' id='line_1_28' title="bbox 308 2010 739 2066; baseline -0.016 -5"><span class='ocrx_word' id='word_1_123' title='bbox 308 2028 399 2061; x_wconf 88' lang='lat' dir='ltr'><strong>nes</strong></span> <span class='ocrx_word' id='word_1_124' title='bbox 422 2013 541 2059; x_wconf 86' lang='lat' dir='ltr'><strong>estis</strong></span> <span class='ocrx_word' id='word_1_125' title='bbox 560 2010 739 2066; x_wconf 83' lang='lat' dir='ltr'><strong>hodie3</strong></span> 
     </span>
    </p>

    <p class='ocr_par' dir='ltr' id='par_1_9' title="bbox 308 2072 1212 2332">
     <span class='ocr_line' id='line_1_29' title="bbox 374 2072 1212 2134; baseline -0.011 -10"><span class='ocrx_word' id='word_1_126' title='bbox 374 2082 422 2124; x_wconf 86' lang='lat'><strong>4.</strong></span> <span class='ocrx_word' id='word_1_127' title='bbox 464 2078 551 2134; x_wconf 85' lang='lat' dir='ltr'><strong>qui</strong></span> <span class='ocrx_word' id='word_1_128' title='bbox 584 2077 713 2121; x_wconf 82' lang='lat' dir='ltr'><strong>hanc</strong></span> <span class='ocrx_word' id='word_1_129' title='bbox 750 2074 882 2119; x_wconf 84' lang='lat' dir='ltr'><strong>viam</strong></span> <span class='ocrx_word' id='word_1_130' title='bbox 918 2072 1212 2130; x_wconf 88' lang='lat' dir='ltr'><strong>persecutus</strong></span> 
     </span>
     <span class='ocr_line' id='line_1_30' title="bbox 310 2136 1212 2198; baseline -0.012 -7"><span class='ocrx_word' id='word_1_131' title='bbox 310 2158 420 2191; x_wconf 88' lang='lat' dir='ltr'><strong>sum</strong></span> <span class='ocrx_word' id='word_1_132' title='bbox 444 2156 603 2198; x_wconf 86' lang='lat' dir='ltr'><strong>usque</strong></span> <span class='ocrx_word' id='word_1_133' title='bbox 634 2140 699 2185; x_wconf 84' lang='lat' dir='ltr'><strong>ad</strong></span> <span class='ocrx_word' id='word_1_134' title='bbox 723 2140 962 2197; x_wconf 89' lang='lat' dir='ltr'><strong>mortem,</strong></span> <span class='ocrx_word' id='word_1_135' title='bbox 996 2136 1212 2194; x_wconf 83' lang='lat' dir='ltr'><strong>alligans</strong></span> 
     </span>
     <span class='ocr_line' id='line_1_31' title="bbox 311 2203 1212 2257; baseline -0.009 0"><span class='ocrx_word' id='word_1_136' title='bbox 311 2214 361 2257; x_wconf 86' lang='lat' dir='ltr'><strong>et</strong></span> <span class='ocrx_word' id='word_1_137' title='bbox 388 2208 591 2255; x_wconf 86' lang='lat' dir='ltr'><strong>tradens</strong></span> <span class='ocrx_word' id='word_1_138' title='bbox 618 2206 675 2253; x_wconf 89' lang='lat' dir='ltr'><strong>in</strong></span> <span class='ocrx_word' id='word_1_139' title='bbox 704 2204 957 2253; x_wconf 84' lang='lat' dir='ltr'><strong>custodias</strong></span> <span class='ocrx_word' id='word_1_140' title='bbox 988 2203 1125 2250; x_wconf 87' lang='lat' dir='ltr'><strong>viros</strong></span> <span class='ocrx_word' id='word_1_141' title='bbox 1152 2216 1212 2249; x_wconf 89' lang='lat' dir='ltr'><strong>ac</strong></span> 
     </span>
     <span class='ocr_line' id='line_1_32' title="bbox 308 2266 593 2332; baseline -0.011 -9"><span class='ocrx_word' id='word_1_142' title='bbox 308 2276 548 2323; x_wconf 86' lang='lat' dir='ltr'><strong>mulieres</strong></span> <span class='ocrx_word' id='word_1_143' title='bbox 558 2266 593 2332; x_wconf 60' lang='grc' dir='ltr'><strong>ι,</strong></span> 
     </span>
    </p>

    <p class='ocr_par' dir='ltr' id='par_1_10' title="bbox 311 2338 1218 2804">
     <span class='ocr_line' id='line_1_33' title="bbox 379 2338 1213 2397; baseline -0.007 -7"><span class='ocrx_word' id='word_1_144' title='bbox 379 2346 425 2390; x_wconf 80' lang='grc'><strong>5.</strong></span> <span class='ocrx_word' id='word_1_145' title='bbox 478 2341 655 2387; x_wconf 80' lang='lat' dir='ltr'><strong>msicut</strong></span> <span class='ocrx_word' id='word_1_146' title='bbox 688 2338 923 2397; x_wconf 87' lang='lat' dir='ltr'><strong>princeps</strong></span> <span class='ocrx_word' id='word_1_147' title='bbox 962 2338 1213 2385; x_wconf 85' lang='lat' dir='ltr'><strong>Sacerdo-</strong></span> 
     </span>
     <span class='ocr_line' id='line_1_34' title="bbox 311 2406 1216 2465; baseline -0.009 -5"><span class='ocrx_word' id='word_1_148' title='bbox 311 2416 417 2461; x_wconf 87' lang='lat' dir='ltr'><strong>tum</strong></span> <span class='ocrx_word' id='word_1_149' title='bbox 441 2409 565 2457; x_wconf 87' lang='lat' dir='ltr'><strong>mihi</strong></span> <span class='ocrx_word' id='word_1_150' title='bbox 590 2406 933 2455; x_wconf 88' lang='lat' dir='ltr'><strong>testimonium</strong></span> <span class='ocrx_word' id='word_1_151' title='bbox 950 2406 1141 2465; x_wconf 78' lang='lat' dir='ltr'><strong>reddit,</strong></span> <span class='ocrx_word' id='word_1_152' title='bbox 1164 2408 1216 2452; x_wconf 90' lang='lat' dir='ltr'><strong>et</strong></span> 
     </span>
     <span class='ocr_line' id='line_1_35' title="bbox 314 2474 1218 2534; baseline -0.01 -7"><span class='ocrx_word' id='word_1_153' title='bbox 314 2492 489 2527; x_wconf 88' lang='lat' dir='ltr'><strong>omnes</strong></span> <span class='ocrx_word' id='word_1_154' title='bbox 507 2477 727 2534; x_wconf 87' lang='lat' dir='ltr'><strong>majores</strong></span> <span class='ocrx_word' id='word_1_155' title='bbox 748 2477 869 2521; x_wconf 85' lang='lat' dir='ltr'><strong>natu</strong></span> <span class='ocrx_word' id='word_1_156' title='bbox 885 2505 899 2534; x_wconf 91' lang='lat'><strong>,</strong></span> <span class='ocrx_word' id='word_1_157' title='bbox 920 2487 950 2519; x_wconf 93' lang='lat' dir='ltr'><strong>a</strong></span> <span class='ocrx_word' id='word_1_158' title='bbox 968 2474 1144 2530; x_wconf 87' lang='lat' dir='ltr'><strong>quibus</strong></span> <span class='ocrx_word' id='word_1_159' title='bbox 1166 2476 1218 2519; x_wconf 90' lang='lat' dir='ltr'><strong>et</strong></span> 
     </span>
     <span class='ocr_line' id='line_1_36' title="bbox 315 2542 1216 2607; baseline -0.009 -13"><span class='ocrx_word' id='word_1_160' title='bbox 315 2546 553 2607; x_wconf 71' lang='lat' dir='ltr'><strong>epistolas</strong></span> <span class='ocrx_word' id='word_1_161' title='bbox 594 2542 876 2601; x_wconf 89' lang='lat' dir='ltr'><strong>accipiens,</strong></span> <span class='ocrx_word' id='word_1_162' title='bbox 922 2542 987 2587; x_wconf 89' lang='lat' dir='ltr'><strong>ad</strong></span> <span class='ocrx_word' id='word_1_163' title='bbox 1030 2542 1216 2587; x_wconf 87' lang='lat' dir='ltr'><strong>fratres</strong></span> 
     </span>
     <span class='ocr_line' id='line_1_37' title="bbox 313 2608 1216 2669; baseline -0.01 -8"><span class='ocrx_word' id='word_1_164' title='bbox 313 2617 611 2661; x_wconf 75' lang='lat' dir='ltr'><strong>Damascum</strong></span> <span class='ocrx_word' id='word_1_165' title='bbox 626 2612 911 2669; x_wconf 81' lang='lat' dir='ltr'><strong>pergebam,</strong></span> <span class='ocrx_word' id='word_1_166' title='bbox 922 2611 980 2655; x_wconf 88' lang='lat' dir='ltr'><strong>ut</strong></span> <span class='ocrx_word' id='word_1_167' title='bbox 999 2608 1216 2653; x_wconf 86' lang='lat' dir='ltr'><strong>adduce-</strong></span> 
     </span>
     <span class='ocr_line' id='line_1_38' title="bbox 314 2673 1215 2733; baseline -0.008 -7"><span class='ocrx_word' id='word_1_168' title='bbox 314 2695 419 2728; x_wconf 93' lang='lat' dir='ltr'><strong>rem</strong></span> <span class='ocrx_word' id='word_1_169' title='bbox 456 2681 574 2727; x_wconf 87' lang='lat' dir='ltr'><strong>inde</strong></span> <span class='ocrx_word' id='word_1_170' title='bbox 611 2679 809 2725; x_wconf 86' lang='lat' dir='ltr'><strong>vinctos</strong></span> <span class='ocrx_word' id='word_1_171' title='bbox 836 2677 891 2722; x_wconf 92' lang='lat' dir='ltr'><strong>in</strong></span> <span class='ocrx_word' id='word_1_172' title='bbox 924 2673 1215 2733; x_wconf 76' lang='lat' dir='ltr'><strong>Ierusalem,</strong></span> 
     </span>
     <span class='ocr_line' id='line_1_39' title="bbox 316 2748 707 2804; baseline 0 -13"><span class='ocrx_word' id='word_1_173' title='bbox 316 2751 373 2792; x_wconf 91' lang='lat' dir='ltr'><strong>ut</strong></span> <span class='ocrx_word' id='word_1_174' title='bbox 391 2748 707 2804; x_wconf 83' lang='lat' dir='ltr'><strong>punirentur.</strong></span> 
     </span>
    </p>

    <p class='ocr_par' dir='ltr' id='par_1_11' title="bbox 314 2808 1220 3068">
     <span class='ocr_line' id='line_1_40' title="bbox 384 2808 1218 2866; baseline -0.007 -9"><span class='ocrx_word' id='word_1_175' title='bbox 384 2815 430 2858; x_wconf 87' lang='grc'><strong>6.</strong></span> <span class='ocrx_word' id='word_1_176' title='bbox 464 2813 673 2860; x_wconf 80' lang='lat' dir='ltr'><strong>Factum</strong></span> <span class='ocrx_word' id='word_1_177' title='bbox 723 2813 801 2859; x_wconf 84' lang='lat' dir='ltr'><strong>est</strong></span> <span class='ocrx_word' id='word_1_178' title='bbox 835 2811 1027 2866; x_wconf 86' lang='lat' dir='ltr'><strong>autem,</strong></span> <span class='ocrx_word' id='word_1_179' title='bbox 1067 2808 1218 2853; x_wconf 89' lang='lat' dir='ltr'><strong>eunte</strong></span> 
     </span>
     <span class='ocr_line' id='line_1_41' title="bbox 314 2875 1219 2937; baseline -0.007 -12"><span class='ocrx_word' id='word_1_180' title='bbox 314 2893 393 2925; x_wconf 91' lang='lat' dir='ltr'><strong>me</strong></span> <span class='ocrx_word' id='word_1_181' title='bbox 406 2909 420 2937; x_wconf 91' lang='lat'><strong>,</strong></span> <span class='ocrx_word' id='word_1_182' title='bbox 450 2881 501 2925; x_wconf 92' lang='lat' dir='ltr'><strong>et</strong></span> <span class='ocrx_word' id='word_1_183' title='bbox 518 2879 950 2937; x_wconf 71' lang='lat' dir='ltr'><strong>appropinquante</strong></span> <span class='ocrx_word' id='word_1_184' title='bbox 969 2875 1219 2921; x_wconf 76' lang='lat' dir='ltr'><strong>Damasco</strong></span> 
     </span>
     <span class='ocr_line' id='line_1_42' title="bbox 315 2941 1220 3004; baseline -0.006 -12"><span class='ocrx_word' id='word_1_185' title='bbox 315 2945 481 2992; x_wconf 85' lang='lat' dir='ltr'><strong>media</strong></span> <span class='ocrx_word' id='word_1_186' title='bbox 509 2945 614 3004; x_wconf 91' lang='lat' dir='ltr'><strong>die,</strong></span> <span class='ocrx_word' id='word_1_187' title='bbox 646 2946 809 2992; x_wconf 86' lang='lat' dir='ltr'><strong>subito</strong></span> <span class='ocrx_word' id='word_1_188' title='bbox 842 2946 901 2990; x_wconf 89' lang='lat' dir='ltr'><strong>de</strong></span> <span class='ocrx_word' id='word_1_189' title='bbox 932 2941 1079 2990; x_wconf 89' lang='lat' dir='ltr'><strong>coelo</strong></span> <span class='ocrx_word' id='word_1_190' title='bbox 1118 2943 1220 2988; x_wconf 90' lang='lat' dir='ltr'><strong>cir-</strong></span> 
     </span>
     <span class='ocr_line' id='line_1_43' title="bbox 318 3011 1035 3068; baseline -0.008 -7"><span class='ocrx_word' id='word_1_191' title='bbox 318 3011 573 3061; x_wconf 87' lang='lat' dir='ltr'><strong>cumfulsit</strong></span> <span class='ocrx_word' id='word_1_192' title='bbox 590 3025 668 3056; x_wconf 89' lang='lat' dir='ltr'><strong>me</strong></span> <span class='ocrx_word' id='word_1_193' title='bbox 689 3012 778 3057; x_wconf 82' lang='lat' dir='ltr'><strong>lux</strong></span> <span class='ocrx_word' id='word_1_194' title='bbox 798 3012 1035 3068; x_wconf 82' lang='lat' dir='ltr'><strong>copiosa3</strong></span> 
     </span>
    </p>

    <p class='ocr_par' dir='ltr' id='par_1_12' title="bbox 385 3075 1222 3137">
     <span class='ocr_line' id='line_1_44' title="bbox 385 3075 1222 3137; baseline -0.005 -12"><span class='ocrx_word' id='word_1_195' title='bbox 385 3082 430 3125; x_wconf 73' lang='lat'><strong>7.</strong></span> <span class='ocrx_word' id='word_1_196' title='bbox 468 3082 519 3125; x_wconf 92' lang='lat' dir='ltr'><strong>et</strong></span> <span class='ocrx_word' id='word_1_197' title='bbox 538 3077 769 3123; x_wconf 86' lang='lat' dir='ltr'><strong>decidens</strong></span> <span class='ocrx_word' id='word_1_198' title='bbox 790 3078 842 3122; x_wconf 91' lang='lat' dir='ltr'><strong>in</strong></span> <span class='ocrx_word' id='word_1_199' title='bbox 861 3080 1065 3137; x_wconf 83' lang='lat' dir='ltr'><strong>terram,</strong></span> <span class='ocrx_word' id='word_1_200' title='bbox 1078 3075 1222 3123; x_wconf 89' lang='lat' dir='ltr'><strong>audi-</strong></span> 
     </span>
    </p>
   </div>
   <div class='ocr_carea' id='block_1_7' title="bbox 317 3171 1224 3261">
    <p class='ocr_par' dir='ltr' id='par_1_13' title="bbox 317 3171 1224 3261">
     <span class='ocr_line' id='line_1_45' title="bbox 365 3171 1224 3218; baseline -0.01 -4"><span class='ocrx_word' id='word_1_201' title='bbox 365 3176 386 3203; x_wconf 76' lang='lat' dir='ltr'><strong><em>k</em></strong></span> <span class='ocrx_word' id='word_1_202' title='bbox 404 3190 435 3213; x_wconf 88' lang='lat' dir='ltr'><strong>c.</strong></span> <span class='ocrx_word' id='word_1_203' title='bbox 455 3178 498 3218; x_wconf 85' lang='lat'><strong>5,</strong></span> <span class='ocrx_word' id='word_1_204' title='bbox 525 3177 587 3213; x_wconf 81' lang='lat'><strong>34.</strong></span> <span class='ocrx_word' id='word_1_205' title='bbox 653 3171 667 3199; x_wconf 74' lang='grc' dir='ltr'><strong><em>ι</em></strong></span> <span class='ocrx_word' id='word_1_206' title='bbox 686 3183 717 3207; x_wconf 78' lang='lat' dir='ltr'><strong>e.</strong></span> <span class='ocrx_word' id='word_1_207' title='bbox 734 3174 781 3215; x_wconf 78' lang='lat' dir='ltr'><strong>a,</strong></span> <span class='ocrx_word' id='word_1_208' title='bbox 797 3176 833 3209; x_wconf 83' lang='lat'><strong>3.</strong></span> <span class='ocrx_word' id='word_1_209' title='bbox 864 3176 887 3208; x_wconf 88' lang='lat'>1</span> <span class='ocrx_word' id='word_1_210' title='bbox 906 3172 1012 3210; x_wconf 79' lang='lat' dir='ltr'><strong>Tim.</strong></span> <span class='ocrx_word' id='word_1_211' title='bbox 1030 3176 1067 3215; x_wconf 86' lang='lat'><strong>1,</strong></span> <span class='ocrx_word' id='word_1_212' title='bbox 1084 3176 1144 3210; x_wconf 81' lang='lat'><strong>13.</strong></span> <span class='ocrx_word' id='word_1_213' title='bbox 1192 3177 1224 3195; x_wconf 77' lang='lat' dir='ltr'><strong><em>m</em></strong></span> 
     </span>
     <span class='ocr_line' id='line_1_46' title="bbox 317 3221 849 3261; baseline -0.013 -1"><span class='ocrx_word' id='word_1_214' title='bbox 317 3235 359 3260; x_wconf 78' lang='lat' dir='ltr'><strong>v.</strong></span> <span class='ocrx_word' id='word_1_215' title='bbox 378 3226 520 3261; x_wconf 81' lang='lat'><strong>5—15.</strong></span> <span class='ocrx_word' id='word_1_216' title='bbox 538 3221 626 3258; x_wconf 74' lang='lat' dir='ltr'><strong>Act„</strong></span> <span class='ocrx_word' id='word_1_217' title='bbox 645 3223 683 3261; x_wconf 82' lang='lat'><strong>9,</strong></span> <span class='ocrx_word' id='word_1_218' title='bbox 705 3221 849 3256; x_wconf 86' lang='lat'><strong>1—15.</strong></span> 
     </span>
    </p>
   </div>
   <div class='ocr_carea' id='block_1_8' title="bbox 436 3363 1284 3423">
    <p class='ocr_par' dir='ltr' id='par_1_14' title="bbox 436 3363 1284 3423">
     <span class='ocr_line' id='line_1_47' title="bbox 436 3363 1284 3423; baseline -0.009 -12"><span class='ocrx_word' id='word_1_219' title='bbox 436 3369 547 3423; x_wconf 86' lang='lat' dir='ltr'><strong>Cap.</strong></span> <span class='ocrx_word' id='word_1_220' title='bbox 577 3363 715 3407; x_wconf 81' lang='lat' dir='ltr'><strong>XXI.</strong></span> <span class='ocrx_word' id='word_1_221' title='bbox 781 3367 853 3405; x_wconf 78' lang='lat'><strong>40.</strong></span> <span class='ocrx_word' id='word_1_222' title='bbox 894 3363 1089 3405; x_wconf 80' lang='lat' dir='ltr'><strong>hebraea</strong></span> <span class='ocrx_word' id='word_1_223' title='bbox 1115 3364 1284 3417; x_wconf 78' lang='lat' dir='ltr'><strong>lingua.</strong></span> 
     </span>
    </p>
   </div>
   <div class='ocr_carea' id='block_1_9' title="bbox 1259 252 2196 3262">
    <p class='ocr_par' dir='ltr' id='par_1_15' title="bbox 1259 252 2180 379">
     <span class='ocr_line' id='line_1_48' title="bbox 1259 252 2180 310; baseline -0.009 -6"><span class='ocrx_word' id='word_1_224' title='bbox 1259 259 1312 304; x_wconf 85' lang='lat' dir='ltr'><strong>vi</strong></span> <span class='ocrx_word' id='word_1_225' title='bbox 1330 269 1507 303; x_wconf 85' lang='lat' dir='ltr'><strong>vocem</strong></span> <span class='ocrx_word' id='word_1_226' title='bbox 1537 255 1784 301; x_wconf 77' lang='lat' dir='ltr'><strong>dicentem</strong></span> <span class='ocrx_word' id='word_1_227' title='bbox 1799 252 1950 297; x_wconf 82' lang='lat' dir='ltr'><strong>mihi:</strong></span> <span class='ocrx_word' id='word_1_228' title='bbox 1993 252 2180 310; x_wconf 69' lang='lat' dir='ltr'><strong>Saule,</strong></span> 
     </span>
     <span class='ocr_line' id='line_1_49' title="bbox 1262 319 2054 379; baseline -0.011 -7"><span class='ocrx_word' id='word_1_229' title='bbox 1262 323 1432 372; x_wconf 83' lang='lat' dir='ltr'><strong>Saule!</strong></span> <span class='ocrx_word' id='word_1_230' title='bbox 1455 322 1574 379; x_wconf 87' lang='lat' dir='ltr'><strong>quid</strong></span> <span class='ocrx_word' id='word_1_231' title='bbox 1591 334 1672 366; x_wconf 87' lang='lat' dir='ltr'><strong>me</strong></span> <span class='ocrx_word' id='word_1_232' title='bbox 1693 319 2018 378; x_wconf 86' lang='lat' dir='ltr'><strong>persequeris</strong></span> <span class='ocrx_word' id='word_1_233' title='bbox 2029 319 2054 364; x_wconf 60' lang='grc' dir='ltr'><strong>ἓ</strong></span> 
     </span>
    </p>

    <p class='ocr_par' dir='ltr' id='par_1_16' title="bbox 1261 385 2182 649">
     <span class='ocr_line' id='line_1_50' title="bbox 1327 385 2182 448; baseline -0.005 -12"><span class='ocrx_word' id='word_1_234' title='bbox 1327 394 1372 436; x_wconf 89' lang='grc'><strong>8.</strong></span> <span class='ocrx_word' id='word_1_235' title='bbox 1407 390 1522 448; x_wconf 79' lang='lat' dir='ltr'><strong>Ego</strong></span> <span class='ocrx_word' id='word_1_236' title='bbox 1547 390 1716 434; x_wconf 85' lang='lat' dir='ltr'><strong>autem</strong></span> <span class='ocrx_word' id='word_1_237' title='bbox 1739 385 2008 444; x_wconf 85' lang='lat' dir='ltr'><strong>respondi:</strong></span> <span class='ocrx_word' id='word_1_238' title='bbox 2043 385 2182 439; x_wconf 75' lang='lat' dir='ltr'><strong>Quis</strong></span> 
     </span>
     <span class='ocr_line' id='line_1_51' title="bbox 1262 453 2180 518; baseline -0.008 -13"><span class='ocrx_word' id='word_1_239' title='bbox 1262 472 1342 518; x_wconf 89' lang='lat' dir='ltr'><strong>es,</strong></span> <span class='ocrx_word' id='word_1_240' title='bbox 1379 455 1627 502; x_wconf 65' lang='lat' dir='ltr'><strong>Domine!</strong></span> <span class='ocrx_word' id='word_1_241' title='bbox 1672 453 1914 510; x_wconf 81' lang='lat' dir='ltr'><strong>Dixitque</strong></span> <span class='ocrx_word' id='word_1_242' title='bbox 1961 453 2028 498; x_wconf 90' lang='lat' dir='ltr'><strong>ad</strong></span> <span class='ocrx_word' id='word_1_243' title='bbox 2062 466 2180 498; x_wconf 88' lang='lat' dir='ltr'><strong>me:</strong></span> 
     </span>
     <span class='ocr_line' id='line_1_52' title="bbox 1261 521 2182 584; baseline -0.005 -13"><span class='ocrx_word' id='word_1_244' title='bbox 1261 527 1372 584; x_wconf 80' lang='lat' dir='ltr'><strong>Ego</strong></span> <span class='ocrx_word' id='word_1_245' title='bbox 1394 537 1504 570; x_wconf 87' lang='lat' dir='ltr'><strong>sum</strong></span> <span class='ocrx_word' id='word_1_246' title='bbox 1524 524 1673 568; x_wconf 79' lang='lat' dir='ltr'><strong>Jesus</strong></span> <span class='ocrx_word' id='word_1_247' title='bbox 1691 521 2008 580; x_wconf 87' lang='lat' dir='ltr'><strong>Nazarenus,</strong></span> <span class='ocrx_word' id='word_1_248' title='bbox 2023 533 2182 577; x_wconf 78' lang='lat' dir='ltr'><strong>quem</strong></span> 
     </span>
     <span class='ocr_line' id='line_1_53' title="bbox 1263 589 1672 649; baseline -0.012 -11"><span class='ocrx_word' id='word_1_249' title='bbox 1263 598 1317 638; x_wconf 91' lang='lat' dir='ltr'><strong>tu</strong></span> <span class='ocrx_word' id='word_1_250' title='bbox 1334 589 1672 649; x_wconf 84' lang='lat' dir='ltr'><strong>persequeris.</strong></span> 
     </span>
    </p>

    <p class='ocr_par' dir='ltr' id='par_1_17' title="bbox 1265 653 2182 907">
     <span class='ocr_line' id='line_1_54' title="bbox 1331 653 2182 714; baseline -0.006 -10"><span class='ocrx_word' id='word_1_251' title='bbox 1331 663 1377 704; x_wconf 85' lang='grc'><strong>9.</strong></span> <span class='ocrx_word' id='word_1_252' title='bbox 1413 658 1482 703; x_wconf 87' lang='lat' dir='ltr'><strong>Et</strong></span> <span class='ocrx_word' id='word_1_253' title='bbox 1500 657 1584 714; x_wconf 86' lang='lat' dir='ltr'><strong>qui</strong></span> <span class='ocrx_word' id='word_1_254' title='bbox 1603 669 1800 702; x_wconf 88' lang='lat' dir='ltr'><strong>mecum</strong></span> <span class='ocrx_word' id='word_1_255' title='bbox 1817 656 1983 713; x_wconf 82' lang='lat' dir='ltr'><strong>erant,</strong></span> <span class='ocrx_word' id='word_1_256' title='bbox 2001 653 2182 700; x_wconf 84' lang='lat' dir='ltr'><strong>lumen</strong></span> 
     </span>
     <span class='ocr_line' id='line_1_55' title="bbox 1265 723 2182 784; baseline -0.008 -12"><span class='ocrx_word' id='word_1_257' title='bbox 1265 726 1464 784; x_wconf 86' lang='lat' dir='ltr'><strong>quidem</strong></span> <span class='ocrx_word' id='word_1_258' title='bbox 1494 723 1757 781; x_wconf 88' lang='lat' dir='ltr'><strong>viderunt,</strong></span> <span class='ocrx_word' id='word_1_259' title='bbox 1796 735 1980 768; x_wconf 87' lang='lat' dir='ltr'><strong>vocem</strong></span> <span class='ocrx_word' id='word_1_260' title='bbox 2008 723 2182 768; x_wconf 83' lang='lat' dir='ltr'><strong>autem</strong></span> 
     </span>
     <span class='ocr_line' id='line_1_56' title="bbox 1265 788 2178 848; baseline -0.007 -9"><span class='ocrx_word' id='word_1_261' title='bbox 1265 807 1370 839; x_wconf 88' lang='lat' dir='ltr'><strong>non</strong></span> <span class='ocrx_word' id='word_1_262' title='bbox 1390 791 1658 838; x_wconf 86' lang='lat' dir='ltr'><strong>audierunt</strong></span> <span class='ocrx_word' id='word_1_263' title='bbox 1677 790 1807 848; x_wconf 88' lang='lat' dir='ltr'><strong>ejus,</strong></span> <span class='ocrx_word' id='word_1_264' title='bbox 1822 789 1910 846; x_wconf 78' lang='lat' dir='ltr'><strong>qui</strong></span> <span class='ocrx_word' id='word_1_265' title='bbox 1927 788 2178 845; x_wconf 85' lang='lat' dir='ltr'><strong>loqueba-</strong></span> 
     </span>
     <span class='ocr_line' id='line_1_57' title="bbox 1265 862 1576 907; baseline -0.013 0"><span class='ocrx_word' id='word_1_266' title='bbox 1265 862 1347 907; x_wconf 91' lang='lat' dir='ltr'><strong>tur</strong></span> <span class='ocrx_word' id='word_1_267' title='bbox 1367 872 1576 905; x_wconf 89' lang='lat' dir='ltr'><strong>mecum.</strong></span> 
     </span>
    </p>

    <p class='ocr_par' dir='ltr' id='par_1_18' title="bbox 1267 922 2185 1252">
     <span class='ocr_line' id='line_1_58' title="bbox 1334 922 2178 981; baseline -0.006 -10"><span class='ocrx_word' id='word_1_268' title='bbox 1334 927 1414 972; x_wconf 93' lang='grc'><strong>10.</strong></span> <span class='ocrx_word' id='word_1_269' title='bbox 1449 926 1517 970; x_wconf 88' lang='lat' dir='ltr'><strong>Et</strong></span> <span class='ocrx_word' id='word_1_270' title='bbox 1534 923 1665 970; x_wconf 80' lang='lat' dir='ltr'><strong>dixi:</strong></span> <span class='ocrx_word' id='word_1_271' title='bbox 1687 922 1820 976; x_wconf 75' lang='lat' dir='ltr'><strong>Quid</strong></span> <span class='ocrx_word' id='word_1_272' title='bbox 1838 922 2052 981; x_wconf 81' lang='lat' dir='ltr'><strong>faciam,</strong></span> <span class='ocrx_word' id='word_1_273' title='bbox 2069 923 2178 966; x_wconf 91' lang='lat' dir='ltr'><strong>Do-</strong></span> 
     </span>
     <span class='ocr_line' id='line_1_59' title="bbox 1267 989 2184 1040; baseline -0.008 0"><span class='ocrx_word' id='word_1_274' title='bbox 1267 994 1433 1040; x_wconf 65' lang='lat' dir='ltr'><strong>mine&#39;!</strong></span> <span class='ocrx_word' id='word_1_275' title='bbox 1469 991 1716 1037; x_wconf 78' lang='lat' dir='ltr'><strong>Dominus</strong></span> <span class='ocrx_word' id='word_1_276' title='bbox 1752 992 1914 1035; x_wconf 89' lang='lat' dir='ltr'><strong>autem</strong></span> <span class='ocrx_word' id='word_1_277' title='bbox 1944 989 2084 1035; x_wconf 81' lang='lat' dir='ltr'><strong>dixit</strong></span> <span class='ocrx_word' id='word_1_278' title='bbox 2118 990 2184 1034; x_wconf 86' lang='lat' dir='ltr'><strong>ad</strong></span> 
     </span>
     <span class='ocr_line' id='line_1_60' title="bbox 1268 1057 2184 1116; baseline -0.008 -9"><span class='ocrx_word' id='word_1_279' title='bbox 1268 1073 1372 1107; x_wconf 89' lang='lat' dir='ltr'><strong>me:</strong></span> <span class='ocrx_word' id='word_1_280' title='bbox 1397 1061 1621 1116; x_wconf 85' lang='lat' dir='ltr'><strong>Surgens</strong></span> <span class='ocrx_word' id='word_1_281' title='bbox 1643 1057 1769 1103; x_wconf 88' lang='lat' dir='ltr'><strong>vade</strong></span> <span class='ocrx_word' id='word_1_282' title='bbox 1789 1057 2114 1116; x_wconf 86' lang='lat' dir='ltr'><strong>Damascum,</strong></span> <span class='ocrx_word' id='word_1_283' title='bbox 2129 1058 2184 1101; x_wconf 86' lang='lat' dir='ltr'><strong>et</strong></span> 
     </span>
     <span class='ocr_line' id='line_1_61' title="bbox 1269 1123 2185 1181; baseline -0.008 -7"><span class='ocrx_word' id='word_1_284' title='bbox 1269 1128 1340 1175; x_wconf 87' lang='lat' dir='ltr'><strong>ibi</strong></span> <span class='ocrx_word' id='word_1_285' title='bbox 1359 1127 1450 1174; x_wconf 86' lang='lat' dir='ltr'><strong>tibi</strong></span> <span class='ocrx_word' id='word_1_286' title='bbox 1471 1127 1663 1172; x_wconf 86' lang='lat' dir='ltr'><strong>dicetur</strong></span> <span class='ocrx_word' id='word_1_287' title='bbox 1683 1125 1744 1170; x_wconf 91' lang='lat' dir='ltr'><strong>de</strong></span> <span class='ocrx_word' id='word_1_288' title='bbox 1767 1123 2020 1181; x_wconf 84' lang='lat' dir='ltr'><strong>omnibus,</strong></span> <span class='ocrx_word' id='word_1_289' title='bbox 2045 1136 2185 1180; x_wconf 78' lang='lat' dir='ltr'><strong>quae</strong></span> 
     </span>
     <span class='ocr_line' id='line_1_62' title="bbox 1269 1193 1780 1252; baseline -0.01 -11"><span class='ocrx_word' id='word_1_290' title='bbox 1269 1198 1318 1241; x_wconf 89' lang='lat' dir='ltr'><strong>te</strong></span> <span class='ocrx_word' id='word_1_291' title='bbox 1341 1195 1576 1252; x_wconf 86' lang='lat' dir='ltr'><strong>oporteat</strong></span> <span class='ocrx_word' id='word_1_292' title='bbox 1595 1193 1780 1238; x_wconf 79' lang='lat' dir='ltr'><strong>facere.</strong></span> 
     </span>
    </p>

    <p class='ocr_par' dir='ltr' id='par_1_19' title="bbox 1271 1257 2186 1508">
     <span class='ocr_line' id='line_1_63' title="bbox 1338 1257 2183 1314; baseline -0.004 -8"><span class='ocrx_word' id='word_1_293' title='bbox 1338 1263 1418 1306; x_wconf 93' lang='lat'><strong>11.</strong></span> <span class='ocrx_word' id='word_1_294' title='bbox 1453 1260 1522 1305; x_wconf 89' lang='lat' dir='ltr'><strong>Et</strong></span> <span class='ocrx_word' id='word_1_295' title='bbox 1540 1273 1650 1306; x_wconf 91' lang='lat' dir='ltr'><strong>cum</strong></span> <span class='ocrx_word' id='word_1_296' title='bbox 1669 1271 1775 1303; x_wconf 88' lang='lat' dir='ltr'><strong>non</strong></span> <span class='ocrx_word' id='word_1_297' title='bbox 1804 1257 2028 1303; x_wconf 84' lang='lat' dir='ltr'><strong>viderem</strong></span> <span class='ocrx_word' id='word_1_298' title='bbox 2049 1269 2183 1314; x_wconf 86' lang='lat' dir='ltr'><strong>prae</strong></span> 
     </span>
     <span class='ocr_line' id='line_1_64' title="bbox 1273 1323 2184 1383; baseline -0.008 -8"><span class='ocrx_word' id='word_1_299' title='bbox 1273 1328 1498 1375; x_wconf 82' lang='lat' dir='ltr'><strong>claritate</strong></span> <span class='ocrx_word' id='word_1_300' title='bbox 1535 1326 1737 1372; x_wconf 88' lang='lat' dir='ltr'><strong>luminis</strong></span> <span class='ocrx_word' id='word_1_301' title='bbox 1773 1324 1926 1383; x_wconf 86' lang='lat' dir='ltr'><strong>illius,</strong></span> <span class='ocrx_word' id='word_1_302' title='bbox 1967 1323 2034 1370; x_wconf 90' lang='lat' dir='ltr'><strong>ad</strong></span> <span class='ocrx_word' id='word_1_303' title='bbox 2067 1337 2184 1369; x_wconf 89' lang='lat' dir='ltr'><strong>ma-</strong></span> 
     </span>
     <span class='ocr_line' id='line_1_65' title="bbox 1271 1391 2186 1450; baseline -0.007 -8"><span class='ocrx_word' id='word_1_304' title='bbox 1271 1409 1392 1442; x_wconf 89' lang='lat' dir='ltr'><strong>num</strong></span> <span class='ocrx_word' id='word_1_305' title='bbox 1421 1394 1658 1440; x_wconf 84' lang='lat' dir='ltr'><strong>deductus</strong></span> <span class='ocrx_word' id='word_1_306' title='bbox 1679 1406 1710 1438; x_wconf 86' lang='lat' dir='ltr'><strong>a</strong></span> <span class='ocrx_word' id='word_1_307' title='bbox 1736 1391 2026 1450; x_wconf 77' lang='lat' dir='ltr'><strong>comitibus,</strong></span> <span class='ocrx_word' id='word_1_308' title='bbox 2061 1392 2186 1438; x_wconf 83' lang='lat' dir='ltr'><strong>veni</strong></span> 
     </span>
     <span class='ocr_line' id='line_1_66' title="bbox 1271 1464 1586 1508; baseline -0.006 0"><span class='ocrx_word' id='word_1_309' title='bbox 1271 1464 1586 1508; x_wconf 81' lang='lat' dir='ltr'><strong>Damascum.</strong></span> 
     </span>
    </p>

    <p class='ocr_par' dir='ltr' id='par_1_20' title="bbox 1273 1524 2187 1789">
     <span class='ocr_line' id='line_1_67' title="bbox 1341 1524 2185 1584; baseline -0.006 -10"><span class='ocrx_word' id='word_1_310' title='bbox 1341 1531 1420 1574; x_wconf 86' lang='lat'><strong>12.</strong></span> <span class='ocrx_word' id='word_1_311' title='bbox 1475 1528 1700 1574; x_wconf 80' lang='lat' dir='ltr'><strong>Ananias</strong></span> <span class='ocrx_word' id='word_1_312' title='bbox 1741 1526 1904 1570; x_wconf 89' lang='lat' dir='ltr'><strong>autem</strong></span> <span class='ocrx_word' id='word_1_313' title='bbox 1951 1524 2185 1584; x_wconf 75' lang='lat' dir='ltr'><strong>quidam,</strong></span> 
     </span>
     <span class='ocr_line' id='line_1_68' title="bbox 1275 1591 2187 1652; baseline -0.005 -10"><span class='ocrx_word' id='word_1_314' title='bbox 1275 1597 1353 1642; x_wconf 84' lang='lat' dir='ltr'><strong>vir</strong></span> <span class='ocrx_word' id='word_1_315' title='bbox 1373 1596 1648 1642; x_wconf 90' lang='lat' dir='ltr'><strong>secundum</strong></span> <span class='ocrx_word' id='word_1_316' title='bbox 1659 1594 1820 1652; x_wconf 85' lang='lat' dir='ltr'><strong>legem</strong></span> <span class='ocrx_word' id='word_1_317' title='bbox 1828 1591 2187 1638; x_wconf 82' lang='lat' dir='ltr'><strong>testimonium</strong></span> 
     </span>
     <span class='ocr_line' id='line_1_69' title="bbox 1273 1659 2183 1710; baseline -0.005 0"><span class='ocrx_word' id='word_1_318' title='bbox 1273 1665 1469 1710; x_wconf 82' lang='lat' dir='ltr'><strong>habens.</strong></span> <span class='ocrx_word' id='word_1_319' title='bbox 1493 1665 1554 1708; x_wconf 89' lang='lat' dir='ltr'><strong>ab</strong></span> <span class='ocrx_word' id='word_1_320' title='bbox 1585 1663 1812 1708; x_wconf 87' lang='lat' dir='ltr'><strong>omnibus</strong></span> <span class='ocrx_word' id='word_1_321' title='bbox 1837 1659 2183 1706; x_wconf 86' lang='lat' dir='ltr'><strong>cohabitanti-</strong></span> 
     </span>
     <span class='ocr_line' id='line_1_70' title="bbox 1273 1730 1608 1789; baseline -0.009 -11"><span class='ocrx_word' id='word_1_322' title='bbox 1273 1734 1364 1779; x_wconf 85' lang='lat' dir='ltr'><strong>bus</strong></span> <span class='ocrx_word' id='word_1_323' title='bbox 1385 1730 1608 1789; x_wconf 86' lang='lat' dir='ltr'><strong>Judaeis,</strong></span> 
     </span>
    </p>

    <p class='ocr_par' dir='ltr' id='par_1_21' title="bbox 1275 1796 2186 2047">
     <span class='ocr_line' id='line_1_71' title="bbox 1343 1796 2185 1854; baseline -0.004 -11"><span class='ocrx_word' id='word_1_324' title='bbox 1343 1799 1424 1844; x_wconf 83' lang='lat'><strong>13.</strong></span> <span class='ocrx_word' id='word_1_325' title='bbox 1460 1797 1671 1843; x_wconf 83' lang='lat' dir='ltr'><strong>veniens</strong></span> <span class='ocrx_word' id='word_1_326' title='bbox 1699 1796 1761 1842; x_wconf 89' lang='lat' dir='ltr'><strong>ad</strong></span> <span class='ocrx_word' id='word_1_327' title='bbox 1787 1808 1898 1854; x_wconf 87' lang='lat' dir='ltr'><strong>me,</strong></span> <span class='ocrx_word' id='word_1_328' title='bbox 1935 1797 1988 1841; x_wconf 88' lang='lat' dir='ltr'><strong>et</strong></span> <span class='ocrx_word' id='word_1_329' title='bbox 2015 1797 2185 1840; x_wconf 85' lang='lat' dir='ltr'><strong>astans</strong></span> 
     </span>
     <span class='ocr_line' id='line_1_72' title="bbox 1277 1861 2184 1922; baseline -0.006 -11"><span class='ocrx_word' id='word_1_330' title='bbox 1277 1865 1407 1912; x_wconf 83' lang='lat' dir='ltr'><strong>dixit</strong></span> <span class='ocrx_word' id='word_1_331' title='bbox 1423 1864 1568 1910; x_wconf 79' lang='lat' dir='ltr'><strong>mihi:</strong></span> <span class='ocrx_word' id='word_1_332' title='bbox 1595 1862 1762 1922; x_wconf 88' lang='lat' dir='ltr'><strong>Saule,</strong></span> <span class='ocrx_word' id='word_1_333' title='bbox 1776 1861 1956 1908; x_wconf 78' lang='lat' dir='ltr'><strong>frater!</strong></span> <span class='ocrx_word' id='word_1_334' title='bbox 1970 1863 2184 1921; x_wconf 86' lang='lat' dir='ltr'><strong>respice.</strong></span> 
     </span>
     <span class='ocr_line' id='line_1_73' title="bbox 1275 1929 2186 1993; baseline -0.004 -13"><span class='ocrx_word' id='word_1_335' title='bbox 1275 1934 1343 1980; x_wconf 84' lang='lat' dir='ltr'><strong>Et</strong></span> <span class='ocrx_word' id='word_1_336' title='bbox 1379 1946 1476 1993; x_wconf 85' lang='lat' dir='ltr'><strong>ego</strong></span> <span class='ocrx_word' id='word_1_337' title='bbox 1515 1931 1689 1979; x_wconf 84' lang='lat' dir='ltr'><strong>eadem</strong></span> <span class='ocrx_word' id='word_1_338' title='bbox 1721 1929 1851 1977; x_wconf 86' lang='lat' dir='ltr'><strong>hora</strong></span> <span class='ocrx_word' id='word_1_339' title='bbox 1887 1929 2098 1989; x_wconf 85' lang='lat' dir='ltr'><strong>respexi</strong></span> <span class='ocrx_word' id='word_1_340' title='bbox 2133 1929 2186 1975; x_wconf 86' lang='lat' dir='ltr'><strong>iu</strong></span> 
     </span>
     <span class='ocr_line' id='line_1_74' title="bbox 1279 2014 1408 2047; baseline -0.016 0"><span class='ocrx_word' id='word_1_341' title='bbox 1279 2014 1408 2047; x_wconf 88' lang='lat' dir='ltr'><strong>eum.</strong></span> 
     </span>
    </p>

    <p class='ocr_par' dir='ltr' id='par_1_22' title="bbox 1275 2065 2192 2395">
     <span class='ocr_line' id='line_1_75' title="bbox 1344 2065 2188 2123; baseline -0.004 -11"><span class='ocrx_word' id='word_1_342' title='bbox 1344 2070 1424 2113; x_wconf 83' lang='lat'><strong>14.</strong></span> <span class='ocrx_word' id='word_1_343' title='bbox 1460 2069 1526 2113; x_wconf 82' lang='lat' dir='ltr'><strong>At</strong></span> <span class='ocrx_word' id='word_1_344' title='bbox 1544 2066 1632 2113; x_wconf 86' lang='lat' dir='ltr'><strong>ille</strong></span> <span class='ocrx_word' id='word_1_345' title='bbox 1655 2066 1806 2112; x_wconf 83' lang='lat' dir='ltr'><strong>dixit:</strong></span> <span class='ocrx_word' id='word_1_346' title='bbox 1828 2065 1969 2111; x_wconf 90' lang='lat' dir='ltr'><strong>Deus</strong></span> <span class='ocrx_word' id='word_1_347' title='bbox 1993 2067 2188 2123; x_wconf 81' lang='lat' dir='ltr'><strong>patrum</strong></span> 
     </span>
     <span class='ocr_line' id='line_1_76' title="bbox 1275 2133 2192 2193; baseline -0.002 -14"><span class='ocrx_word' id='word_1_348' title='bbox 1275 2137 1569 2181; x_wconf 84' lang='lat' dir='ltr'><strong>nostrorum</strong></span> <span class='ocrx_word' id='word_1_349' title='bbox 1604 2133 1990 2193; x_wconf 82' lang='lat' dir='ltr'><strong>praeordinavit</strong></span> <span class='ocrx_word' id='word_1_350' title='bbox 2024 2136 2105 2191; x_wconf 87' lang='lat' dir='ltr'><strong>te,</strong></span> <span class='ocrx_word' id='word_1_351' title='bbox 2133 2134 2192 2178; x_wconf 89' lang='lat' dir='ltr'><strong>ut</strong></span> 
     </span>
     <span class='ocr_line' id='line_1_77' title="bbox 1279 2199 2190 2261; baseline -0.004 -13"><span class='ocrx_word' id='word_1_352' title='bbox 1279 2215 1618 2261; x_wconf 84' lang='lat' dir='ltr'><strong>cognosceres</strong></span> <span class='ocrx_word' id='word_1_353' title='bbox 1640 2201 1958 2247; x_wconf 87' lang='lat' dir='ltr'><strong>voluntatem</strong></span> <span class='ocrx_word' id='word_1_354' title='bbox 1980 2199 2112 2258; x_wconf 86' lang='lat' dir='ltr'><strong>ejus,</strong></span> <span class='ocrx_word' id='word_1_355' title='bbox 2139 2200 2190 2245; x_wconf 89' lang='lat' dir='ltr'><strong>et</strong></span> 
     </span>
     <span class='ocr_line' id='line_1_78' title="bbox 1279 2268 2189 2328; baseline -0.004 -12"><span class='ocrx_word' id='word_1_356' title='bbox 1279 2270 1478 2317; x_wconf 85' lang='lat' dir='ltr'><strong>videres</strong></span> <span class='ocrx_word' id='word_1_357' title='bbox 1492 2271 1523 2314; x_wconf 82' lang='lat' dir='ltr'>J</span> <span class='ocrx_word' id='word_1_358' title='bbox 1526 2272 1707 2328; x_wconf 86' lang='lat' dir='ltr'><strong>ustum,</strong></span> <span class='ocrx_word' id='word_1_359' title='bbox 1721 2269 1772 2315; x_wconf 89' lang='lat' dir='ltr'><strong>et</strong></span> <span class='ocrx_word' id='word_1_360' title='bbox 1785 2268 1989 2313; x_wconf 85' lang='lat' dir='ltr'><strong>audires</strong></span> <span class='ocrx_word' id='word_1_361' title='bbox 2011 2280 2189 2313; x_wconf 88' lang='lat' dir='ltr'><strong>vocem</strong></span> 
     </span>
     <span class='ocr_line' id='line_1_79' title="bbox 1281 2338 1613 2395; baseline -0.009 -11"><span class='ocrx_word' id='word_1_362' title='bbox 1281 2352 1347 2384; x_wconf 81' lang='lat' dir='ltr'><strong>ex</strong></span> <span class='ocrx_word' id='word_1_363' title='bbox 1367 2351 1457 2385; x_wconf 88' lang='lat' dir='ltr'><strong>ore</strong></span> <span class='ocrx_word' id='word_1_364' title='bbox 1477 2338 1613 2395; x_wconf 82' lang='lat' dir='ltr'><strong>ejus3</strong></span> 
     </span>
    </p>

    <p class='ocr_par' dir='ltr' id='par_1_23' title="bbox 1281 2400 2191 2584">
     <span class='ocr_line' id='line_1_80' title="bbox 1347 2400 2191 2460; baseline -0.004 -11"><span class='ocrx_word' id='word_1_365' title='bbox 1347 2407 1428 2450; x_wconf 86' lang='lat'><strong>15.</strong></span> <span class='ocrx_word' id='word_1_366' title='bbox 1474 2404 1590 2460; x_wconf 86' lang='lat' dir='ltr'><strong>quia</strong></span> <span class='ocrx_word' id='word_1_367' title='bbox 1629 2403 1730 2449; x_wconf 87' lang='lat' dir='ltr'><strong>eris</strong></span> <span class='ocrx_word' id='word_1_368' title='bbox 1765 2401 1913 2448; x_wconf 86' lang='lat' dir='ltr'><strong>testis</strong></span> <span class='ocrx_word' id='word_1_369' title='bbox 1948 2400 2091 2447; x_wconf 86' lang='lat' dir='ltr'><strong>illius</strong></span> <span class='ocrx_word' id='word_1_370' title='bbox 2130 2400 2191 2446; x_wconf 84' lang='lat' dir='ltr'><strong>ad</strong></span> 
     </span>
     <span class='ocr_line' id='line_1_81' title="bbox 1281 2468 2191 2530; baseline -0.004 -13"><span class='ocrx_word' id='word_1_371' title='bbox 1281 2484 1454 2517; x_wconf 87' lang='lat' dir='ltr'><strong>omnes</strong></span> <span class='ocrx_word' id='word_1_372' title='bbox 1473 2471 1722 2530; x_wconf 85' lang='lat' dir='ltr'><strong>homines,</strong></span> <span class='ocrx_word' id='word_1_373' title='bbox 1744 2482 1939 2528; x_wconf 86' lang='lat' dir='ltr'><strong>eorum,</strong></span> <span class='ocrx_word' id='word_1_374' title='bbox 1961 2481 2092 2525; x_wconf 88' lang='lat' dir='ltr'><strong>quae</strong></span> <span class='ocrx_word' id='word_1_375' title='bbox 2116 2468 2191 2513; x_wconf 85' lang='lat' dir='ltr'><strong>vi-</strong></span> 
     </span>
     <span class='ocr_line' id='line_1_82' title="bbox 1283 2538 1684 2584; baseline 0 -1"><span class='ocrx_word' id='word_1_376' title='bbox 1283 2538 1396 2584; x_wconf 88' lang='lat' dir='ltr'><strong>disti</strong></span> <span class='ocrx_word' id='word_1_377' title='bbox 1417 2540 1468 2583; x_wconf 88' lang='lat' dir='ltr'><strong>et</strong></span> <span class='ocrx_word' id='word_1_378' title='bbox 1485 2538 1684 2583; x_wconf 85' lang='lat' dir='ltr'><strong>audisti.</strong></span> 
     </span>
    </p>

    <p class='ocr_par' dir='ltr' id='par_1_24' title="bbox 1281 2602 2194 2864">
     <span class='ocr_line' id='line_1_83' title="bbox 1347 2602 2194 2663; baseline -0.001 -14"><span class='ocrx_word' id='word_1_379' title='bbox 1347 2606 1427 2650; x_wconf 85' lang='lat'><strong>16.</strong></span> <span class='ocrx_word' id='word_1_380' title='bbox 1471 2604 1540 2650; x_wconf 89' lang='lat' dir='ltr'><strong>Et</strong></span> <span class='ocrx_word' id='word_1_381' title='bbox 1575 2618 1740 2663; x_wconf 87' lang='lat' dir='ltr'><strong>nunc,</strong></span> <span class='ocrx_word' id='word_1_382' title='bbox 1778 2602 1900 2661; x_wconf 89' lang='lat' dir='ltr'><strong>quid</strong></span> <span class='ocrx_word' id='word_1_383' title='bbox 1937 2602 2194 2649; x_wconf 64' lang='lat' dir='ltr'><strong>moraris?</strong></span> 
     </span>
     <span class='ocr_line' id='line_1_84' title="bbox 1281 2669 2193 2730; baseline -0.002 -13"><span class='ocrx_word' id='word_1_384' title='bbox 1281 2672 1543 2730; x_wconf 81' lang='lat' dir='ltr'><strong>Exsurge,</strong></span> <span class='ocrx_word' id='word_1_385' title='bbox 1576 2674 1628 2717; x_wconf 89' lang='lat' dir='ltr'><strong>et</strong></span> <span class='ocrx_word' id='word_1_386' title='bbox 1656 2672 1942 2730; x_wconf 87' lang='lat' dir='ltr'><strong>baptizare,</strong></span> <span class='ocrx_word' id='word_1_387' title='bbox 1971 2673 2025 2717; x_wconf 83' lang='lat' dir='ltr'><strong>et</strong></span> <span class='ocrx_word' id='word_1_388' title='bbox 2044 2669 2193 2716; x_wconf 85' lang='lat' dir='ltr'><strong>ablue</strong></span> 
     </span>
     <span class='ocr_line' id='line_1_85' title="bbox 1283 2738 2192 2797; baseline -0.003 -13"><span class='ocrx_word' id='word_1_389' title='bbox 1283 2742 1489 2796; x_wconf 86' lang='lat' dir='ltr'><strong>peccata</strong></span> <span class='ocrx_word' id='word_1_390' title='bbox 1523 2740 1662 2797; x_wconf 68' lang='lat' dir='ltr'><strong>tuan,</strong></span> <span class='ocrx_word' id='word_1_391' title='bbox 1700 2738 1942 2785; x_wconf 86' lang='lat' dir='ltr'><strong>invocato</strong></span> <span class='ocrx_word' id='word_1_392' title='bbox 1979 2738 2192 2783; x_wconf 86' lang='lat' dir='ltr'><strong>nomine</strong></span> 
     </span>
     <span class='ocr_line' id='line_1_86' title="bbox 1283 2818 1458 2864; baseline 0.006 -12"><span class='ocrx_word' id='word_1_393' title='bbox 1283 2818 1458 2864; x_wconf 78' lang='lat' dir='ltr'><strong>ipsius.</strong></span> 
     </span>
    </p>

    <p class='ocr_par' dir='ltr' id='par_1_25' title="bbox 1285 2872 2196 3133">
     <span class='ocr_line' id='line_1_87' title="bbox 1352 2872 2196 2920; baseline -0.005 -2"><span class='ocrx_word' id='word_1_394' title='bbox 1352 2875 1431 2919; x_wconf 75' lang='grc'><strong>17.</strong></span> <span class='ocrx_word' id='word_1_395' title='bbox 1465 2872 1674 2920; x_wconf 82' lang='lat' dir='ltr'><strong>Factum</strong></span> <span class='ocrx_word' id='word_1_396' title='bbox 1703 2874 1780 2919; x_wconf 86' lang='lat' dir='ltr'><strong>est</strong></span> <span class='ocrx_word' id='word_1_397' title='bbox 1812 2874 1981 2919; x_wconf 89' lang='lat' dir='ltr'><strong>autem</strong></span> <span class='ocrx_word' id='word_1_398' title='bbox 2011 2883 2196 2918; x_wconf 77' lang='lat' dir='ltr'><strong>rever-</strong></span> 
     </span>
     <span class='ocr_line' id='line_1_88' title="bbox 1285 2938 2195 2999; baseline -0.005 -12"><span class='ocrx_word' id='word_1_399' title='bbox 1285 2940 1412 2987; x_wconf 88' lang='lat' dir='ltr'><strong>tenti</strong></span> <span class='ocrx_word' id='word_1_400' title='bbox 1429 2940 1553 2986; x_wconf 89' lang='lat' dir='ltr'><strong>mihi</strong></span> <span class='ocrx_word' id='word_1_401' title='bbox 1570 2940 1625 2985; x_wconf 90' lang='lat' dir='ltr'><strong>in</strong></span> <span class='ocrx_word' id='word_1_402' title='bbox 1643 2940 1937 2999; x_wconf 86' lang='lat' dir='ltr'><strong>Ierusalem,</strong></span> <span class='ocrx_word' id='word_1_403' title='bbox 1951 2941 2002 2985; x_wconf 86' lang='lat' dir='ltr'><strong>et</strong></span> <span class='ocrx_word' id='word_1_404' title='bbox 2019 2938 2195 2983; x_wconf 81' lang='lat' dir='ltr'><strong>oranti</strong></span> 
     </span>
     <span class='ocr_line' id='line_1_89' title="bbox 1285 3006 2194 3066; baseline -0.003 -13"><span class='ocrx_word' id='word_1_405' title='bbox 1285 3007 1340 3053; x_wconf 90' lang='lat' dir='ltr'><strong>in</strong></span> <span class='ocrx_word' id='word_1_406' title='bbox 1375 3006 1561 3065; x_wconf 89' lang='lat' dir='ltr'><strong>templo</strong></span> <span class='ocrx_word' id='word_1_407' title='bbox 1576 3038 1592 3066; x_wconf 94' lang='lat'><strong>,</strong></span> <span class='ocrx_word' id='word_1_408' title='bbox 1629 3006 1739 3053; x_wconf 82' lang='lat' dir='ltr'><strong>fieri</strong></span> <span class='ocrx_word' id='word_1_409' title='bbox 1773 3020 1854 3053; x_wconf 89' lang='lat' dir='ltr'><strong>me</strong></span> <span class='ocrx_word' id='word_1_410' title='bbox 1889 3006 1948 3051; x_wconf 89' lang='lat' dir='ltr'><strong>in</strong></span> <span class='ocrx_word' id='word_1_411' title='bbox 1983 3008 2194 3062; x_wconf 83' lang='lat' dir='ltr'><strong>stupore</strong></span> 
     </span>
     <span class='ocr_line' id='line_1_90' title="bbox 1285 3075 1518 3133; baseline 0 -14"><span class='ocrx_word' id='word_1_412' title='bbox 1285 3075 1467 3121; x_wconf 89' lang='lat' dir='ltr'><strong>mentis</strong></span> <span class='ocrx_word' id='word_1_413' title='bbox 1477 3080 1518 3133; x_wconf 92' lang='lat'><strong>⁰,</strong></span> 
     </span>
    </p>

    <p class='ocr_par' dir='ltr' id='par_1_26' title="bbox 1356 3138 2194 3187">
     <span class='ocr_line' id='line_1_91' title="bbox 1356 3138 2194 3187; baseline -0.004 0"><span class='ocrx_word' id='word_1_414' title='bbox 1356 3144 1434 3187; x_wconf 90' lang='lat'><strong>18.</strong></span> <span class='ocrx_word' id='word_1_415' title='bbox 1472 3143 1522 3187; x_wconf 91' lang='lat' dir='ltr'><strong>et</strong></span> <span class='ocrx_word' id='word_1_416' title='bbox 1559 3142 1730 3187; x_wconf 87' lang='lat' dir='ltr'><strong>videre</strong></span> <span class='ocrx_word' id='word_1_417' title='bbox 1768 3140 1911 3185; x_wconf 90' lang='lat' dir='ltr'><strong>illum</strong></span> <span class='ocrx_word' id='word_1_418' title='bbox 1943 3138 2194 3187; x_wconf 89' lang='lat' dir='ltr'><strong>dicentem</strong></span> 
     </span>
    </p>

    <p class='ocr_par' dir='ltr' id='par_1_27' title="bbox 1334 3220 1890 3262">
     <span class='ocr_line' id='line_1_92' title="bbox 1334 3220 1890 3262; baseline 0.004 -7"><span class='ocrx_word' id='word_1_419' title='bbox 1334 3222 1542 3262; x_wconf 67' lang='grc' dir='ltr'><strong>ἰι;.2,38.</strong></span> <span class='ocrx_word' id='word_1_420' title='bbox 1589 3220 1890 3262; x_wconf 80' lang='lat' dir='ltr'><strong>⁰2Cor.12,2.</strong></span> 
     </span>
    </p>
   </div>
   <div class='ocr_carea' id='block_1_10' title="bbox 1398 3364 2200 3419">
    <p class='ocr_par' dir='ltr' id='par_1_28' title="bbox 1398 3364 2200 3419">
     <span class='ocr_line' id='line_1_93' title="bbox 1398 3364 2200 3419; baseline -0.005 -8"><span class='ocrx_word' id='word_1_421' title='bbox 1398 3364 1560 3410; x_wconf 83' lang='lat' dir='ltr'><strong>XXII.</strong></span> <span class='ocrx_word' id='word_1_422' title='bbox 1619 3371 1660 3409; x_wconf 84' lang='lat'><strong>2.</strong></span> <span class='ocrx_word' id='word_1_423' title='bbox 1697 3366 1912 3419; x_wconf 82' lang='lat' dir='ltr'><strong>loquitur.</strong></span> <span class='ocrx_word' id='word_1_424' title='bbox 1979 3370 2020 3407; x_wconf 81' lang='lat'><strong>3.</strong></span> <span class='ocrx_word' id='word_1_425' title='bbox 2053 3370 2102 3408; x_wconf 83' lang='lat' dir='ltr'><strong>et</strong></span> <span class='ocrx_word' id='word_1_426' title='bbox 2133 3366 2200 3407; x_wconf 77' lang='lat' dir='ltr'><strong>di-</strong></span> 
     </span>
    </p>
   </div>
   <div class='ocr_carea' id='block_1_11' title="bbox 324 3418 2200 3533">
    <p class='ocr_par' dir='ltr' id='par_1_29' title="bbox 324 3418 2200 3533">
     <span class='ocr_line' id='line_1_94' title="bbox 324 3418 2198 3472; baseline -0.001 -6"><span class='ocrx_word' id='word_1_427' title='bbox 324 3426 419 3472; x_wconf 80' lang='lat' dir='ltr'><strong>xjt;</strong></span> <span class='ocrx_word' id='word_1_428' title='bbox 439 3424 545 3466; x_wconf 72' lang='lat' dir='ltr'><strong>ibid.</strong></span> <span class='ocrx_word' id='word_1_429' title='bbox 568 3420 748 3463; x_wconf 76' lang='lat' dir='ltr'><strong>Tharsa</strong></span> <span class='ocrx_word' id='word_1_430' title='bbox 773 3419 920 3472; x_wconf 77' lang='lat' dir='ltr'><strong>(deest</strong></span> <span class='ocrx_word' id='word_1_431' title='bbox 942 3420 1039 3471; x_wconf 88' lang='lat' dir='ltr'><strong>in);</strong></span> <span class='ocrx_word' id='word_1_432' title='bbox 1067 3418 1175 3463; x_wconf 71' lang='lat' dir='ltr'><strong>ibid.</strong></span> <span class='ocrx_word' id='word_1_433' title='bbox 1197 3422 1246 3463; x_wconf 85' lang='lat' dir='ltr'><strong>in</strong></span> <span class='ocrx_word' id='word_1_434' title='bbox 1275 3421 1410 3462; x_wconf 84' lang='lat' dir='ltr'><strong>istam</strong></span> <span class='ocrx_word' id='word_1_435' title='bbox 1431 3423 1672 3465; x_wconf 80' lang='lat' dir='ltr'><strong>civitatem.</strong></span> <span class='ocrx_word' id='word_1_436' title='bbox 1731 3426 1772 3463; x_wconf 81' lang='grc'><strong>4.</strong></span> <span class='ocrx_word' id='word_1_437' title='bbox 1803 3424 1852 3464; x_wconf 80' lang='lat' dir='ltr'><strong>in</strong></span> <span class='ocrx_word' id='word_1_438' title='bbox 1871 3422 2096 3464; x_wconf 77' lang='lat' dir='ltr'><strong>custodia.</strong></span> <span class='ocrx_word' id='word_1_439' title='bbox 2160 3426 2198 3464; x_wconf 83' lang='lat'><strong>5.</strong></span> 
     </span>
     <span class='ocr_line' id='line_1_95' title="bbox 324 3472 2200 3533; baseline 0.002 -18"><span class='ocrx_word' id='word_1_440' title='bbox 324 3480 624 3520; x_wconf 84' lang='lat' dir='ltr'><strong>testimonium</strong></span> <span class='ocrx_word' id='word_1_441' title='bbox 642 3472 775 3523; x_wconf 78' lang='lat' dir='ltr'><strong>mihi3</strong></span> <span class='ocrx_word' id='word_1_442' title='bbox 796 3472 905 3515; x_wconf 71' lang='lat' dir='ltr'><strong>ibice.</strong></span> <span class='ocrx_word' id='word_1_443' title='bbox 923 3472 1159 3527; x_wconf 77' lang='lat' dir='ltr'><strong>epistulas.</strong></span> <span class='ocrx_word' id='word_1_444' title='bbox 1210 3480 1278 3517; x_wconf 83' lang='lat'><strong>12.</strong></span> <span class='ocrx_word' id='word_1_445' title='bbox 1301 3474 1624 3521; x_wconf 81' lang='lat' dir='ltr'><strong>habitantibus.</strong></span> <span class='ocrx_word' id='word_1_446' title='bbox 1673 3480 1740 3521; x_wconf 71' lang='lat'><strong>17.</strong></span> <span class='ocrx_word' id='word_1_447' title='bbox 1761 3482 1945 3533; x_wconf 80' lang='lat' dir='ltr'><strong>stupore</strong></span> <span class='ocrx_word' id='word_1_448' title='bbox 1957 3477 2200 3532; x_wconf 62' lang='lat' dir='ltr'><strong>(doctrin).</strong></span> 
     </span>
    </p>
   </div>
   <div class='ocr_carea' id='block_1_12' title="bbox 2353 2812 2365 3737">
    <p class='ocr_par' dir='ltr' id='par_1_30' title="bbox 2353 2812 2365 3737">
     <span class='ocr_line' id='line_1_96' title="bbox 2353 2812 2365 3737; baseline 0 0"><span class='ocrx_word' id='word_1_449' title='bbox 2353 2812 2365 3737; x_wconf 95' lang='lat' dir='ltr'><strong> </strong></span> 
     </span>
    </p>
   </div>
  </div>
 </body>
</html>
