2376 3925
295 164 383 210 Lx
721 166 1139 211 PRAEFATIO
1183 165 1280 210 An
1328 166 1740 211 an'ronssm.

295 307 448 352 posse
468 293 770 341 credendum
789 295 883 350 est,
905 296 961 339 ut
977 294 1197 351 maiores
1217 293 1398 353 nostri,
1418 293 1506 350 qui
1524 293 1861 352 exHebraeis,
1880 294 1933 338 et
1950 292 2165 341 Graecis

293 377 476 424 Latina
500 378 757 436 fecerunt,
786 377 982 434 copiam
1006 377 1271 423 meliorum
1301 380 1353 423 et
1380 377 1776 424 emendatiorum
1802 376 2048 423 librorum
2067 376 2165 422 ha-

293 461 520 518 buerint,
540 471 685 516 quam
705 460 764 520 ii,
797 461 884 517 qui
903 463 1020 518 post
1039 460 1243 506 illorum
1260 462 1476 506 aetatem
1494 459 1556 506 ad
1577 472 1672 506 nos
1690 461 2051 517 pervenerunt,
2072 460 2163 516 qui

293 544 510 590 fortasse
537 546 639 589 tam
666 543 822 602 longo
847 546 1074 600 tempore
1099 543 1376 590 identidem
1396 542 1723 589 describendo
1742 543 1906 589 minus
1924 542 2055 602 puri,
2078 547 2161 588 at-

293 640 390 684 que
419 627 606 685 integri
624 629 917 684 evaserunt3
947 630 1052 672 tum
1071 627 1285 684 denique
1306 626 1424 683 quia
1442 638 1615 673 sacrae
1644 626 2031 685 congregationi
2047 639 2160 672 am-

294 709 636 768 plissimorum
653 708 988 756 cardinalium
1002 740 1016 767 ,
1037 709 1251 766 aliisque
1272 710 1621 757 eruditissimis
1640 710 1763 756 viris
1782 711 1845 756 ad
1864 711 1961 758 hoc
1980 723 2108 769 opus
2128 723 2159 756 a

296 794 420 842 sede
448 793 728 854 apostolica
754 792 958 838 delectis
988 794 1303 853 propositum
1328 806 1437 840 non
1455 794 1577 853 fuit,
1606 807 1793 841 novam
1811 793 2026 852 aliquam
2046 794 2157 840 edi-

294 877 486 924 tionem
509 877 717 935 cudere,
750 875 835 922 vel
861 875 1118 932 antiquum
1135 876 1465 935 interpretem
1496 877 1601 924 ulla
1631 891 1697 924 ex
1721 880 1865 936 parte
1894 877 2157 936 corrigere

296 961 380 1008 vel
397 959 690 1017 emendare3
725 959 816 1005 sed
831 958 992 1017 ipsam
1011 961 1235 1006 veterem
1248 991 1263 1019 ‚
1284 975 1343 1008 ac
1361 961 1617 1020 vulgatam
1635 961 1908 1008 editionem
1926 962 2161 1008 Latinam

295 1059 328 1091 a
347 1042 538 1090 mendis
571 1046 794 1090 veterum
820 1042 1168 1102 librariorum,
1204 1057 1299 1091 nec
1324 1057 1431 1092 non
1458 1058 1724 1104 pravarum
1752 1045 2163 1092 emendationum

300 1126 558 1173 erroribus
576 1129 914 1185 repurgatam,
935 1140 1055 1174 suae
1074 1128 1320 1185 pristinae
1337 1129 1617 1188 integritati
1628 1160 1643 1188 ‚
1663 1143 1721 1175 ac
1739 1128 1971 1188 puritati,
1992 1129 2163 1186 quoad

297 1211 408 1267 ejus
427 1210 536 1256 lieri
554 1210 744 1269 potuit,
772 1211 1070 1268 restituere3
1106 1225 1265 1268 eaque
1282 1212 1543 1272 restituta,
1572 1216 1791 1270 utquam
1810 1213 2163 1260 emendatissi-

295 1307 377 1340 me
412 1293 782 1352 imprimeretur
815 1295 966 1352 juxta
993 1294 1199 1341 concilii
1228 1295 1539 1342 oecumenici
1567 1295 1818 1342 decretum
1844 1308 1937 1352 pro
1971 1293 2162 1342 viribus

303 1391 510 1436 operam
535 1377 670 1425 dare.
736 1380 900 1424 Porro
929 1379 984 1424 in
1009 1379 1104 1425 hac
1133 1378 1359 1425 editione
1385 1378 1515 1424 nihil
1536 1392 1642 1425 non
1672 1378 1993 1438 canonicum,
2030 1379 2163 1426 nihil

299 1460 623 1519 adscititium,
649 1462 780 1508 nihil
799 1464 1123 1520 extraneum,
1149 1475 1407 1521 apponere
1433 1461 1599 1510 visum
1626 1465 1728 1509 est:
1764 1464 1913 1519 atque
1930 1475 1992 1510 ea
2009 1475 2164 1510 cama

301 1544 424 1602 fuit,
451 1557 541 1591 cur
567 1543 697 1591 liber
723 1545 904 1592 tertius
922 1548 974 1592 et
991 1548 1197 1602 quartus
1216 1545 1410 1592 Esdrae
1428 1545 1684 1604 inscripti,
1705 1559 1831 1602 qnos
1850 1547 1983 1593 inter
2000 1560 2161 1594 cauo-

300 1627 443 1674 nicos
460 1627 620 1674 libros
639 1641 782 1675 sacra
801 1628 1100 1675 Tridentino
1117 1629 1352 1688 Synodus
1372 1641 1479 1674 non
1496 1630 1863 1688 annumeravit,
1884 1630 1991 1687 ipsa
2008 1629 2165 1678 etiam

221 1745 235 1760 .
301 1712 536 1758 Mauasse
553 1712 688 1771 regis
709 1713 912 1772 Oratio,
943 1726 1070 1771 qnae
1087 1726 1251 1769 neque
1269 1713 1540 1771 Hebraice‚
1570 1725 1734 1769 neque
1754 1712 1944 1760 Graece
1964 1713 2165 1770 quidem

303 1799 467 1853 extat,
498 1809 660 1853 neque
687 1797 740 1843 in
768 1796 1119 1854 manuscriptis
1137 1797 1504 1853 antiquioribus
1532 1796 1818 1855 invenitur,
1852 1810 2013 1855 neque
2044 1810 2162 1854 pars

303 1883 382 1926 est
410 1879 564 1926 ullius
593 1880 823 1928 canonici
851 1879 994 1940 libri,
1026 1883 1173 1928 extra
1192 1881 1467 1928 canonicae
1496 1880 1775 1937 scripturae
1796 1881 1977 1926 seriem
1996 1881 2166 1938 posita

302 1965 428 2011 sint:
465 1968 516 2011 et
533 1965 701 2013 nullae
730 1965 792 2011 ad
818 1965 1097 2023 marginem
1114 1964 1507 2011 concordantiae
1528 1962 1679 2023 (quae
1698 1966 1907 2023 posthac
1926 1966 2052 2013 inibi
2068 1979 2167 2023 ap·-

301 2048 426 2103 poni
440 2060 546 2093 non
563 2046 932 2105 prohibentur),
943 2047 1116 2093 nullae
1134 2049 1305 2107 notae,
1324 2047 1495 2095 nullae
1513 2047 1687 2095 variae
1703 2047 1970 2108 lectiones,
1992 2049 2159 2097 nullae

302 2129 516 2185 denique
535 2129 873 2185 praefationes
887 2159 902 2187 ,
936 2128 1077 2174 nulla
1103 2133 1399 2187 argumenta
1424 2130 1488 2175 ad
1516 2130 1760 2179 librorum
1792 2132 1938 2179 initia
1956 2132 2159 2188 conspi-

303 2210 514 2257 ciantur.
584 2211 684 2257 Sed
702 2211 832 2257 sicut
845 2212 1128 2268 apostolica
1145 2212 1290 2259 sedes
1308 2213 1605 2261 industriam
1624 2228 1801 2261 eorum
1818 2229 1926 2262 non
1944 2216 2159 2273 damnat,

301 2293 387 2350 qui
413 2293 797 2343 concordantias
827 2295 1083 2355 locorum,
1121 2296 1287 2343 varias
1314 2296 1591 2359 lectiones,
1630 2300 1973 2357 praefationes
1998 2298 2161 2343 sancti

301 2377 626 2437 Hieronymi,
665 2368 716 2423 et
742 2377 846 2423 alia
869 2378 920 2423 id
947 2392 1107 2437 genus
1131 2380 1187 2425 in
1215 2380 1329 2427 aliis
1356 2382 1658 2429 editionibus
1696 2383 2047 2437 inseruerunt3
2091 2381 2165 2429 ita

303 2474 502 2519 quoque
529 2474 633 2507 non
661 2461 916 2520 prohibet,
953 2462 1076 2518 quin
1092 2462 1195 2511 alio
1220 2478 1409 2523 genere
1428 2464 1731 2511 characteris
1750 2465 1801 2511 in
1821 2465 1913 2511 hac
1930 2463 2043 2522 ipsa
2058 2466 2165 2509 Va-

303 2546 472 2593 ticana
490 2544 714 2591 editione
732 2544 979 2600 ejusmodi
1007 2547 1294 2604 adjumenta
1322 2561 1413 2604 pro
1434 2548 1770 2593 studiosorum
1792 2548 2162 2606 commoditate,

279 2630 450 2685 -atque
479 2628 692 2675 utilitate
719 2627 773 2673 in
791 2631 1046 2685 posterum
1075 2630 1403 2687 adjiciantur3
1440 2630 1511 2676 ita
1528 2636 1712 2689 tamen,
1732 2633 1787 2677 ut
1803 2630 2051 2679 lectiones
2074 2645 2165 2679 va-

303 2712 412 2757 riae
430 2711 495 2758 ad
510 2712 790 2773 marginem
807 2712 964 2771 ipsius
982 2715 1152 2759 textus
1171 2712 1375 2759 minime
1394 2715 1715 2759 annotentur.

1058 2944 1398 2979 .-....4.-.-
