2376 3925
627 155 1170 200 COMMENTATIo
1230 158 1645 202 ISAGoGICA.
1848 159 2067 204 xxxm

183 284 550 382 exploretur.
615 285 688 356 2,
722 285 820 340 22.
863 287 1134 360 quoniam
1160 283 1333 341 Jews
1378 305 1489 342 non
1528 295 1617 342 est
1647 283 1922 344 Ghristus
1960 305 2066 362 ‚pro

183 370 475 464 quoniam
503 363 676 423 Jesus
710 377 800 424 est
842 365 1129 423 Christus.
1214 365 1282 422 In
1313 366 1549 424 Graecis
1587 378 1941 426 constanter.
1991 365 2069 424 ὅτι

173 445 387 519 Ἰησοῦς
418 469 512 504 ουκ
535 447 672 504 ἔστιν
699 443 729 503 ὃ
759 444 1012 524 Χριστὸς,
1046 449 1427 523 praecedente
1448 454 1781 526 negatione.
1821 447 1852 507 ὃ
1876 446 2064 524 derod-

177 553 350 604 μενος.
441 531 662 588 Textus
690 531 1018 588 censoribus
1047 533 1229 586 latina
1258 532 1467 607 duplex
1493 535 1757 609 negatio,
1798 534 1949 590 idem
1976 535 2065 590 bis

181 616 482 687 indicans,
516 632 630 670 non
656 613 979 685 affirmans,
1015 614 1114 670 sed
1136 631 1357 690 negans
1392 615 1632 686 fortius,
1668 615 1951 690 superflua
1981 628 2067 674 est

179 701 342 770 visa,
391 696 605 753 Noster
639 699 851 752 retinet
889 699 1142 771 antiqua.
1208 699 1279 768 4,
1319 698 1409 753 19.
1451 698 1767 776 diligamus
1805 701 2066 769 invicem,

181 800 297 836 om.
328 779 548 852 Deum5
575 781 854 855 sequitur,
878 781 1146 854 quoniam
1176 777 1340 836 Deus
1355 781 1535 858 prior
1562 779 1772 838 dilexit
1801 798 1918 835 nos.
1972 781 2066 838 Si-

185 865 403 919 militer
438 861 846 918 Lat-lemannus
883 863 946 916 in
981 863 1166 935 primo
1206 860 1567 918 hemistichio
1600 882 1675 918 ex
1695 863 2065 920 orientalibus

187 945 431 1001 testibus
459 946 654 1000 omisit
678 938 834 998 αὐτὸν
855 946 952 999 vel
977 939 1068 998 τὸν
1093 939 1231 998 θεὸν
1256 946 1545 1020 traxitque
1568 944 1638 1001 ad
1666 963 1915 1000 amorem
1940 964 2065 1002 mu-

184 1037 396 1124 mum,-
428 1030 590 1100 cujus
633 1045 802 1083 causa
838 1027 916 1081 sit
951 1027 1013 1082 in
1049 1029 1309 1100 exemplo
1336 1024 1448 1082 Dei
1474 1021 1537 1101 (ὅ
1565 1021 1698 1088 θεὸς
1728 1029 1823 1084 vel
1852 1022 2064 1107 αῧτὸς),

183 1111 282 1185 qui
305 1111 470 1183 prior
498 1127 602 1164 nos
630 1110 859 1164 amavit.
945 1105 1231 1180 Invicem,
1270 1109 1419 1184 quod
1454 1127 1569 1164 non
1598 1119 1685 1164 est
1708 1112 1772 1166 in
1804 1109 2062 1181 Graecis,

180 1192 281 1248 ubi
320 1193 660 1264 simpliciter
687 1191 956 1247 scribitur
983 1185 1279 1262 ἀγαπῶμεν,
1308 1192 1709 1266 explicationis
1736 1193 1918 1250 instar
1939 1198 2060 1274 jam

181 1275 456 1378 adJunxi't
480 1271 598 1329 Leo
627 1269 707 1326 Μ.
746 1304 818 1314 -
859 1273 928 1345 5,
954 1273 1052 1330 20.
1079 1273 1201 1329 Hic
1232 1283 1321 1330 est
1342 1291 1517 1331 verus
1544 1293 1657 1330 om.
1681 1274 1873 1342 Deus,
1914 1271 2063 1338 οὗτός

180 1360 323 1412 ἐστιν
351 1351 382 1411 ὅ
415 1347 666 1423 ἀληθινὸς
695 1349 842 1418 θεός.
925 1354 1107 1412 Pauci
1135 1355 1461 1412 orientales
1490 1357 1765 1412 omittunt
1785 1353 1933 1422 θεὸς,
1962 1360 2059 1414 sed

178 1449 354 1497 notae
375 1438 672 1495 inferioris
701 1439 804 1495 illi.
859 1435 976 1494 Sed
1005 1440 1228 1494 etiamsi
1254 1433 1383 1502 θεὸς
1406 1440 1768 1496 retinendum
1796 1442 1891 1511 sit,
1912 1442 2063 1516 quod

180 1524 437 1580 dubitari
464 1523 685 1597 nequit,
712 1530 902 1576 tamen
929 1523 1248 1578 enuntiatio
1277 1540 1393 1578 non
1418 1522 1490 1578 ad
1518 1520 1805 1579 Christum
1820 1564 1839 1594 ,
1868 1524 1967 1580 sed
1991 1527 2062 1580 ad

179 1605 372 1662 Deum
397 1605 698 1662 referenda
725 1613 831 1676 est,
860 1623 986 1659 cum
1012 1607 1088 1660 sit
1115 1602 1273 1660 Deus
1299 1605 1623 1679 subjectum
1651 1623 1861 1681 regens
1889 1605 2061 1682 hujus

181 1691 537 1758 sententiae,
581 1687 648 1742 de
673 1705 784 1762 qua
809 1706 874 1744 re
904 1696 1126 1744 constat
1148 1686 1321 1744 hodie
1348 1690 1501 1744 inter
1528 1690 1907 1763 explicatores
1934 1709 2061 1745 cor-

186 1773 346 1828 datos
383 1780 445 1826 et
483 1779 698 1826 acutos.
785 1767 934 1824 Nam
969 1768 1066 1825 hic
1105 1788 1329 1844 quoque
1362 1773 1523 1826 locus
1556 1773 1618 1826 in
1654 1774 2059 1828 controversiis

189 1855 529 1931 dogmaticis
568 1853 636 1909 de
667 1851 895 1908 Christo
935 1848 1060 1906 Deo
1099 1870 1503 1926 saepenumero
1540 1855 1689 1907 male
1733 1855 2061 1910 intellectus

185 1947 286 1994 est.
318 1935 481 1994 Dicit
507 1934 753 1993 Joannes
781 1935 849 1991 de
863 1932 1285 1992 Monotheismo
1312 1954 1472 2007 vero,
1498 1954 1600 2010 per
1620 1933 1909 1991 Christum
1932 1945 2059 1993 tan-

182 2022 308 2078 dem
340 2020 668 2097 patefacto,
710 2018 771 2075 id
804 2019 954 2095 quod
989 2021 1083 2076 vel
1118 2038 1193 2075 ex
1230 2021 1585 2093 oppositione
1618 2019 1977 2077 idololatriae
2002 2038 2056 2077 v.

181 2108 277 2161 21.
309 2114 369 2159 et
398 2112 602 2160 contra
629 2121 754 2159 eam
779 2102 1165 2160 admonitione
1194 2112 1281 2159 est
1307 2103 1691 2159 manifestum.
1724 2134 1795 2143 —
1828 2104 1867 2157 3
1888 2102 1973 2161 Jo.
2002 2104 2057 2161 9.

178 2192 279 2265 qui
305 2198 476 2245 amat
500 2189 832 2282 primatum
862 2203 1078 2261 genere
1113 2205 1217 2261 pro
1264 2188 1365 2263 qui
1408 2194 1571 2243 amat
1600 2188 1929 2265 primatum
1960 2208 2059 2265 ge-

175 2292 335 2342 rere,
369 2266 399 2325 ὃ
427 2263 832 2343 φιλοπρωτεύων.
919 2266 985 2325 Si
1012 2287 1127 2324 non
1150 2286 1321 2340 vera,
1348 2270 1649 2345 ingeniosa
1677 2279 1764 2325 est
1787 2272 2055 2327 varietas.

177 2352 520 2428 Diotrephis
559 2354 710 2409 mala
743 2351 964 2409 indoles
995 2351 1333 2407 cernebatur
1366 2352 1697 2427 reJieiendis
1724 2351 1973 2428 hospitio
2004 2365 2061 2409 et

183 2444 353 2492 coetu
381 2433 729 2492 Christianis
775 2443 835 2489 et
881 2436 1180 2491 calumniis
1215 2437 1278 2490 in
1322 2454 1419 2491 eos
1454 2435 1808 2512 spargendis.
1894 2436 2059 2501 Quod

181 2527 378 2591 potest
405 2536 532 2575 esse
557 2518 936 2592 superbientis
963 2520 1140 2573 animi
1164 2517 1235 2573 ob
1254 2520 1485 2594 generis
1505 2519 1880 2575 nobilitatem.
1917 2515 2064 2573 Utut

183 2605 291 2673 sit,
334 2604 397 2656 in
424 2620 551 2658 voc.
580 2594 972 2673 φιλοπρωτεύων
994 2599 1209 2657 residet
1235 2604 1492 2675 speciosa
1516 2602 1891 2676 ambiguitas,
1921 2618 2063 2675 quae

184 2685 523 2741 translatori
550 2684 876 2739 liberiorem
895 2683 1185 2758 aperiebat
1205 2703 1486 2759 campum,
1508 2691 1779 2740 contexta
1803 2685 2063 2739 oratione

183 2785 303 2823 non
347 2768 490 2823 satis
533 2775 688 2821 certo
733 2766 1038 2822 definiente
1087 2767 1493 2842 significatum.
1580 2764 1725 2821 Cum
1766 2774 1958 2822 tamen
1996 2769 2059 2821 in

185 2848 547 2920 Graecitate,
573 2851 828 2923 quamvis
856 2851 1215 2905 rarissimum
1238 2852 1336 2920 sit,
1368 2858 1532 2904 notet
1556 2843 1947 2921 φιλοπρωτεύων
1974 2850 2061 2905 di-

181 2936 425 2989 stincte:
461 2932 758 3007 affectare
775 2949 1006 3007 prunas
1014 2940 1255 3010 purten,
1272 2949 1355 3009 pr
1362 2933 1625 3003 imatum,
1648 2932 1946 2989 retinenda
1971 2934 2061 2988 vi-

181 3016 352 3071 detur
385 3021 621 3087 recepta
651 3014 843 3069 lectio.
896 3014 933 3067 3
961 3011 1295 3069 Jo.1o.eos
1322 3015 1424 3089 qui
1449 3016 1688 3092 cupiunt
1708 3034 1813 3089 pro
1840 3032 1933 3071 eos
1962 3017 2065 3090 qui

181 3098 546 3175 suscapiunt,
576 3098 866 3170 aptissime
893 3094 964 3151 ad
993 3094 1093 3151 Gr.
1121 3090 1243 3157 τοὺς
1268 3092 1629 3167 βουλομένους,
1677 3106 1970 3172 receptus,
1996 3104 2062 3151 ut

183 3198 388 3253 saepe,
428 3180 554 3234 vim
592 3178 765 3235 habet
799 3180 1024 3256 glossae
1058 3197 1114 3233 v.
1141 3178 1566 3252 paraphraseos.
1650 3178 1758 3236 Est
1784 3190 1974 3235 tamen
2002 3187 2061 3239 et

181 3261 572 3333 ἔπιδεχομὲνους
604 3263 667 3317 in
693 3263 912 3336 aliquot
948 3260 1217 3317 subsidiis
1249 3260 1403 3317 haud
1442 3262 1803 3336 spernendis,
1848 3260 1947 3315 scd
1988 3278 2060 3314 ex

186 3346 389 3401 eodem
414 3342 645 3400 videtur
671 3344 858 3400 studio
888 3343 1213 3417 explicandi
1238 3362 1439 3400 vocem
1458 3346 1646 3418 specie
1674 3342 2061 3400 obscuriorem

185 3426 444 3486 fluxisse.
530 3424 659 3484 Hoc
696 3428 822 3482 loco
849 3428 1005 3484 valet
1033 3444 1214 3483 canon
1242 3430 1507 3498 criticus,
1538 3428 1777 3483 caeteris
1810 3423 2064 3497 paribus,-
