2376 3925
591 167 1130 214 coMMENTATIo
1187 171 1609 214 ISAGoGICA.
1797 171 2033 218 xxxvl!

149 308 318 369 sunt,
359 297 624 354 solebant
663 299 780 374 legi
821 307 878 352 et
905 301 1226 372 comparari
1244 339 1261 368 ,
1302 299 1405 354 sed
1438 299 1708 376 fugitivis
1736 303 1921 358 oculis
1944 306 2037 358 in·-

149 384 318 458 spici.
406 380 672 436 Attamen
686 421 705 451 ,
732 389 801 436 ut
824 381 921 451 fit,
959 399 1062 454 per.
1087 383 1203 436 tria
1230 381 1411 436 ferme
1440 386 1667 439 saecula
1690 387 2035 442 auctoritate

148 474 452 520 tantorum
467 465 722 520 virorum
749 463 821 520 ad
839 463 1102 526 Semlertss
1124 462 1393 541 Bmgeli,
1418 464 1735 523 chtstenii
1750 477 1810 522 et
1832 467 2031 524 Grion·

149 546 355 605 bacln‘i
391 555 637 602 aetatem
676 545 773 601 hic
809 555 1006 600 textus
1043 548 1330 602 communi
1366 545 1640 623 suffragio
1678 552 1771 605 vel
1796 569 2033 607 consue-

150 630 354 686 tudine
381 627 785 704 theologorum
806 627 1006 684 floruit
1039 638 1098 683 et
1125 629 1409 684 satisfecit
1436 632 1758 706 aequalium
1784 637 2034 690 necessi·-

151 713 386 769 tatibus.
479 709 932 781 Griesbacltius,
976 713 1069 767 vir
1093 714 1525 784 meritissimus,
1567 714 1751 770 denuo
1776 735 1917 789 opus
1944 719 2033 772 in-

152 813 300 872 gens
326 811 634 871 aggressus
662 801 776 866 est3
827 795 1156 850 innumeros
1187 795 1411 850 codices
1442 799 1687 852 contulit
1714 807 1815 853 aut
1842 800 2033 854 confe-

151 878 364 935 rendos
391 878 647 947 curavit,
690 876 957 932 distinxit
969 876 1257 946 familias
1282 879 1377 934 vel
1403 883 1802 951 recensiones,
1838 883 1923 936 ita
1948 891 2033 936 ta-

153 979 319 1031 men,
359 969 430 1016 ut
454 978 652 1015 earum
678 977 980 1016 numerum
1006 961 1178 1014 nimis
1208 969 1481 1036 augeret,
1510 964 1677 1038 signa
1701 963 2033 1020 distinctiva

150 1063 267 1100 non
305 1045 451 1099 satis
493 1051 650 1098 certa
687 1051 745 1097 et
769 1042 1058 1097 interdum
1085 1044 1537 1099 contradicentia
1572 1055 1841 1119 poneret,
1878 1057 1937 1101 et
1970 1049 2033 1102 in

152 1129 282 1183 aliis
323 1128 592 1181 minutiis
627 1134 880 1195 erraret,
937 1143 1074 1200 quas
1110 1134 1439 1182 nostrorum
1482 1126 1702 1184 dierum
1752 1129 2035 1206 philologi

147 1208 542 1284 perviderunt.
628 1206 708 1262 Et
739 1206 849 1263 hoc
889 1209 950 1262 in
992 1227 1057 1262 eo
1105 1208 1632 1281 reprehendendum
1678 1220 1830 1279 erat,
1884 1212 2032 1285 quod

148 1302 378 1349 textum
407 1299 700 1365 receptum
726 1309 841 1346 non
865 1292 1032 1364 plane
1058 1293 1285 1364 rejecit,
1316 1291 1413 1346 sed
1440 1294 1651 1364 passim
1677 1293 2027 1364 emendavit3

151 1395 258 1451 quo
285 1376 512 1430 factum
541 1383 648 1444 est,
675 1381 740 1428 ut
783 1373 1102 1430 semifalsus
1131 1373 1204 1428 ad
1238 1369 1497 1447 posteros
1524 1375 1865 1432 traderetur..
1944 1374 2032 1432 lta

149 1469 202 1514 et
227 1467 368 1514 ante
399 1465 458 1512 et
483 1465 616 1530 post
648 1453 1090 1512 Griesbaclzium
1129 1457 1389 1511 solebant
1426 1476 1697 1513 exercere
1722 1479 1783 1514 se
1810 1457 2031 1515 theolo-

149 1544 208 1618 gi
246 1543 460 1597 critica
494 1540 662 1612 praxi
699 1539 862 1612 quasi
905 1540 1335 1614 conglutinante
1364 1540 1605 1614 disjecta
1631 1543 1905 1612 membra,
1932 1543 2029 1597 ab·

145 1634 334 1700 rupta,
361 1622 795 1697 fragmentaria.
853 1618 934 1676 A.
951 1620 1162 1678 Scltolz
1194 1624 1427 1698 egregie
1452 1624 1824 1698 locupletavit
1848 1625 2030 1680 farra·-

150 1710 342 1782 ginem
379 1705 674 1774 codicum,
719 1703 905 1758 sedin
935 1723 1000 1758 eo
1027 1707 1268 1760 recessit
1304 1723 1338 1760 a
1370 1724 1542 1776 vero,
1588 1707 1739 1780 quod
1774 1709 1832 1760 in
1868 1707 2031 1761 libris

151 1790 470 1860 inferioris
500 1789 728 1855 aetatis,
757 1804 900 1860 quos
922 1783 1277 1860 Byzantinae
1300 1787 1553 1842 familiae
1580 1789 1903 1860 adscripsit,
1930 1807 2031 1863 ge·-

151 1872 392 1928 nuinum
419 1879 646 1925 textum
673 1886 946 1944 graecum
973 1869 1154 1923 latere
1183 1869 1293 1923 sibi
1321 1879 1708 1940 persuaserat3
1754 1872 2033 1944 antiquis-

151 1956 324 2011 simos
362 1961 542 2009 testes
577 1954 842 2027 opinatus
884 1950 1247 2007 librariorum
1289 1949 1803 2007 Alexandrinorum
1846 1954 2033 2028 negli-

152 2040 347 2114 gentia
396 2046 456 2091 et
503 2036 664 2091 salsis
701 2034 905 2090 studiis
950 2034 1297 2090 adulteratus
1345 2034 1792 2111 depravatosque
1837 2036 2032 2092 fuisse.

151 2121 339 2186 Quare
366 2121 496 2193 plus
524 2119 728 2174 tribuit
750 2116 1188 2186 recentioribuS,
1218 2136 1387 2191 quam
1414 2118 1831 2193 antiquioribus
1861 2118 2034 2175 docu-

148 2206 378 2259 mentis,
458 2200 524 2257 Id
550 2202 774 2277 quidem
801 2219 974 2275 aegre
1001 2202 1259 2255 tulerunt
1282 2200 1719 2277 refutaruntque
1746 2205 2034 2277 aequales,

150 2287 457 2354 docentes,
494 2302 529 2339 a
562 2280 834 2341 ›Scholzio
877 2286 1237 2356 conjecturas
1275 2282 1543 2357 quasdam
1578 2282 1883 2341 historicas
1919 2302 2036 2341 non

152 2378 316 2423 recte
342 2369 608 2423 inventas
639 2367 1120 2439 concinnatasque
1149 2384 1293 2434 esse,
1320 2373 1384 2419 ut
1410 2384 1545 2421 suae
1574 2371 1891 2423 sententiae
1916 2369 2037 2441 pri-

151 2452 374 2506 mariae
409 2450 586 2504 robur
621 2448 936 2503 accederet.
1024 2446 1282 2502 Tandem
1308 2446 1719 2505 Lac-lemannus
1757 2450 1903 2506 vidit
1936 2468 2037 2504 ve-

152 2552 315 2606 rum,
359 2533 610 2587 clamans
647 2530 1037 2606 probansque,
1079 2531 1251 2585 unice
1274 2531 1618 2605 sequendam
1644 2552 1767 2588 esse
1794 2531 2038 2587 histori-

155 2636 288 2672 cam
323 2614 695 2670 traditionem
733 2614 1183 2668 consentientem
1220 2614 1585 2669 orientalium
1620 2623 1677 2667 et
1713 2612 2037 2673 occidenta-

153 2701 299 2754 lium
327 2699 702 2753 ecclesiarum
725 2698 786 2751 in
811 2696 1122 2766 codicibus,
1150 2695 1533 2766 versionibus,
1558 2694 1855 2765 Patribusr,
1896 2704 1961 2751 ut
1988 2698 2039 2751 si

149 2799 273 2835 non
297 2798 456 2849 vera,
484 2788 676 2833 tamen
701 2797 768 2833 ea
791 2780 963 2834 lectio
993 2778 1324 2853 detegatur,
1351 2797 1497 2853 quae
1526 2796 1673 2832 saec.
1700 2776 1795 2832 IV.
1821 2796 1873 2852 p.
1906 2776 2037 2835 Chr.

149 2864 466 2939 plurimum
493 2871 806 2936 propagata
831 2862 1008 2916 fuisse
1035 2862 1279 2915 videtur.
1356 2859 1423 2913 In
1454 2860 1826 2935 ambiguitate
1850 2871 2040 2917 autem

152 2948 390 3002 testium
420 2944 700 3014 OrientiS,
728 2944 868 2999 duce
895 2940 1182 3015 Origene,
1218 2942 1572 3013 Occidentis,
1602 2942 1848 3000 Irenaeo
1874 2962 2039 3019 prae-

153 3038 362 3098 eunte,
391 3028 546 3083 ultra
572 3025 675 3081 hos
703 3026 790 3081 fas
819 3034 906 3080 est
925 3026 1221 3098 judicare,
1258 3025 1387 3079 aliis
1416 3028 1714 3081 momentis
1742 3036 1801 3082 et
1831 3028 2038 3095 causis,

153 3112 254 3167 sed
291 3114 722 3195 circumspecte.
770 3106 1022 3164 Textum
1045 3106 1329 3162 historice
1345 3108 1659 3181 probatum
1688 3108 1783 3164 lv.
1770 3150 1807 3178 .,
1834 3112 1887 3165 si
1910 3108 2039 3163 fieri

149 3195 358 3268 possit,
384 3212 438 3266 p.
457 3190 590 3247 Chr.
611 3172 825 3247 saeculi
846 3183 1030 3266 (ultra
1057 3190 1211 3242 enim
1228 3189 1540 3265 progredi‘
1523 3209 1587 3244 111
1614 3191 1839 3246 defectu
1865 3191 2039 3245 docu-

153 3285 482 3331 mentorum
520 3292 638 3328 non
669 3271 838 3351 licet)
878 3271 1215 3326 tentandum
1243 3281 1351 3342 est,
1378 3282 1443 3327 ut
1468 3272 1864 3348 adsequamur,
1892 3288 2039 3325 novo

155 3356 447 3414 Herculeo
479 3357 691 3426 labore,
718 3364 1054 3430 praeparato
1082 3354 1307 3429 quidem
1332 3313 1407 3409 ⁹ab
1438 3355 1915 3423 antecessoribus,
1944 3351 2044 3408 sed

157 3460 228 3496 ne
254 3444 340 3496 sic
369 3438 598 3515 quidem
625 3439 694 3495 ab
721 3457 834 3495 uno
863 3438 1092 3493 homine
1118 3436 1483 3511 perficiendo.
1566 3436 1630 3491 ln
1660 3455 1771 3511 qua
1796 3454 1860 3491 re
1886 3444 2042 3491 aeta-
