2376 3925
347 148 448 200 348
513 148 872 202 EPISTULA
908 148 1123 202 PAULI
1155 146 1253 198 AD
1288 142 1689 199 HEBRAEOS.
1730 145 1879 196 CAP.
1919 147 1970 197 5.
1994 148 2043 198 6.

417 253 464 297 3.
484 254 537 297 et
553 253 822 310 propterea
835 251 998 310 debet,
1011 250 1248 307 quemad-

1314 262 1517 295 monum
1534 248 1660 307 Dei,
1688 250 1740 294 et
1756 248 1874 294 facti
1894 249 2019 295 estis
2038 251 2233 306 quibus

348 317 546 365 modum
565 330 660 376 pro
681 315 868 376 populo
882 348 896 377 ,
929 318 1000 363 ita
1031 318 1182 391 etiam
1200 318 1252 363 et
1314 310 1469 363 lucte‘
1488 327 1615 374 opus
1634 315 1717 374 sit,
1737 327 1841 361 non
1862 314 2031 362 solido
2052 318 2189 364 cibo.

347 397 441 441 pro
461 386 619 431 semet
634 385 746 442 ipso
757 384 945 431 offerre
954 397 1048 443 pro
1064 397 1248 442 pecca-

414 519 463 562 4.
504 518 610 564 Nec
655 519 914 575 quisquam
959 518 1109 564 sumit
1151 517 1248 563 sibi

347 584 612 644 honorem,
633 586 724 631 sed
741 586 825 642 qui
847 588 1054 631 vocatur
1074 584 1245 645 aDeo,

347 656 597 709 tamquam
614 654 787 699 Aaron
797 661 832 697 ι’.

416 722 462 765 5.
499 720 584 766 Sic
611 722 663 765 et
689 720 914 765 Christus
947 732 1054 765 non
1090 721 1250 766 semet

349 786 512 845 ipsum
547 786 840 833 clarificavit
855 817 869 845 ‚
913 789 969 832 ut
1011 787 1248 844 pontifex

349 855 516 911 fieret3
531 852 617 899 sed
629 853 714 909 qui
731 853 928 899 locutus
937 856 1016 899 est
1033 854 1095 900 ad
1106 867 1218 900 eum
1234 866 1247 899 τ

350 920 548 980 „Filius
581 932 722 965 meus
759 933 814 966 es
849 922 932 977 tu;
970 934 1068 979 ego
1095 921 1247 967 hodie

349 986 540 1046 „genui
557 988 608 1032 te
620 980 650 1017 ἆ
659 986 710 1032 “.

413 1056 460 1097 6.
499 1052 922 1106 Quemadmodum
961 1058 1012 1101 et
1053 1056 1107 1101 in
1142 1054 1245 1100 alio

345 1120 462 1166 loco
501 1119 643 1167 dicit:
682 1122 800 1180 „Tu
831 1135 885 1169 es
923 1121 1160 1169 sacerdos
1192 1122 1246 1167 in

347 1190 642 1245 „aeternum
655 1219 670 1247 ,
708 1190 979 1236 secundum
1019 1189 1245 1235 ordinem

349 1255 755 1313 „Melchisedech
763 1261 784 1285 ⁶
795 1256 846 1303 “.

413 1324 459 1367 7.
499 1323 596 1377 Qui
615 1324 668 1369 in
689 1324 860 1370 diebus
883 1314 1093 1369 carnisf
1105 1335 1243 1381 suae,

345 1402 522 1446 preces
533 1390 1026 1448 supplicationesque
1040 1390 1103 1437 sd
1113 1403 1243 1448 eum,

346 1456 430 1511 qui
460 1456 620 1514 possit
647 1455 785 1502 illum
816 1457 1008 1502 salvum
1027 1458 1195 1502 facere
1215 1469 1245 1501 a

343 1524 525 1580 morte,
537 1535 648 1568 cum
667 1522 888 1570 clamore
908 1523 1076 1568 valido
1097 1524 1148 1569 et
1165 1522 1243 1567 la-

347 1588 570 1647 crymis!
597 1590 844 1649 offerens,
875 1590 1138 1636 exauditus
1167 1593 1246 1635 est

345 1668 439 1713 pro
458 1668 550 1702 sua
565 1657 872 1703 reverentis.

411 1724 458 1769 8.
492 1724 561 1769 Et
579 1723 776 1780 quidem
805 1736 914 1770 cum
934 1724 1069 1768 esset
1084 1721 1245 1769 Filius

344 1790 466 1851 Dei,
506 1790 677 1837 didicit
695 1791 872 1850 exiis,
921 1801 1048 1847 quse
1066 1801 1243 1848 passus

347 1860 438 1916 est,
461 1852 859 1916 obedientiam&

412 1928 458 1971 9.
493 1929 546 1972 et
563 1928 960 1986 consummatus,
987 1926 1148 1974 factus
1169 1927 1247 1972 est

346 1993 575 2038 omnibus
623 1993 1082 2051 obtemperantibus
1128 1993 1243 2052 sibi,

346 2071 496 2105 causa
513 2059 687 2104 salutis
705 2062 961 2116 aeternae,

413 2125 492 2169 1⁰.
526 2124 806 2181 appellatus
825 2138 856 2170 a
872 2124 983 2170 Deo
1011 2125 1246 2182 pontifex

339 2191 490 2247 juxta
507 2190 736 2236 ordinem
754 2191 1124 2238 Melchisedech
1135 2186 1168 2238 ί.

408 2257 489 2302 11.
525 2257 602 2302 De
625 2269 723 2313 quo
743 2258 891 2305 nobis
909 2259 1112 2315 grandis
1133 2272 1245 2306 ser-

342 2336 445 2383 mo,
459 2326 509 2371 et
526 2323 975 2382 ininterpretabilis
987 2327 1050 2372 ad
1069 2326 1243 2374 dicen-

344 2391 483 2450 dum3
529 2391 766 2449 quoniam
812 2391 1086 2441 imbecilles
1123 2393 1245 2441 facti

345 2460 466 2506 estis
485 2459 548 2506 ad
567 2451 910 2506 audienduml'.

411 2529 491 2574 12.
519 2527 720 2574 Etenim
741 2541 852 2574 cum
871 2528 1118 2576 deberetis
1137 2541 1243 2576 mu-

343 2594 490 2652 gistri
518 2608 629 2642 esse
659 2597 865 2653 propter
891 2599 1108 2657 tempus,
1127 2608 1245 2644 rur-

344 2674 454 2706 sum
472 2662 738 2721 indigetis,
759 2665 813 2708 ut
833 2675 924 2709 vos
945 2661 1243 2722 doceamini,

345 2740 470 2783 quae
500 2729 601 2774 sint
629 2728 877 2776 elementa
903 2729 1104 2776 exordii
1131 2743 1243 2777 ser-

393 2806 411 2826 ‘
425 2801 526 2840 oen.
543 2805 604 2846 28,
621 2809 657 2842 1.
701 2803 724 2832 ἆ
740 2804 805 2842 Ps.
823 2808 870 2849 2,
888 2808 924 2844 7.
971 2811 988 2831 θ
1003 2804 1074 2841 Pa.
1093 2810 1184 2848 109,
1200 2808 1240 2842 4.

343 2843 369 2878 ἰ
387 2845 503 2898 Rom·
519 2852 565 2892 3,
582 2852 623 2899 80-
664 2855 691 2885 ε
706 2847 852 2887 Mflttnn
870 2855 930 2893 26,
947 2855 1008 2890 39·
1033 2855 1095 2895 2⁷,
1111 2855 1173 2890 ⁴6·
1222 2849 1243 2878 ι

341 2892 450 2930 Phil.
467 2896 504 2936 2,
521 2895 558 2930 8.
605 2901 621 2920 ³
637 2906 676 2932 v.
693 2899 729 2934 6.
776 2894 798 2923 k
815 2897 956 2936 Matth.
976 2901 1036 2940 13,
1057 2903 1115 2936 13.

1381 384 1461 429 13.
1497 383 1671 429 Omnis
1692 382 1851 442 enim,
1870 382 1959 439 qui
1974 382 2128 430 lactis
2148 391 2231 431 est

1314 450 1564 508 particeps
1577 480 1591 509 ,
1631 462 1817 508 expers
1853 453 1931 496 est
1968 454 2228 498 sermonis

1310 517 1564 576 justitiae3
1585 516 1875 575 parvulusm
1894 518 2029 563 enim
2048 522 2146 565 est.

1381 587 1461 630 14.
1480 585 1830 631 Perfectorum
1847 586 2015 630 sutem
2034 588 2115 631 est
2134 598 2227 632 so-

1314 651 1443 697 lidus
1462 652 1625 711 cibus,
1646 662 1821 697 eorum
1835 681 1849 710 ,
1871 652 1958 708 qui
1978 664 2071 709 pro
2094 665 2225 699 con-

1314 718 1577 765 suetudine
1588 718 1895 765 exercitatos
1905 719 2095 766 habent
2103 734 2191 767 sen
2198 748 2225 757 ·

1314 800 1397 833 sus
1414 786 1477 833 ad
1488 785 1844 833 discretionem
1862 786 1985 833 boni
2006 800 2067 833 ac
2084 788 2221 833 mali.

1608 903 1778 957 GAP.
1837 906 1931 957 Vl.

1312 987 1482 1031 Iterum
1498 988 1725 1043 baptizari
1744 992 1989 1042 nequeunt,
2015 990 2092 1043 qui
2114 998 2221 1045 post

1313 1049 1568 1099 susceptum
1589 1045 1859 1099 baptismum
1876 1046 1921 1087 in
1930 1049 2128 1099 peccatu
2150 1048 2219 1087 in-

1331 1100 1487 1142 cidunt
1558 1100 1629 1142 De
1648 1099 1859 1142 Abrahae
1874 1100 2015 1143 anino
2034 1100 2199 1144 incon-

1534 1169 1664 1199 cusso
1683 1162 1731 1198 et
1750 1155 1983 1199 constanti.

1379 1233 1426 1277 1.
1469 1231 1791 1290 Quapropter
1826 1232 2215 1279 intermittentes

1311 1298 1654 1345 inchoationis
1685 1298 1871 1345 Christi
1910 1312 2213 1355 sermonem,

1312 1365 1375 1413 ad
1393 1366 1699 1423 perfectiora
1715 1367 1956 1426 feramur,
1976 1380 2083 1412 non
2099 1380 2212 1412 rur-

1310 1445 1421 1478 sum
1434 1432 1683 1490 jacientes
1694 1432 2073 1480 fundamentum
2090 1447 2209 1491 poe-

1310 1499 1555 1546 nitentiae
1583 1501 1642 1546 ab
1681 1500 1921 1557 operibus
1952 1501 2159 1547 mortuis
2169 1508 2209 1557 η,

1312 1568 1363 1610 et
1381 1566 1497 1610 fidei
1514 1564 1577 1609 ad
1596 1570 1756 1611 Deum
1766 1572 1809 1625 ⁰,

1378 1632 1426 1675 2.
1461 1632 1809 1689 baptismatum
1828 1633 2108 1695 doctrinae,
2120 1636 2207 1682 im·

1310 1697 1579 1756 positionis
1600 1712 1797 1757 quoque
1822 1709 2118 1763 manuum1²‚
2153 1716 2207 1748 sc

1309 1766 1697 1813 resurrectionis
1716 1771 2057 1830 mortuorum,
2070 1774 2117 1817 et
2129 1771 2203 1828 ju-

1310 1832 1462 1879 diciiq
1480 1834 1691 1879 aeterni.
1910 1858 1916 1863 -

1380 1900 1427 1945 3.
1461 1899 1529 1945 Et
1545 1900 1642 1946 hoc
1662 1900 1906 1949 faciemus
1920 1934 1935 1962 ,
1956 1904 2002 1950 si
2021 1904 2205 1962 quidem

1310 1967 1595 2026 permiserit
1610 1969 1765 2014 Deus.

1374 2037 1424 2080 4.
1459 2036 1809 2094 Impossibile?
1847 2041 1927 2083 est
1947 2039 2084 2085 enim
2108 2051 2205 2092 eos,

1310 2101 1398 2158 qui
1415 2102 1570 2149 semel
1587 2105 1705 2149 sunt
1722 2103 2025 2166 illuminati,
2048 2110 2205 2164 gusta-

1312 2172 1495 2216 verunt
1522 2170 1667 2216 etiam
1698 2171 1887 2218 donum
1914 2173 2137 2220 coeleste
2164 2175 2207 2219 et

1310 2236 1580 2295 participes
1598 2239 1719 2284 facti
1730 2242 1848 2285 sunt
1858 2240 2082 2298 Spiritus
2098 2253 2205 2287 san-

1311 2303 1395 2362 cti,

1376 2374 1423 2417 5.
1444 2374 1772 2430 gustaverunt
1782 2373 2114 2422 nihilominus
2122 2376 2205 2422 bo·

1308 2450 1428 2484 num
1463 2440 1559 2486 Dei
1594 2442 1827 2500 verbum,
1872 2440 2206 2500 virtutesque

1310 2505 1499 2553 saeculi
1517 2507 1739 2566 venturi,

1376 2574 1424 2619 6.
1462 2576 1513 2619 et
1529 2573 1754 2632 prolapsi
1772 2577 1907 2633 sunt,
1929 2588 2110 2624 rursus
2126 2588 2203 2621 re-

1308 2641 1490 2687 novari
1508 2641 1571 2686 ad
1588 2641 1957 2700 poenitentiam
1968 2673 1985 2702 ,
2015 2656 2203 2690 rursum

1354 2712 1369 2740 ²
1385 2718 1406 2751 1
1427 2713 1516 2751 cor.
1542 2719 1589 2759 3,
1616 2719 1737 2754 1-3,
1800 2723 1833 2742 ¹¹⁸
1850 2715 1964 2764 Epi..
1982 2720 2033 2762 4,
2051 2722 2109 2756 18.
2128 2727 2202 2765 sqq·

1307 2767 1331 2788 ,
1348 2772 1383 2796 0·
1400 2764 1440 2803 9,
1460 2764 1521 2798 14·
1580 2769 1598 2790 ο
1614 2767 1637 2798 l
1654 2761 1801 2799 Thessfl·
1826 2767 1875 2807 l,
1898 2767 1938 2802 9.
1966 2769 2028 2802 1⁰·
2074 2772 2098 2798 Ρ
2116 2765 2201 2802 Aet·
2306 2751 2308 2783 Ι

1307 2811 1377 2849 19,
1400 2810 1523 2845 1—6·
1586 2815 1604 2843 9
1624 2807 1716 2844 ΑΟ...
1742 2813 1810 2850 17)
1836 2812 1900 2847 31·
1966 2816 1986 2836 ⁷
2005 2822 2039 2848 e·
2062 2815 2129 2854 1⁰,
2150 2811 2203 2846 ffi-

1305 2853 1451 2890 Matth.
1469 2857 1535 2897 12,
1553 2858 1612 2893 32.
1645 2855 1771 2892 Marc.
1789 2857 1859 2897 10,
1877 2858 1937 2893 2⁵.
1956 2859 2019 2894 27.
2066 2863 2083 2882 ⁰
2098 2868 2129 2891 c.
2146 2858 2201 2896 12
2304 2855 2306 2925 ἰ

1307 2902 1367 2936 22.
1388 2910 1473 2947 sqq.
1493 2904 1554 2944 13,
1572 2903 1634 2937 14.

453 3039 566 3094 Cap.
595 3038 654 3080 V·
728 3045 771 3084 8.
815 3045 1180 3097 quemadmodum
1217 3049 1266 3089 et
1300 3061 1383 3102 pro
1421 3045 1608 3103 populo.
1663 3052 1705 3092 6.
1736 3052 1783 3090 et
1818 3050 1867 3091 in
1904 3048 1999 3092 alio
2021 3051 2201 3103 ÷dicit

345 3096 416 3149 (in
431 3093 643 3150 marg-ine
662 3096 831 3163 legi-tm·
848 3098 949 3142 loco
976 3100 1120 3144 literis
1145 3100 1433 3156 ”alnov-ibus).
1489 3107 1533 3146 ¹1.
1563 3104 1639 3157 qui
1658 3105 1805 3160 possit
1830 3103 2005 3148 salvum
2029 3102 2154 3148 illu-
2174 3118 2199 3145 s

340 3156 482 3194 morte
502 3151 678 3200 facere;
699 3153 807 3196 thui.
828 3158 876 3196 et
893 3157 1134 3200 exauditus
1162 3171 1247 3213 pro
1268 3170 1349 3199 sua
1367 3160 1513 3214 (deest
1528 3160 1637 3214 est).
1695 3163 1735 3202 8.
1766 3159 1887 3209 filius
1909 3161 2055 3215 (deest
2075 3162 2199 3214 Dei);

340 3205 448 3252 ibid.
469 3206 810 3250 oboedientiam·
870 3211 936 3252 11.
969 3209 1025 3254 de
1045 3225 1131 3267 quo
1151 3213 1335 3266 grandis
1362 3214 1491 3258 nobis
1510 3227 1655 3297 :el-mo
1674 3221 1721 3260 et
1739 3215 2199 3265 ininterpreetabilin

339 3296 447 3340 ibid.
467 3293 720 3338 inbecilles.
780 3299 847 3339 12.
879 3297 1108 3342 deberitis.

1222 3301 1305 3344 VI.
1364 3307 1403 3345 1.
1432 3304 1700 3348 incoationis
1718 3303 1850 3360 (siey,
1869 3305 1976 3350 ibid
2002 3319 2088 3348 non
2108 3320 2200 3348 rur·

341 3364 438 3392 sum
461 3351 667 3402 jacentes
691 3351 1032 3394 fundamentum
1059 3357 1381 3409 poenitentiae·
1449 3364 1492 3402 4.
1532 3359 1799 3414 inpossibile
1825 3365 1922 3412 est3
1950 3361 2057 3404 ibid.
2086 3359 2201 3403 inlu-

340 3406 522 3456 minati;
547 3405 656 3448 ibid.
685 3407 936 3461 participes
963 3413 1067 3450 sunt
1091 3410 1222 3454 faeti.
1290 3415 1331 3455 6.
1362 3418 1408 3458 et
1437 3413 1640 3469 prolabsi
1666 3419 1772 3456 sumt
1796 3418 2003 3459 renovari
2026 3430 2195 3458 rui-sun

341 3459 396 3498 ud
417 3461 753 3512 paenitentiam.
