2376 3925
631 165 1184 210 coMMENTA'rIo
1239 169 1655 214 lsAGoGICA.
1858 166 2078 233 XXXI}

193 293 381 364 foret,
435 300 682 364 castam,
737 303 1054 350 correctam
1069 335 1088 365 .‚
1127 298 1396 368 politam,
1441 307 1499 352 et
1538 302 1851 373 apostolico
1884 307 2073 360 textui

195 394 369 452 quam
395 376 649 431 maxime
670 377 1044 451 propinquam
1069 395 1273 450 parare
1298 379 1620 436 editionem.
1706 383 1856 448 Quid
1882 384 2073 442 enim?

197 457 366 524 Quod
380 459 559 514 tantis
577 458 1062 514 lucubrationibus
1084 468 1340 516 tentatur
1360 463 1420 516 in
1436 463 1672 538 reliquis
1700 467 2071 541 scriptoribus

194 541 590 616 antiquitatis,
631 541 731 615 qui
759 549 817 595 et
839 543 1041 615 optimi
1057 581 1076 611 ,
1121 550 1180 597 et
1214 543 1560 614 mediocres,
1603 554 1661 600 et
1687 555 1885 606 tenues
1913 561 2066 620 sunt,

196 632 294 694 ut,
340 632 612 698 quantum
639 622 768 678 fieri
793 631 1012 696 potest,
1052 625 1239 680 limati
1266 635 1324 681 et
1368 628 1636 703 castigati
1663 631 1966 702 prodeant,
2012 634 2071 688 id

195 708 262 762 in
286 702 489 762 Bibliis
515 706 738 781 graecis
765 706 1074 781 latinisque
1098 724 1215 762 non
1242 708 1471 765 efficere
1498 710 1885 769 studebimus?
1953 712 2068 770 Taf-

197 806 367 858 men,
393 789 441 843 si
468 787 605 863 quid
631 789 836 858 sentio,
863 789 926 843 in
950 788 1058 845 hac
1084 808 1150 845 re
1179 792 1441 848 concludi
1465 791 1551 848 fas
1580 802 1667 849 est
1694 813 1733 850 a
1758 797 1974 852 minori
1992 799 2075 854 ad

197 871 423 943 majus,
479 889 654 946 quum
707 870 961 927 codicem
1011 890 1239 929 sacrum
1278 876 1446 931 multi
1482 874 1733 932 dixerint
1766 876 2067 954 dicantque

132 962 148 972 ·
201 953 409 1009 librum
433 953 724 1009 librorum.
750 984 831 993 -—

324 1033 530 1092 Studia
561 1037 624 1090 in
659 1036 925 1091 versione
954 1034 1204 1114 Vulgata
1234 1042 1383 1095 serio
1422 1042 1699 1097 collocata
1724 1042 2067 1116 adiuvantur
2104 1055 2111 1060 ’

197 1119 486 1182 volumine
528 1136 766 1193 operoso
808 1136 1010 1174 recens
1068 1121 1223 1177 edito
1268 1121 1404 1179 hoc:
1460 1121 1927 1182 concordantiae
1959 1124 2066 1181 Bi-

191 1200 441 1257 bliorum
466 1217 772 1257 sacrorum
811 1197 1098 1276 vulgatae
1155 1204 1429 1261 editionis
1476 1205 1557 1261 ad
1608 1208 2064 1283 recognitionem

180 1285 358 1356 jussu
396 1281 560 1340 Sixti
601 1280 663 1337 V.
698 1281 864 1339 Pont.
899 1283 1064 1340 Max.
1100 1284 1313 1343 Bibliie
1365 1286 1687 1344 adhibitam
1732 1291 2066 1346 recensitae

191 1374 370 1442 atque
407 1366 748 1423 emendatae
793 1385 866 1422 ac
892 1365 1034 1445 plue
1073 1386 1246 1444 quam
1281 1370 1500 1444 viginti
1536 1370 1782 1445 quinque
1814 1369 2064 1428 millibus

187 1447 502 1506 versiculis
531 1457 777 1518 auctae,
806 1450 1044 1526 insuper
1072 1458 1131 1505 et
1165 1453 1319 1507 notis
1347 1449 1679 1520 historicis,
1708 1452 2065 1530 geographi-

189 1533 308 1601 cis,
336 1529 632 1586 chronicie
658 1529 1078 1606 locupletatae,
1120 1552 1269 1590 cura
1297 1544 1357 1590 et
1397 1536 1593 1592 studio
1634 1532 1699 1589 F.
1735 1532 1798 1589 P.
1834 1533 2063 1590 Dorm-

189 1629 342 1684 r0N‚
394 1610 680 1688 Theologi
733 1621 790 1668 et
834 1611 1199 1671 Professoria.
1288 1615 1445 1690 Opus
1499 1617 1749 1673 dicatum
1784 1615 1911 1673 DD.
1968 1618 2064 1676 De

196 1693 448 1767 Qudne,
493 1693 810 1752 Parisieusi
843 1695 1302 1772 Archiepiscopo.
1386 1696 1627 1754 Parisiis
1676 1699 1825 1773 apud
1868 1697 2062 1755 Belin-

192 1777 452 1848 Mandar,
480 1776 925 1854 Typographum
951 1788 1008 1834 et
1031 1779 1396 1854 bibliopolam
1423 1782 1727 1852 editorem,
1762 1783 1859 1837 via
1885 1784 2060 1857 vulgo

194 1862 353 1917 dicta
377 1857 780 1918 Saint-Andre'
810 1861 905 1916 des
934 1860 1098 1932 Arte,
1137 1862 1235 1918 55.
1264 1859 1871 1918 MDCCCXXXVIII.
1906 1865 2063 1957 1434

267 1987 281 2001 .
311 1946 367 2000 4.
398 1976 469 1986 —-

185 1961 262 2021 pp
320 2028 432 2094 Qui
457 2046 595 2085 vero
633 2046 736 2103 pro
761 2028 916 2085 vitae
948 2030 1186 2084 consilio
1217 2037 1274 2083 et
1301 2046 1510 2105 genere
1538 2026 1806 2085 abhorret
1830 2047 1865 2084 a
1890 2030 2057 2085 rebus

191 2112 444 2182 criticis,
481 2113 532 2167 is
569 2120 765 2167 utatur
803 2109 912 2167 hac
948 2111 1198 2166 editione
1237 2120 1560 2187 stereotypa
1589 2121 1875 2184 correcta,
1915 2131 2061 2188 quae

185 2203 416 2251 textum
443 2190 750 2251 Clementis
784 2191 933 2249 VIII.
968 2195 1279 2271 genuinum
1316 2198 1599 2265 continet,
1642 2213 1744 2269 pro
1789 2197 2059 2265 manuali,

183 2278 605 2351 praetermissis
656 2277 998 2333 lectionibus
1046 2277 1432 2347 variantibuS,
1497 2278 1557 2332 in
1609 2296 1776 2333 usum
1829 2280 2059 2352 pietatis

187 2360 552 2415 christianae.
637 2356 791 2415 Huic
817 2362 969 2415 enim
992 2360 1197 2433 pietati
1220 2358 1588 2430 excitandae,
1630 2360 1929 2430 fovendae,
1958 2379 2060 2416 au-

183 2442 408 2519 gendae
430 2442 661 2498 tandem
687 2444 870 2497 omnis
899 2443 1157 2498 doctrina
1185 2444 1380 2498 servit.
1429 2472 1501 2483 —
1553 2439 1871 2499 Dissidium
1894 2442 2062 2498 fune-

181 2534 344 2581 stum
385 2526 537 2580 inter
571 2522 1245 2580 Romanae-Catholicae
1279 2534 1338 2579 et
1362 2522 1812 2581 Protestantium
1844 2525 2061 2580 formu-

187 2611 278 2663 lae
305 2616 647 2678 sectatoreS,
693 2609 856 2664 novis
886 2608 1032 2663 odiis
1058 2606 1343 2684 flagrans,
1379 2608 1441 2662 in
1476 2607 1587 2664 hoc
1619 2610 1834 2663 lumine
1861 2608 2059 2663 litera-

185 2709 320 2745 rum
360 2708 543 2766 neque
591 2707 851 2745 curemus
896 2709 1078 2765 neque
1115 2692 1571 2746 extimescamuS.
1657 2688 1870 2744 Omnes
1908 2691 2058 2745 enim

185 2774 319 2829 veri
351 2774 600 2828 nominis
630 2770 964 2844 Christiani,
1007 2773 1211 2848 quibus
1238 2772 1391 2829 hunc
1420 2772 1709 2828 offerimus
1735 2770 1971 2841 librum,
1998 2774 2059 2827 in

185 2856 374 2911 literis
399 2857 579 2911 sacris
605 2864 876 2930 tanquam
915 2857 976 2910 in
1001 2857 1172 2911 unico
1204 2864 1261 2911 et
1285 2855 1519 2929 limpido
1547 2854 1809 2911 caelestis
1834 2858 2058 2930 sapien·-

185 2941 305 2995 tiae
329 2938 492 2994 fonte
517 2940 882 2993 conveniunt.
965 2935 1134 3007 Feci,
1170 2957 1315 3013 quae
1346 2945 1413 2991 et
1447 2938 1674 2993 animus
1696 2934 1929 2994 Christo
1961 2938 2054 2993 de-

191 3020 344 3077 ditus
372 3040 464 3077 me
487 3020 723 3095 jubebat
748 3020 961 3089 facere,
982 3027 1040 3074 et
1065 3022 1290 3075 sincera
1314 3038 1408 3075 res
1425 3019 1783 3097 theologicas
1804 3039 1907 3095 pro
1934 3038 2055 3075 mo-

189 3102 322 3160 dulo
347 3105 564 3161 virium
586 3103 827 3177 juvandi
847 3103 1130 3158 voluntas.
1213 3100 1304 3158 Ita
1321 3103 1485 3174 vale,
1510 3104 1592 3158 mi
1613 3105 1827 3172 lector,
1854 3102 2057 3175 hisque

187 3184 394 3243 studiis
449 3186 596 3241 save.
682 3182 808 3242 Ser.
864 3186 926 3240 in
979 3181 1371 3242 Universitate
1418 3188 1721 3241 'literarum
1774 3182 2058 3258 Lipsiensi

187 3270 329 3343 ipsis
355 3266 652 3324 Natalitiie
681 3266 999 3325 salvatoris
1024 3285 1076 3322 a.
1093 3286 1154 3341 p.
1174 3264 1315 3325 chr.
1342 3263 1909 3325 MDCCCXXXIX.
1940 3294 2010 3305 —-

853 3434 1399 3485 ...m-.-
