2376 3925
315 144 414 195 4⁰8

381 250 430 293 8.
451 246 570 293 Ideo
582 246 636 293 in
649 260 746 293 una
765 246 877 293 ἀίει·
889 248 1093 293 venient
1111 247 1223 305 pla·-

315 328 410 375 gae
433 316 479 371 ej
486 328 560 371 un,
571 326 707 359 mors
720 316 772 359 et
791 314 970 372 luctus,
983 318 1035 361 et
1045 316 1219 372 fames,

317 384 372 428 et
389 381 509 440 igne
529 384 848 427 comburetur
860 375 914 438 ἅς
936 382 1053 437 quia
1072 383 1221 427 fortis

321 451 400 495 est
415 450 569 504 Deus,
590 448 676 505 qui
689 448 935 507 judicabit
953 448 1106 494 illam.

388 518 434 560 9.
467 514 536 560 Et
561 516 750 562 flebunt
766 546 780 574 ‚
812 519 863 562 et
891 515 1132 575 plangent
1165 528 1221 561 se

319 594 472 640 nuper
490 582 629 627 illam
645 596 795 640 reges
815 584 1000 639 terrae,
1014 582 1221 638 quicum

318 649 408 695 illa
435 650 675 696 fornicati
701 651 844 708 sunt,
875 653 926 695 et
953 650 1006 694 in
1027 648 1221 694 deliciis

319 717 584 775 vixerunt,
629 730 742 763 cum
779 716 998 763 viderint
1032 718 1223 762 fumum

317 784 541 830 incendii
561 785 686 841 ejus.

389 853 470 897 1⁰.
505 853 685 909 Longe
709 852 899 896 stantes
927 853 1138 908 propter
1155 852 1221 897 ti·-

318 931 511 964 morem
529 918 892 963 tormentorum
909 918 955 974 ej
962 929 1036 976 us,
1049 918 1223 963 dieen-

317 990 420 1031 tes:
451 988 585 1043 Vae,
617 996 709 1029 vae
729 984 906 1030 civitas
935 985 1023 1030 illa
1041 998 1223 1043 magna

317 1052 561 1111 Babylon,
577 1050 752 1097 civitas
771 1050 862 1097 illa
873 1052 1021 1097 fortis
1033 1051 1044 1097 Ξ
1057 1066 1219 1108 quon-

317 1121 418 1165 iam
445 1132 545 1165 una
576 1120 706 1165 hora
721 1119 864 1165 venit
875 1119 1120 1177 judicium
1138 1122 1220 1165 tu-

317 1200 416 1233 um.

386 1256 465 1298 11.
491 1254 559 1300 Et
577 1253 923 1311 negotiatores
942 1255 1109 1299 terrae
1128 1254 1219 1299 lle-

317 1323 442 1367 bunt
491 1324 543 1367 et
585 1321 830 1379 lugebunt
865 1334 1016 1378 super
1052 1320 1218 1377 illam;

317 1386 555 1444 quoniam
595 1400 791 1434 merces
843 1400 1021 1433 eorum
1067 1401 1217 1433 nemo

317 1455 450 1499 emet
465 1454 704 1511 amplius:
1011 1484 1014 1489 -

382 1521 462 1564 12.
499 1523 696 1566 Merces
727 1518 838 1565 auri
857 1522 908 1565 et
926 1517 1147 1578 argenti,
1169 1524 1221 1565 et

313 1586 495 1643 lapidis
515 1586 742 1645 pretiosi,
766 1588 816 1631 et
831 1587 1151 1646 margaritae,
1170 1592 1221 1633 et

313 1654 469 1714 byni,
509 1657 559 1701 et
577 1665 846 1713 purpurae,
885 1658 936 1700 et
963 1655 1132 1713 serici,
1171 1658 1222 1700 et

317 1722 474 1781 cocci,
497 1723 574 1779 [et
593 1735 741 1767 omne
761 1720 953 1779 lignum
972 1722 1218 1781 thyinum,

318 1791 370 1836 et
399 1790 567 1835 omnia
597 1802 718 1835 vasa
743 1788 940 1847 eboris,
973 1793 1025 1835 et
1051 1789 1222 1834 omnia

319 1870 440 1903 vasa
459 1857 522 1903 de
540 1857 706 1914 lapide
725 1856 952 1913 pretioso
965 1887 981 1916 ,
1002 1859 1055 1902 et
1071 1868 1217 1901 aera-

316 1928 508 1984 mento,
531 1926 582 1971 et
600 1926 758 1983 ferro,
781 1927 831 1970 et
850 1936 1118 1983 marmore,

384 2010 464 2052 13.
501 2010 552 2052 et
589 2008 980 2063 cinnamomum]
1011 2010 1063 2052 et
1091 2007 1219 2053 otlo-

315 2076 674 2131 ramentorum,
689 2077 739 2118 et
756 2075 1019 2131 unguenti,
1034 2076 1084 2118 et
1102 2073 1219 2119 thu-

317 2141 406 2198 rin,
429 2143 480 2184 et
501 2139 622 2196 vini,
643 2143 695 2183 et
713 2139 841 2195 olei,
865 2143 914 2184 et
933 2140 1144 2197 similae,
1169 2143 1222 2186 et

313 2206 488 2263 tritici,
512 2208 565 2251 et
576 2206 934 2264 jumentorum,
957 2207 1010 2251 et
1029 2207 1218 2266 ovium,

316 2276 368 2320 et
385 2284 644 2330 equorum,
659 2275 710 2317 et
717 2271 1002 2331 rhedarum,
1015 2275 1065 2318 et
1075 2287 1219 2319 man-

317 2341 581 2400 cipiorum,
596 2342 647 2386 et
657 2339 933 2385 animarum
943 2340 1219 2387 hominum.

383 2426 464 2469 14.
499 2423 566 2469 Et
585 2437 733 2482 poma
767 2424 1001 2470 desiderii
1022 2425 1219 2470 animae

316 2495 432 2538 tuae
463 2491 801 2537 discesserunt
820 2495 940 2550 ate,
971 2494 1023 2538 et
1052 2493 1222 2538 omnia

316 2559 524 2617 pinguia
553 2562 603 2604 et
630 2558 892 2616 praeclara
909 2559 1172 2616 perierunt
1191 2572 1221 2603 a

316 2629 392 2684 te,
421 2629 471 2671 et
491 2625 700 2683 amplius
720 2625 808 2670 illa
821 2625 927 2682 J'am
947 2639 1053 2671 non
1071 2626 1220 2671 inve-

316 2693 474 2737 nient.

385 2760 465 2803 15.
500 2760 811 2805 Mercatorea
828 2759 1026 2819 horum,
1039 2759 1124 2815 qui
1141 2759 1218 2805 di-

321 2825 448 2871 vites
465 2827 584 2871 facti
603 2829 744 2885 sunt,
773 2829 834 2874 ab
855 2839 916 2872 ea
939 2826 1094 2885 longe
1114 2830 1221 2872 nta-

363 2940 382 2960 ‘
395 2944 434 2971 Υ.
454 2936 510 2969 lo.
530 2937 588 2970 17.
609 2938 668 2971 19.
714 2933 736 2961 ἆ
753 2945 789 2970 c.
811 2938 870 2978 17,
890 2938 946 2971 16.

583 142 1152 197 APOCALYPSIS
1205 144 1579 196 JOANN'IS.
1654 143 1816 195 CAP.
1852 144 1939 193 18.

1289 250 1413 295 bunt
1430 251 1639 305 propter
1657 248 1887 292 timorem
1906 249 2228 293 tormento-

1288 328 1400 361 rum
1418 315 1464 372 ej
1472 328 1547 371 us,
1566 316 1743 360 flente·
1761 326 1819 359 ae
1835 312 2117 371 lugentes,

1359 384 1437 427 16.
1473 384 1525 428 et
1552 382 1799 427 dicentes:
1826 381 1961 438 Vae,
1994 394 2113 426 vae
2148 382 2225 427 ci-

1290 450 1419 495 vitas
1455 447 1545 494 illa
1588 446 1789 505 magna!
1846 460 1976 504 quae
2016 450 2229 494 amicta

1290 520 1401 563 erat
1420 518 1589 575 bysso,
1611 517 1663 561 et
1680 527 1926 574 purpura,
1948 516 1999 560 et
2022 528 2223 573 cocco,

1291 586 1343 628 et
1370 582 1608 629 deaurata
1637 584 1748 628 erat
1764 593 1916 639 auro,
1946 585 1998 627 et
2032 582 2221 640 lapide

1289 651 1535 708 pretioso,
1558 651 1609 695 et
1625 648 1925 708 margaritis.

1358 718 1437 762 17.
1476 716 1724 770 Quoniam
1752 728 1852 761 una
1878 716 2005 760 hora
2042 715 2217 761 desti-

1288 787 1429 829 tutae
1448 787 1567 829 tunt
1585 787 1753 829 tantae
1786 781 2021 838 divitiae3
2060 788 2121 829 et
2152 797 2217 829 o·-

1288 852 1418 897 mni·
1447 853 1779 909 gubernator,
1810 851 1861 895 et
1888 848 2091 907 omnia,
2124 852 2219 907 qni

1289 919 1343 964 in
1362 918 1523 965 lacum
1551 918 1779 977 navigat,
1818 918 1869 963 et
1894 920 2119 975 nautae,
2162 922 2217 962 et

1290 986 1447 1042 quiin
1464 986 1592 1032 mari
1610 986 1899 1043 operantur,
1913 982 2077 1041 longe
2100 989 2213 1029 ste—

1290 1054 1478 1112 terunt,

1356 1120 1436 1164 18.
1474 1122 1525 1165 et
1569 1118 1915 1165 clamaverunt
1959 1115 2207 1163 videntes

1288 1186 1458 1233 locum
1501 1186 1724 1232 incendii
1763 1185 1900 1243 ejun,
1940 1184 2204 1229 dieentes:

1291 1255 1433 1308 Quae
1470 1254 1647 1300 similis
1692 1252 1887 1299 civitati
1932 1250 2048 1297 huic
2088 1265 2203 1297 ma-

1289 1322 1450 1380 gnae!

1356 1389 1438 1433 19.
1472 1388 1540 1433 Et
1556 1386 1803 1432 miserunt
1822 1384 2089 1443 pulverem
2110 1398 2202 1430 au-

1288 1467 1380 1513 per
1408 1455 1572 1513 capita
1596 1458 1735 1511 auae,
1774 1453 1826 1497 et
1852 1452 2204 1498 clamaverunt

1287 1525 1465 1568 flentes
1479 1524 1529 1568 et
1538 1521 1789 1578 lugentes,
1802 1519 2027 1565 dicentes
2040 1530 2055 1562 τ
2067 1519 2199 1575 Vae,

1290 1602 1383 1635 vae
1408 1589 1584 1638 civitas
1606 1588 1693 1633 illa
1708 1598 1909 1643 magna,
1926 1586 1981 1631 in
2000 1598 2101 1641 qua
2120 1585 2199 1629 di-

1290 1658 1418 1703 vites
1438 1656 1559 1702 facti
1578 1658 1695 1701 sunt
1714 1666 1908 1711 omnen,
1930 1653 2015 1709 qui
2037 1652 2197 1697 habe-

1288 1726 1407 1769 bant
1452 1736 1607 1768 naves
1650 1722 1705 1766 in
1746 1721 1876 1765 mari
1910 1720 1973 1765 de
2016 1720 2197 1776 pretiis

1289 1791 1425 1847 eju23
1456 1780 1694 1846 &uoniam
1720 1800 1822 1833 nna
1843 1788 1974 1834 hora
1991 1786 2195 1831 desola-

1286 1861 1338 1903 ta
1357 1856 1455 1903 est!

1358 1925 1436 1970 2⁰.
1471 1923 1663 1970 Exulta
1700 1932 1853 1981 nuper
1892 1934 2028 1979 eam,
2072 1932 2193 1965 coe-

1286 1993 1391 2038 lum
1400 1983 1454 2051 s,
1483 1995 1533 2038 et
1552 1991 1712 2036 sancti
1730 1988 1967 2047 Apostoli
1986 1991 2038 2033 et
2062 1988 2189 2032 Pro-

1287 2057 1491 2118 phetae!
1525 2058 1760 2115 quoniam
1787 2055 2039 2114 judicavit
2054 2054 2188 2100 Deu-

1285 2127 1527 2184 judicium
1550 2129 1766 2171 vestrum
1788 2124 1850 2169 de
1869 2122 1974 2168 illa.

1355 2195 1435 2238 21.
1462 2192 1537 2238 ‘Et
1568 2191 1771 2239 sustulit
1808 2203 1937 2235 unus
1969 2187 2189 2245 Angelus

1288 2262 1437 2306 fortis
1474 2259 1731 2317 lapidem&
1766 2257 1912 2314 quasi
1946 2255 2191 2301 molarem

1288 2341 1538 2386 magnum,
1550 2329 1601 2372 et
1616 2325 1751 2371 misit
1770 2325 1991 2380 inmane,
2004 2323 2191 2368 dicens:

1288 2395 1397 2440 Hoc
1419 2395 1607 2452 impetu
1622 2393 1849 2438 mittetur
1868 2389 2096 2448 Babylon
2118 2389 2191 2434 ci-

1290 2462 1417 2507 vitas
1436 2461 1526 2508 illa
1542 2472 1740 2518 magna,
1753 2461 1803 2504 et
1820 2457 1957 2503 ultra
1971 2459 2077 2514 Jam
2086 2467 2190 2500 non

1287 2527 1590 2574 invenietur.

1355 2596 1435 2640 22.
1469 2595 1537 2640 Et
1558 2607 1659 2640 vox
1679 2590 2083 2640 citharoedorum
2098 2619 2112 2646 ,
2142 2591 2194 2632 et

1285 2661 1619 2719 musicorum,
1657 2663 1709 2706 et
1734 2658 1858 2706 tibia
1886 2655 2191 2710 canentium,

1288 2731 1339 2774 et
1366 2730 1508 2788 tuba,
1541 2741 1644 2773 non
1674 2726 1906 2772 audietur
1934 2725 1987 2770 in
2018 2725 2065 2768 te
2085 2735 2191 2766 am-

1287 2795 1445 2854 pliu23
1460 2799 1510 2841 et
1530 2794 1693 2841 omnis
1714 2793 1903 2839 artifex
1923 2790 2085 2837 omnin
2104 2799 2188 2833 ar-

1334 2898 1350 2917 ·’
1366 2890 1512 2926 Ezech.
1531 2894 1592 2933 27,
1609 2894 1669 2928 30.
1704 2887 1817 2925 Hioh
1834 2891 1873 2931 2,
1891 2890 1952 2924 12.
2000 2883 2027 2917 f
2044 2887 2141 2924 e.19‚
2152 2887 2188 2918 1.

1286 2936 1365 2974 Jer.
1384 2941 1446 2980 51,
1465 2939 1526 2974 48.
1572 2941 1597 2971 ὅ
1614 2935 1691 2973 Jer.
1710 2939 1771 2978 51,
1788 2937 1847 2973 63.
1865 2937 1929 2972 64.

429 3075 540 3129 Cap.
579 3073 762 3116 XVIII.
828 3080 868 3117 8.
900 3081 947 3118 et
976 3077 1068 3128 igni
1097 3075 1392 3126 conburetur3
1426 3075 1534 3120 ibid.
1558 3075 1796 3128 judicavit.
1866 3077 1933 3116 1².
1970 3082 2187 3117 mertuum

315 3130 425 3174 ibid.
453 3131 695 3186 praetiosi3
723 3129 830 3172 ibid.
861 3134 1106 3185 praetioso.
1167 3136 1233 3173 13.
1264 3138 1312 3174 et
1338 3133 1648 3175 cinnamonum
1668 3134 1715 3172 et
1741 3141 1982 3176 amomum3
2003 3125 2109 3168 ibid.
2140 3129 2189 3165 et

317 3187 501 3238 ungenti
521 3189 566 3228 et
586 3187 719 3234 turim
741 3185 848 3229 ibid.
877 3186 1050 3229 similae
1079 3189 1241 3229 trittici
1265 3191 1409 3242 (deest
1426 3191 1525 3242 οὓς
1552 3186 1664 3230 ibid.
1696 3191 1745 3228 et
1759 3186 1984 3228 redarum·
2044 3184 2108 3225 14.
2140 3186 2187 3220 et

318 3255 452 3294 poma
471 3247 547 3282 tua
577 3241 789 3283 desiderii
808 3243 982 3283 animae
1013 3243 1223 3283 discessit
1241 3255 1267 3282 a
1286 3249 1356 3293 te;
1384 3243 1493 3286 ibid.
1523 3243 1705 3298 pinguia
1724 3245 1773 3284 et
1792 3240 1927 3283 clara.
1986 3240 2051 3279 16.
2067 3236 2187 3300 ‘bys-

317 3297 439 3346 ιίιιος
471 3297 578 3339 ibid.
610 3298 824 3338 deaurata
851 3301 936 3338 est.
994 3301 1059 3338 1⁶1.
1091 3311 1244 3340 omnes
1272 3299 1346 3352 qui
1368 3300 1415 3341 in
1442 3298 1589 3341 locum
1619 3296 1725 3350 (sie)
1748 3298 1987 3348 navigant;
2014 3293 2118 3334 ibai.
2141 3294 2190 3330 et

319 3352 394 3400 qui
423 3353 564 3392 maria
593 3356 847 3406 operantur.
925 3356 990 3394 19.
1041 3358 1087 3393 et
1124 3351 1332 3403 lugentes
1359 3359 1407 3396 et
1436 3355 1661 3402 «licentem
1700 3352 1812 3394 ibid.
1845 3352 2000 3392 civitas
2029 3357 2189 3396 magna

321 3405 460 3454 (deest
479 3404 582 3460 illa)
601 3422 612 3454 3
631 3405 739 3448 ibid.
762 3407 834 3458 qui
857 3405 1022 3448 habent
1050 3420 1203 3448 naves.
1262 3413 1331 3450 20.
1362 3413 1411 3451 et
1440 3410 1583 3452 sancti
1603 3412 1651 3449 et
1670 3405 1883 3462 apostoli.

1942 3408 2009 3446 21.
2040 3399 2187 3451 Baby-

319 3456 396 3499 lon
417 3458 498 3500 illa
517 3473 675 3512 magna
697 3463 867 3504 civitas.
927 3465 992 3502 22.
1025 3461 1368 3505 citharedorum.

2291 3491 2297 3606 ι
