2376 3925
516 136 783 187 ACTUS
836 137 1486 194 APOSTOLORUM.
1543 149 1711 197 CAP.
1752 150 1798 198 9.

2001 155 2099 203 2⁰1

222 211 2101 240 Ἣ

225 239 291 281 ab
307 235 463 280 oculis
478 237 587 293 ejus
606 241 857 294 tamquam
874 253 1125 300 squamae,

227 306 281 348 et
304 303 459 347 visum
480 305 701 362 recepit3
734 308 784 351 et
809 319 1018 364 surgens
1041 311 1127 354 ba-

221 371 441 426 ptizatus
462 374 553 415 est.

294 439 371 480 19.
408 437 477 481 Et
506 451 619 482 cum
644 440 917 496 accepisset
946 441 1124 501 cibum,

222 505 543 550 confortatus
566 507 655 549 est.
696 506 813 552 Fuit
830 511 997 553 autem
1016 523 1126 554 cum

225 570 505 628 discipulis,
520 572 603 627 qui
623 573 1021 634 erantDamasci‚
1035 589 1125 632 per

224 638 333 682 dies
354 636 563 693 aliquot.

286 706 368 748 20.
406 705 477 749 Et
503 706 741 752 continuo
766 708 819 752 in
850 710 1123 766 synagogis

218 770 543 826 praedicabat
560 773 592 817 J
594 786 729 818 esum
744 805 759 831 ,
789 776 1023 831 quoniam
1044 777 1123 822 hic

221 842 302 882 est
318 837 477 884 Filius
495 839 592 886 Dei
601 831 638 884 ἒ.

292 923 370 964 21.
408 923 685 978 Stupebant
722 927 888 970 autem
928 939 1120 985 omnes,

220 988 311 1042 qui
332 988 609 1047 audiebant,
632 992 683 1035 et
703 990 956 1037 dicebant:
976 993 1121 1038 Non-

218 1068 288 1099 ne
310 1055 387 1100 hic
406 1059 505 1114 est,
526 1057 611 1113 qui
631 1061 951 1115 expugnabat
969 1061 1021 1104 in
1040 1062 1121 1106 Ie-

218 1121 439 1166 rusalem
458 1137 546 1168 cos
561 1154 575 1181 ,
598 1125 684 1179 qui
703 1125 1007 1172 invocabant
1024 1140 1121 1173 no-

216 1202 336 1234 men
354 1189 517 1234 istud?
548 1193 598 1235 et
625 1191 721 1236 huc
742 1192 804 1236 ad
823 1193 918 1238 hoc
940 1187 1119 1252 venitl,

216 1259 275 1300 ut
296 1256 495 1300 vinctos
519 1256 635 1302 illos
666 1258 869 1306 duceret
897 1260 960 1306 ad
977 1262 1120 1319 prin·-

216 1323 357 1379 cipes
380 1323 735 1370 sacerdotum?
836 1328 843 1340 ¹

284 1391 366 1433 22.
405 1390 583 1437 Saulus
600 1395 765 1438 autem
782 1394 939 1439 multo
960 1396 1119 1453 magis

216 1455 623 1517 convalescebat,
680 1463 731 1504 et
782 1463 1121 1508 confundebat

212 1523 456 1582 Iudaeos,
469 1525 554 1580 qui
571 1525 859 1572 habitabant
868 1528 1117 1588 Damasci,

210 1591 489 1648 affirmans,
520 1593 757 1647 quoniam
773 1594 855 1638 hic
876 1599 952 1640 est
971 1597 1117 1641 Chri-

208 1660 335 1701 stus.

278 1725 361 1768 23.
422 1725 545 1769 Cum
590 1727 756 1770 autem
790 1726 1121 1782 implerentur

207 1791 315 1836 dies
338 1790 512 1847 multi,
535 1791 799 1836 consilium
820 1793 1051 1838 fecerunt
1066 1794 1121 1839 in

204 1871 364 1903 unum
392 1856 601 1915 sudaei,
630 1859 685 1902 ut
721 1871 833 1903 eum
866 1859 1118 1906 interfice-

204 1928 325 1971 rent
337 1931 390 1969 m,

274 1994 357 2036 24.
394 1992 559 2037 Notae
598 1996 764 2039 autem
800 1996 963 2041 factae
1000 1998 1119 2041 sunt

206 2058 364 2104 Saulo
384 2059 598 2105 insidiae
627 2074 828 2119 eorum;
860 2064 1115 2109 custodie-

205 2128 504 2171 bantautem
516 2129 567 2173 et
584 2131 757 2185 portas
774 2129 852 2175 die
864 2143 922 2175 ac
941 2135 1110 2192 nocte,

202 2196 259 2237 ut
279 2206 394 2237 eum
413 2193 770 2241 interficerent.

274 2261 355 2303 25.
375 2261 694 2318 Accipientes
714 2265 881 2309 autem
900 2278 1013 2309 eum
1032 2266 1109 2311 di-

202 2326 388 2383 scipuli
414 2331 583 2386 nocte,
620 2332 712 2385 p'er
738 2344 935 2376 murum
964 2333 1108 2378 dimi-

198 2396 381 2439 serunt
392 2407 521 2453 eum,
535 2396 879 2444 submittentes
892 2399 945 2443 in
960 2412 1108 2457 spor-

196 2466 265 2506 ta.

270 2528 351 2571 26.
391 2528 511 2572 Cum
531 2531 696 2575 autem
717 2532 941 2577 venisset
959 2534 1011 2578 in
1025 2536 1106 2580 le-

196 2593 448 2652 rusalem,
478 2596 699 2643 tentabat
718 2610 773 2643 se
787 2599 1007 2657 jungere
1028 2601 1105 2647 di-

198 2660 427 2718 scipulis,
449 2664 499 2707 et
518 2675 692 2709 omnes
712 2666 954 2712 timebant
971 2682 1101 2727 eum,

194 2739 308 2771 non
330 2728 587 2775 credentes
604 2762 618 2787 ,
647 2732 779 2787 quod
798 2735 931 2778 esset
951 2734 1102 2780 disci-

192 2794 363 2850 pulus.

264 2862 345 2906 27.
392 2862 681 2908 Barnabas'⁸
716 2867 883 2910 autem
918 2879 1101 2923 appre-

194 2929 408 2973 hensum
439 2929 581 2975 illum
612 2930 757 2975 duxit
783 2931 845 2975 ad
879 2934 1101 2989 Aposto-

241 3034 447 3075 ἰ’(3.8,37.
513 3038 581 3073 lv,
602 3043 635 3075 1.
662 3042 697 3074 2.

186 3090 209 3107 Ἰ
235 3094 267 3118 c.
285 3087 326 3124 4,
344 3086 402 3120 36.

760 3046 789 3063 Μ
806 3042 829 3072 2
850 3039 937 3075 Cor.
956 3044 1023 3083 11,
1041 3045 1099 3081 32.

188 3290 201 3299 ·
309 3230 421 3285 Cap.
451 3229 539 3273 IX.
602 3236 667 3275 19.
698 3247 783 3288 per
802 3234 899 3275 dies
918 3234 1108 3289 aliquos.

186 3301 241 3329 m
268 3300 420 3329 unum.

505 3291 572 3329 25.
619 3294 764 3330 autem
796 3290 1007 3345 discipuli
1045 3292 1143 3344 ejus
1170 3299 1315 3337 nocte.

1197 243 1276 288 los
1290 250 1339 301 ⁰3
1373 248 1424 290 et
1441 251 1669 294 narravit
1685 251 1786 296 illis
1800 283 1813 310 ,
1845 256 2095 309 quomodo

1195 311 1252 354 in
1271 311 1352 356 via
1373 313 1579 360 vidisset
1594 317 1863 364 Dominum
1876 351 1890 378 ,
1913 329 1963 366 et
1982 324 2097 378 quia

1193 377 1392 424 locutus
1413 385 1490 425 est
1509 382 1572 440 ei,
1587 387 1637 428 et
1655 388 1903 440 quomodo
1924 389 1978 434 in
1988 389 2093 434 Da-

1193 457 1362 490 masco
1375 447 1670 494 fiducialiter
1683 455 1844 508 egerit
1863 455 1915 500 in
1926 457 2092 501 nomi-

1191 523 1258 556 ne
1277 513 1308 556 J
1311 525 1415 559 esu.

1258 581 1338 623 28.
1365 580 1432 626 Et
1451 585 1562 626 erat
1581 597 1690 629 cum
1709 585 1809 630 illis
1828 588 2022 635 intrans
2043 594 2094 635 et

1193 645 1370 692 exiens
1389 648 1444 692 in
1462 651 1759 710 Ierusalem,
1783 657 1832 698 et
1847 656 2092 702 fiduciali-

1190 714 1269 758 ter
1289 727 1445 770 agens
1467 716 1518 760 in
1537 719 1744 764 nomine
1763 721 1983 767 Domini.

1259 781 1340 824 29.
1374 783 1695 838 Loquebatur
1725 801 1924 844 quoque
1956 788 2090 834 Gen'-

1188 845 1339 904 tibus,
1361 851 1412 893 et
1430 849 1710 906 disputabat
1729 869 1838 899 cum
1860 856 2090 914 Graecis,

1188 912 1266 958 illi
1310 917 1472 961 autem
1518 923 1823 974 quaerebant
1861 924 2091 969 occidere

1191 993 1317 1024 eum.

1257 1049 1336 1093 30.
1375 1048 1520 1101 Quod
1575 1067 1684 1098 cum
1730 1057 2092 1114 cognovissent

1187 1114 1400 1173 fratres,
1433 1117 1750 1167 deduxerunt
1771 1137 1880 1168 eum
1904 1127 2089 1170 Caesa-

1186 1193 1343 1238 ream,
1366 1184 1417 1227 et
1437 1183 1731 1233 dimiserunt
1752 1191 1978 1235 Tarsum.

1257 1248 1335 1292 31.
1372 1250 1603 1297 Ecclesia
1641 1255 1836 1310 quidem
1874 1271 1964 1313 per
2005 1263 2087 1304 to-

1188 1316 1289 1358 tam
1312 1315 1553 1362 Judaeam
1566 1350 1581 1376 ,
1620 1323 1670 1365 et
1701 1322 1971 1368 Galilaeam
1991 1357 2003 1382 ,
2041 1331 2091 1370 et

1190 1381 1480 1442 Samariam,
1502 1385 1714 1432 habebat
1731 1397 1982 1448 pacem,et
2001 1406 2088 1438 ae-

1188 1447 1478 1496 dificabatur
1522 1455 1779 1502 ambulans
1816 1458 1870 1502 in
1907 1459 2089 1505 timore

1184 1516 1408 1575 Domini,
1449 1520 1499 1563 et
1535 1521 1888 1570 consolatione
1927 1529 2088 1571 sancti

1186 1583 1404 1639 Spiritus
1421 1586 1724 1643 replebatur.

1255 1650 1333 1694 32.
1369 1651 1577 1698 Factum
1598 1659 1674 1699 est
1693 1659 1884 1714 autem,
1919 1663 1972 1702 ut
1989 1661 2086 1704 Pe-

1186 1716 1311 1772 trus,
1325 1717 1438 1761 dum
1458 1722 1789 1774 pertransiret
1799 1725 2085 1784 universos,

1188 1779 1450 1828 deveniret
1469 1785 1531 1828 ad
1549 1790 1770 1846 sanctos,
1792 1791 1874 1845 qui
1894 1792 2085 1837 habita-

1190 1848 1309 1892 bant
1325 1849 1544 1906 Lyddae.

1256 1915 1334 1958 33.
1373 1917 1573 1962 Invenit
1617 1922 1780 1966 autem
1817 1923 1887 1969 ibi
1924 1924 2084 1973 homi-

1184 1995 1298 2027 nem
1319 1985 1596 2044 quemdam,
1619 1990 1824 2035 nomine
1843 1992 2082 2051 Aeneam,

1183 2052 1243 2095 ab
1270 2051 1416 2095 annis
1447 2055 1563 2098 octo
1597 2054 1849 2111 jacentem
1882 2059 1932 2103 in
1965 2074 2081 2117 gra-

1181 2117 1316 2175 bato,
1339 2119 1423 2174 qui
1444 2123 1553 2167 erat
1570 2124 1890 2187 paralyticus.

1249 2186 1326 2229 34.
1363 2186 1430 2231 Et
1451 2188 1522 2233 ait
1553 2189 1629 2235 illi
1655 2191 1860 2238 Petrus:
1891 2196 2078 2251 Aenea,

1179 2255 1324 2297 sanat
1341 2254 1390 2298 te
1401 2254 1644 2301 Dominus
1664 2260 1810 2305 Jesus
1826 2262 2050 2307 Christus
2065 2278 2078 2318 3

1177 2330 1348 2377 surge,
1370 2323 1421 2365 et
1439 2324 1608 2368 sterne
1630 2325 1743 2371 tibi!
1767 2331 1816 2371 et
1836 2330 2077 2373 continuo

1177 2388 1454 2433 surrexitl’.

1243 2454 1322 2497 35.
1359 2454 1426 2498 Et
1465 2456 1698 2502 viderunt
1735 2472 1844 2503 eum
1886 2473 2076 2519 omnes,

1175 2518 1260 2573 qui
1293 2519 1580 2567 habitabant
1607 2524 1811 2581 Lyddae
1843 2530 1893 2571 et
1923 2528 2076 2572 Saro-

1172 2598 1294 2642 nae3
1334 2588 1419 2642 qui
1457 2591 1690 2636 conversi
1722 2595 1838 2637 sunt
1875 2592 1935 2636 ad
1967 2593 2074 2637 Do-

1170 2652 1377 2698 minum.

1240 2720 1318 2766 36.
1356 2722 1413 2765 ln
1433 2723 1596 2779 Joppe
1617 2727 1780 2768 autem
1805 2726 1899 2770 fuit
1917 2741 2070 2784 quae-

1171 2784 1281 2830 dam
1303 2786 1569 2846 discipula,
1603 2790 1806 2835 nomine
1843 2795 2070 2857 Tabitha,

1169 2864 1296 2907 quae
1317 2854 1647 2909 interpretata
1667 2856 1844 2905 dicitur
1858 2862 2068 2911 Dorcas.

1167 2918 1306 2962 Haec
1337 2921 1446 2963 erat
1473 2920 1622 2975 plena
1649 2926 1881 2980 operibus
1903 2932 2067 2989 boniS,

1169 2986 1222 3029 et
1240 2983 1593 3046 eleemosynis,
1615 3002 1735 3046 quas
1756 2995 1982 3043 faciebat.

1215 3098 1232 3117 θ
1252 3092 1340 3129 Gal.
1360 3097 1395 3135 1,
1414 3097 1473 3131 18.
1521 3104 1542 3129 Ρ
1566 3112 1598 3134 c.
1615 3104 1652 3142 3,
1671 3104 1704 3137 6.

1169 3241 1239 3279 23.
1271 3239 1566 3295 implerentur
1583 3254 1754 3298 autem3
1783 3251 1892 3293 ibid·
1953 3255 2072 3295 deest

1401 3302 1468 3340 26.
1504 3300 1694 3353 jungere
1724 3319 1794 3353 se;
1823 3306 1928 3346 ibid.
1963 3308 2066 3357 quia

190 3348 330 3384 esset.
391 3346 461 3383 27.
484 3343 703 3385 Damasco
716 3346 1285 3401 (deest.·in);ibict.ageret.
1345 3357 1412 3395 28.
1433 3354 1545 3397 Erat
1565 3364 1712 3399 autem
1732 3374 1841 3399 cum.
1903 3364 1969 3401 29.
1993 3376 2064 3401 oc-

190 3398 347 3439 cidere
388 3396 533 3438 illum.

190 3456 263 3496 36.
298 3455 451 3495 Dorca
474 3452 557 3503 (sic
576 3455 713 3497 etiam
732 3455 905 3511 infra).

610 3404 676 3441 33.
708 3401 755 3441 ἰη
792 3402 1012 3451 grabatto.
1089 3408 1158 3447 34.
1193 3404 1369 3451 Aeneas
1407 3419 1548 3452 sanat.

1630 3417 1696 3455 35.
1731 3412 1854 3454 illum
1897 3430 2060 3458 omnes.
