2376 3925
300 215 401 268 214

550 205 812 262 AcTUS
863 186 1513 253 Apos'roLORuM.
1571 181 1737 234 CAP.
1776 178 1964 228 15.16.

299 251 2190 302 .-.....----——--—-—-----—-

306 317 512 372 cle-ian
561 309 902 371 praecipiens,
952 298 1206 350 custodire

306 385 573 444 praecepta
590 376 950 437 Apostolorum
960 372 1013 418 et
1022 366 1207 416 Senio-

307 466 433 498 rum.

578 585 749 638 GAP.
797 581 941 633 XVI.

314 693 385 736 Dc
413 686 647 732 Timothei
676 679 1022 727 circumcisione.
1082 671 1212 714 Acci-

314 754 389 792 tur
404 759 488 802 per
504 744 720 786 visionem
740 734 908 778 Paulus
936 734 984 774 in
1003 728 1216 770 Macedo-

342 805 476 846 niam.
534 800 625 840 Res
644 797 697 837 ab
720 807 772 836 eo
790 787 1025 844 Philippis
1044 788 1187 837 gesta.

386 898 436 941 1.
469 888 711 940 Pervenit
738 886 903 931 autem
929 881 1134 926 Derben
1168 877 1220 921 et

320 964 601 1023 Lystrama.
668 955 736 1000 Et
763 948 901 998 ecce!
947 943 1218 1004 discipulus

322 1030 520 1088 quidam
549 1025 657 1073 erat
684 1021 769 1078 ibi,
808 1016 1013 1062 nomine
1044 1013 1221 1058 Timo-

321 1088 517 1152 theusb,
565 1091 695 1137 filius
740 1084 964 1132 mulieris
999 1080 1222 1126 Judaeae

322 1162 482 1212 fidelis
492 1167 531 1218 ⁰,
550 1158 692 1216 patre
714 1152 908 1212 gentili.

390 1233 438 1274 2.
489 1226 619 1273 Huic
654 1218 993 1269 testimonium
1038 1217 1222 1260 bonum

324 1296 616 1351 reddebant,
654 1290 741 1348 qui
768 1289 822 1334 in
846 1283 1043 1346 Lystris
1082 1280 1228 1327 erant

328 1369 379 1413 et
397 1363 571 1410 loonio
592 1361 791 1406 fratres.

398 1434 444 1477 3.
478 1430 625 1474 Hunc
656 1423 816 1470 voluit
839 1418 1023 1466 Paulus
1062 1425 1231 1460 secum

329 1495 581 1557 proficisci
593 1508 606 1550 3
620 1493 671 1537 et
689 1497 946 1534 assumens
968 1478 1230 1528 circumci-

330 1566 403 1610 dit
430 1576 569 1618 eum,
594 1558 803 1616 propter
839 1551 1058 1597 Iudaeos
1070 1541 1114 1606 ἅ,
1148 1545 1233 1602 qui

333 1632 478 1679 erant
520 1628 575 1672 in
620 1623 721 1670 illis
767 1619 909 1667 locis.
997 1613 1235 1662 Sciebant

335 1699 466 1746 enim
488 1704 678 1751 omnes,
692 1689 825 1748 quod
841 1687 985 1746 pater
996 1683 1105 1742 ejus
1127 1681 1239 1728 erat-

337 1763 568 1812 Gentilis.

402 1836 449 1878 4.
507 1833 631 1875 Cum
664 1827 833 1871 autem
870 1815 1239 1880 pertransirent

340 1901 587 1956 civitates,
606 1892 872 1940 tradebant
891 1888 963 1934 eis
984 1883 1236 1932 custodire

340 1969 589 2026 dogmata,
610 1975 736 2020 quae
758 1958 903 2005 erant
924 1953 1151 2001 decretae
1178 1950 1238 1994 ab

339 2032 597 2093 Apostolis
651 2030 703 2074 et
766 2022 1061 2071 Senioribus
1076 2050 1089 2077 ,
1155 2015 1240 2073 qui

343 2102 488 2148 erant
504 2092 850 2151 lerosolymis.

410 2170 455 2210 5.
491 2164 558 2208 Et
575 2158 834 2205 Ecclesiae
846 2152 1044 2211 quidem
1056 2150 1243 2196 confir-

342 2232 601 2279 mabantur
620 2225 731 2283 fide,
746 2227 797 2269 et
816 2218 1129 2267 abundabant
1146 2229 1243 2262 nu·-

342 2311 483 2346 mero
504 2291 742 2351 quotidie.

412 2368 457 2411 6.
495 2358 837 2408 Transeuntes
857 2348 1246 2410 autemPhrygi-

349 2449 445 2493 am,
466 2433 517 2478 et
536 2426 762 2474 Galatiae
783 2422 1068 2481 regionem,
1089 2416 1247 2464 vetati

348 2503 467 2549 sunt
494 2514 525 2544 a
552 2494 742 2553 Spiritu
770 2491 943 2537 sancto
969 2486 1109 2545 loqui
1128 2498 1246 2532 ver-

350 2574 466 2617 bum
482 2564 579 2612 Dei
597 2564 650 2608 in
669 2560 805 2606 Asia.

417 2639 464 2682 Ἰ.
511 2635 632 2679 Cum
679 2626 937 2674 venissent
982 2624 1148 2670 autem
1195 2619 1249 2664 in

352 2703 565 2761 Mysiam
581 2731 595 2759 ,
622 2696 881 2743 tentabant
907 2691 983 2735 ire
1002 2690 1057 2735 in
1073 2687 1248 2745 Bithy-

354 2770 513 2825 niam3
544 2771 595 2813 et
612 2777 717 2811 non
735 2758 960 2820 permisit
979 2768 1067 2802 eos
1088 2752 1249 2811 Spiri-

357 2838 434 2881 tus
454 2835 484 2878 J
487 2848 590 2879 esu.

422 2904 469 2944 8.
507 2902 628 2944 Cum
666 2901 830 2943 autem
863 2888 1256 2951 pertransissent

355 2966 569 3026 Mysiam
583 2996 597 3023 ,
662 2960 1027 3010 descenderunt
1088 2958 1253 3002 Troa-

358 3036 469 3081 dem
479 3024 531 3074 f·
996 3040 1001 3044 ·

404 3136 426 3157 Β
446 3140 478 3163 c.
500 3128 561 3168 14,
578 3128 614 3163 6.
634 3134 719 3171 sqq.
764 3123 781 3149 ὅ
800 3134 833 3158 c.
850 3125 917 3165 17,
938 3124 997 3159 14.
1024 3125 1091 3160 19.
1117 3121 1175 3155 22.
1194 3119 1256 3157 20,

359 3179 398 3214 4.
446 3171 625 3209 02Tim.
651 3174 695 3213 1,
720 3170 758 3205 ⁵.
805 3167 977 3205 alcor.
1002 3172 1048 3209 9,
1076 3168 1139 3201 20.
1187 3168 1255 3198 c«2.

357 3226 419 3265 15,
436 3225 499 3259 20.
546 3215 572 3249 f
590 3220 702 3258 c.2o‚
718 3218 754 3251 6.

1341 295 1386 336 9.
1421 289 1489 334 Et
1519 285 1646 332 visio
1673 295 1764 340 per
1790 283 1995 326 noctem
2013 278 2186 325 Paulo

1275 362 1478 406 ostensa
1497 355 1598 400 est:
1628 352 1720 396 Vir
1743 348 1954 394 Macedo
1976 347 2192 402 quidam

1277 429 1385 474 erat
1403 426 1540 469 stans
1553 450 1568 479 ,
1589 420 1640 466 et
1660 418 1936 474 deprecans
1957 427 2104 472 eum,
2135 419 2193 458 et

1279 494 1474 540 dicens:
1524 485 1802 532 Transiens
1845 482 1902 527 in
1937 481 2190 526 Macedo-

1277 561 1429 616 niam,
1451 555 1633 612 adjuva
1651 549 1770 597 nos!

1344 626 1426 670 10.
1461 624 1526 668 Ut
1545 623 1710 667 autem
1730 617 1896 662 visum
1915 613 2058 674 vidit,
2083 617 2194 660 sta-

1279 695 1370 740 tim
1388 687 1726 748 quaesivimus
1735 681 1991 742 proficisci
2009 681 2066 726 in
2075 683 2193 726 Ma-

1283 758 1561 814 cedoniam,
1601 753 1725 800 certi
1753 751 1892 809 facti,
1929 749 2068 806 quod
2096 761 2193 794 vo-

1285 829 1448 874 casset
1465 836 1559 870 nos
1569 822 1708 866 Deus
1720 817 2083 875 evangelizare
2103 815 2191 860 eis.

1351 895 1432 939 11.
1467 888 1775 946 Navigantes
1795 888 1964 930 autem
1985 885 2194 928 aTroa-

1287 963 1376 1020 de,
1405 961 1545 1006 recto
1576 967 1727 1002 cursu
1753 953 1982 998 venimus
2011 953 2194 996 Samo-

1288 1027 1545 1084 thraciam,
1567 1025 1617 1068 et
1636 1019 1862 1078 sequenti
1880 1017 1962 1062 die
1981 1018 2195 1074 Neapo-

1288 1097 1404 1154 limr,

1358 1164 1436 1210 12.
1474 1162 1525 1206 et
1543 1157 1659 1205 inde
1678 1153 1946 1210 Philippos,
1959 1163 2097 1206 quae
2120 1151 2201 1194 est

1291 1231 1451 1289 prima
1469 1225 1626 1285 partis
1645 1218 1967 1268 Macedoniae
1983 1216 2198 1274 civitas,

1294 1295 1514 1345 colonia.
1581 1293 1793 1338 Eramus
1821 1287 1987 1332 autem
2013 1283 2068 1328 in
2094 1282 2200 1328 hac

1295 1368 1417 1412 urbe
1439 1362 1611 1407 diebus
1631 1357 1838 1414 aliquot,
1851 1353 2197 1400 conferentes.

1363 1431 1443 1476 13.
1511 1427 1606 1473 Die
1659 1426 1824 1470 autem
1877 1421 2204 1466 sabbatorum

1298 1496 1491 1558 egressi
1510 1506 1678 1540 sumus
1690 1493 1826 1537 foras
1838 1490 2042 1546 portam
2054 1487 2202 1543 juxta

1297 1569 1508 1622 flumen,
1535 1561 1622 1608 ubi
1643 1559 1902 1605 videbatur
1934 1553 2098 1599 oratio
2120 1565 2201 1596 es-

1301 1639 1395 1683 see
1407 1646 1421 1690 3
1434 1632 1484 1677 et
1494 1629 1726 1676 sedentes
1745 1623 2078 1680 loquebamur
2093 1633 2200 1664 mu-

1300 1699 1526 1752 lieribus,
1548 1708 1673 1752 quae
1695 1691 2062 1738 convenerant.

1369 1769 1448 1812 14.
1483 1764 1551 1810 Et
1587 1759 1826 1818 quaedam
1861 1756 2073 1814 mulier,
2109 1767 2202 1798 no-

1301 1835 1436 1882 mine
1454 1830 1638 1890 Lydia,
1670 1824 1973 1886 purpuraria
1992 1821 2204 1869 civitatis

1307 1901 1756 1961 Thyatirenorum,
1806 1891 1983 1938 colens
2028 1890 2204 1946 Deum,

1307 1969 1522 2023 audivit3
1563 1964 1706 2021 cujus
1735 1959 1984 2006 Dominus
2013 1955 2208 2015 aperuit

1309 2050 1414 2094 cor,
1435 2032 1696 2081 intendere
1715 2029 1952 2087 his,quae
1974 2026 2206 2072 diceban-

1308 2105 1389 2149 tur
1409 2116 1438 2147 a
1455 2100 1634 2147 Paulo.

1376 2172 1456 2215 15.
1495 2170 1618 2213 Cum
1647 2166 1812 2210 autem
1840 2160 2093 2219 baptizata
2131 2171 2211 2203 es-

1311 2240 1404 2295 set,
1426 2239 1476 2282 et
1495 2236 1669 2280 domus
1690 2232 1817 2289 eius,
1832 2229 2102 2286 deprecata
2119 2227 2212 2281 est,

1313 2306 1508 2351 dicens:
1539 2302 1594 2348 Si
1617 2296 1879 2359 judicastis
1911 2309 1990 2341 me
2021 2292 2212 2339 fidelem

1311 2371 1530 2419 Domino
1553 2382 1664 2414 esse
1678 2398 1692 2425 ,
1713 2363 1922 2411 introite
1943 2362 2000 2407 in
2019 2361 2213 2406 domum

1312 2453 1489 2497 meam,
1511 2439 1562 2481 et
1579 2430 1799 2479 manete!
1829 2430 1897 2477 Et
1917 2429 2089 2486 coegit
2106 2439 2212 2471 nos.

1381 2509 1460 2551 16.
1494 2504 1702 2549 Factum
1740 2500 1817 2544 est
1851 2500 2022 2544 autem
2052 2494 2214 2541 eunti-

1314 2577 1404 2621 bus
1423 2571 1572 2617 nobis
1592 2569 1655 2615 ad
1675 2566 1976 2621 orationem,
1999 2560 2216 2619 puellam

1315 2639 1571 2697 quamdam
1591 2636 1856 2681 habentem
1875 2630 2104 2687 spiritum
2122 2641 2217 2685 py-

1315 2709 1400 2753 tho
1406 2720 1520 2752 nem
1532 2703 1738 2750 obviare
1749 2698 1914 2755 nobis,
1926 2710 2054 2753 quae
2065 2708 2217 2752 quae-

1317 2777 1446 2821 stum
1471 2783 1705 2829 magnum
1733 2766 2022 2825 praestabat
2059 2761 2216 2807 domi-

1318 2842 1396 2887 nis
1417 2840 1520 2887 suis
1543 2835 1831 2883 divinando.

1385 2910 1466 2953 17.
1499 2908 1636 2951 Haec
1657 2901 1924 2949 subsecuta
1941 2896 2147 2944 Paulum
2170 2898 2221 2941 et

1319 2990 1432 3035 nos,
1454 2973 1696 3020 clamabat
1715 2970 1909 3015 dicens:
1940 2964 2028 3011 Isti
2051 2962 2218 3008 homi-

1321 3056 1412 3090 nes
1449 3040 1584 3087 servi
1611 3037 1708 3083 Dei
1744 3032 1938 3082 excelsi
1965 3032 2096 3089 sunt,
2136 3028 2219 3086 qui

1322 3106 1630 3156 annunciant
1649 3103 1790 3150 vobis
1811 3102 1946 3146 viam
1965 3089 2200 3143 salutisb!

1366 3210 1392 3241 ε
1409 3216 1442 3241 e.
1459 3208 1519 3245 13,
1538 3203 1598 3239 14.
1615 3204 1676 3245 21,
1693 3201 1729 3237 5.
1777 3195 1797 3223 '⁸
1813 3196 1940 3233 Marc.
1959 3199 1997 3237 1,
2013 3195 2075 3229 24.
2093 3194 2156 3229 34.

480 3368 595 3423 Cap.
624 3360 731 3403 XV.
788 3362 857 3401 41.
888 3357 1065 3401 Desunt
1084 3356 1190 3399 inde
1209 3369 1240 3395 a
1267 3350 1549 3407 praecipiens
1565 3360 1696 3403 usque
1715 3347 1780 3387 ad
1797 3342 2032 3386 Senior-um
2054 3339 2221 3382 omnia.

362 3422 495 3467 XVI.
558 3426 599 3463 2.
632 3417 770 3459 Deest
794 3414 969 3453 bonum.
1034 3414 1075 3452 3.

365 3484 544 3527 sanct03
572 3474 680 3518 ibid.
713 3474 833 3513 deest
866 3467 970 3509 Dei.

371 3537 437 3575 12.
469 3529 727 3585 philippi„
746 3523 855 3567 ibid.
878 3523 1020 3576 prima
1040 3524 1184 3575 parte.

1107 3408 1288 3462 gentilis
1307 3410 1440 3449 esset.
1497 3409 1539 3445 4.
1571 3404 1647 3455 qui
1665 3404 1831 3444 essent.
1891 3400 1932 3441 6.
1965 3390 2021 3439 ab
2043 3396 2224 3451 Spiritu

1065 3469 1107 3507 Ἰ.
1148 3462 1402 3516 Bythiniam
1433 3460 1575 3515 (deest
1599 3458 1682 3513 in).
1759 3459 1826 3497 10.
1868 3455 1976 3509 quia
2003 3456 2216 3495 vocasset-
