2376 3925
858 161 1216 214 MARCUS.

306 266 605 321 loquebatur
659 265 734 310 eis
776 266 1017 324 verbum,
1062 265 1219 322 prout

304 333 543 389 poterunt
560 330 733 377 audire
746 344 763 389 3

374 401 455 444 34.
491 398 633 444 sine³
650 397 895 456 parabole
920 401 1089 445 autem
1104 410 1214 444 non

305 466 605 521 loquebatur
638 465 741 522 eis3
780 479 1013 513 seorsum
1046 467 1216 512 autem

307 531 564 589 discipulis
584 533 689 578 suis
712 533 990 580 disserebat
1008 532 1194 578 omnia.

372 599 453 644 35.
490 598 668 648 ‘Etait
685 599 788 648 illis
806 601 860 646 in
878 599 969 646 illa
988 599 1085 657 die,
1100 613 1212 644 cum

306 679 425 712 sero
456 669 594 714 esset
619 669 831 714 factum:
872 668 1212 712 Transeamus

308 733 509 780 contra!

372 802 454 846 36.
488 801 559 848 Et
575 801 880 846 dimittentes
898 801 1112 860 turbam,
1126 813 1211 846 as-

306 871 508 914 sumunt
526 882 641 914 eum
658 867 755 926 ita,
783 869 840 913 ut
860 871 970 914 erat
986 867 1041 912 in
1060 867 1210 926 navi3

307 939 359 980 et
376 935 505 980 aliae
524 947 685 980 naves
706 935 852 981 erant
871 949 984 980 cum
1001 934 1109 980 illo.

373 1003 453 1046 37.
485 1000 554 1046 Et
579 1003 713 1047 facta
740 1003 820 1048 est
846 1001 1075 1058 procella
1101 1011 1212 1047 ma·-

306 1081 406 1126 gna
423 1066 593 1126 venti,
625 1071 677 1114 et
702 1069 881 1114 fluctus
910 1069 1139 1116 mittebat
1157 1067 1214 1114 in

304 1134 491 1193 navim,
512 1135 584 1181 ita
603 1137 659 1181 ut
674 1135 970 1194 impleretur
988 1136 1153 1182 navis.

372 1202 452 1248 38.
478 1201 548 1248 Et
566 1205 676 1249 erut
692 1203 802 1261 ipse
820 1203 874 1249 in
894 1204 1049 1262 puppi
1062 1215 1214 1261 super

306 1269 529 1316 cervical
564 1270 850 1328 dormiens;
899 1273 949 1317 et
986 1271 1216 1317 excitant

305 1350 444 1396 eum,
492 1339 543 1384 et
578 1337 753 1384 dicunt
786 1337 889 1383 illi:
936 1334 1212 1396 Magister!

304 1417 411 1450 non
423 1404 486 1449 ad
503 1407 555 1450 te
574 1405 811 1465 pertinet,
822 1406 940 1462 quis.
957 1402 1213 1463 perimus?

374 1472 454 1516 39.
488 1471 557 1517 Et
584 1485 870 1530 exsurgens
883 1503 898 1532 ,
934 1472 1213 1518 comminu-

302 1540 385 1583 tus
401 1539 664 1599 estvento,
677 1542 729 1585 et
744 1539 877 1586 dixit
889 1540 1041 1586 mari:
1056 1541 1212 1598 Tace,

306 1605 618 1652 obmutesce!
657 1607 711 1652 et
745 1607 966 1653 cessavit
1000 1608 1213 1665 ventus,

308 1675 359 1719 et
375 1673 508 1719 factu
528 1676 607 1720 est
631 1673 970 1732 tranquillitas
988 1686 1187 1732 magna.

371 1743 454 1786 4⁰.
488 1741 559 1787 Et
594 1742 667 1788 ait
700 1742 829 1788 illis:
883 1742 1015 1795 Quid
1050 1741 1216 1788 timidi

306 1809 459 1854 estis?
491 1809 707 1855 necdum
724 1810 919 1857 habetis
940 1810 1118 1856 fidem?
1146 1809 1216 1856 Et

302 1877 580 1923 timuerunt
592 1877 775 1925 timore
788 1891 995 1938 magno,
1010 1881 1061 1924 et
1076 1877 1215 1924 dice-

302 1946 427 1990 bant
446 1944 509 1991 ad
529 1944 849 1994 alterutrum:
884 1946 1028 2005 Quis,
1048 1947 1213 2005 putas,

305 2013 384 2057 est
401 2012 523 2071 iste,
555 2013 673 2070 quia
700 2018 752 2061 et
780 2016 965 2060 ventus
993 2014 1046 2059 et
1068 2026 1210 2059 mure

304 2078 549 2124 obediunt
568 2080 650 2125 ei?

308 163 375 214 fio

605 2235 777 2288 CAP.
834 2238 902 2289 V.

300 2337 443 2389 Legio
479 2335 761 2378 Daemonum
806 2334 1004 2392 expulsu
1049 2351 1212 2393 porcos

300 2391 569 2445 ingreditur.
630 2390 799 2435 Mulier
818 2405 845 2433 a
864 2394 1086 2447 profluvio
1106 2406 1212 2436 sun-

300 2448 450 2527 guinis
484 2446 918 2547 liberatluer‘iditggiri
954 2448 1053 2492 filiu
1088 2450 1213 2493 vitae

368 2601 415 2644 1.
450 2598 555 2643 uEt
571 2600 829 2646 venerunt
853 2599 996 2644 trans
1024 2599 1212 2646 fretum

298 2665 453 2711 maris
472 2667 527 2711 in
536 2666 804 2725 regionem
816 2665 1208 2712 Gerasenorum.

366 2732 414 2777 2.
448 2732 517 2779 Et
529 2734 739 2781 exeunti
756 2732 802 2780 ei
814 2732 875 2780 de
890 2731 1029 2792 navi,
1043 2733 1212 2779 statim

300 2800 525 2845 occurrit
543 2801 603 2849 de
621 2800 963 2848 monumentis
980 2800 1134 2847 homo
1154 2799 1211 2847 in

300 2863 483 2922 spiritu
499 2865 774 2929 immunde,

366 2932 414 2977 3.
450 2932 538 2988 qui
574 2934 883 2983 domicilium
910 2935 1126 2983 habebat
1153 2934 1210 2980 in

344 3034 360 3054 ε
376 3024 524 3065 Μιῑῠι.
548 3032 611 3070 13,
636 3032 700 3067 34.
744 3032 819 3068 ‘w
844 3034 1023 3071 35—40.
1060 3031 1206 3069 Matth.

296 3078 336 3116 8,
364 3078 425 3112 180
452 3077 563 3111 23—
584 3078 645 3112 2⁷·
686 3074 789 3111 Luco
818 3080 855 3121 8,
880 3082 1049 3116 22—251
1124 3086 1147 3105 a
1163 3090 1206 3115 v·

297 3124 444 3159 1--17-
461 3120 607 3158 Mfltth·
624 3124 662 3164 Β)
680 3125 853 3163 28-34.
867 3124 972 3161 Luc·
982 3129 1021 3164 80
1031 3128 1205 3163 m-370

415 3268 529 3323 Cup.
558 3267 642 3311 IV.
726 3272 797 3311 35.
840 3266 938 3311 illis
974 3270 1057 3313 ills
1096 3273 1187 3315 die.

300 3328 373 3368 88.
404 3336 541 3379 supra
570 3322 777 3367 cervical.
834 3328 904 3367 39.
938 3329 1039 3368 tuce
1068 3332 1115 3370 et
1142 3329 1414 3372 chmutesce.

1291 160 1460 213 CAP.
1499 162 1550 212 4.
1572 163 1621 212 5.

1283 265 1650 323 monumentis,
1699 268 1751 310 et
1784 277 1949 321 neque
1993 267 2194 310 catenis

1279 331 1385 389 jum
1395 330 1572 388 quisqu
1577 344 1656 376 um
1669 333 1872 389 poterut
1881 343 1995 377 eum
2005 328 2042 376 li
2047 343 2193 388 gore3

1348 416 1396 460 4.
1437 415 1676 471 quoniam
1695 427 1846 472 saepe
1865 413 2192 472 compedibus

1283 483 1335 528 et
1353 482 1543 527 catenis
1563 481 1763 528 vinctus
1776 513 1790 540 ,
1813 480 2082 540 dirupisset
2101 497 2192 529 ca-

1279 551 1423 594 tenas
1437 579 1451 608 ,
1481 551 1533 595 et
1561 548 1830 606 compedes
1861 550 2192 596 comminuis-

1281 618 1376 674 set,
1389 618 1441 662 et
1456 628 1607 662 nemo
1625 617 1830 674 poterat
1841 630 1956 663 eum
1964 616 2189 664 domare.

1348 701 1396 744 5.
1429 698 1500 745 Et
1529 712 1728 756 semper
1757 695 1838 746 die
1867 713 1926 746 ac
1952 703 2102 747 nocte
2133 701 2191 747 in

1279 766 1636 825 monumentis,
1651 769 1701 813 et
1718 767 1773 812 in
1791 768 2046 814 montibus
2059 772 2187 826 erat,

1282 833 1502 879 clamans
1514 864 1530 894 ,
1563 835 1614 880 et
1631 833 1908 882 concidens
1927 848 1985 882 se
2004 835 2188 893 lapidi·

1280 903 1396 1013 buz..
1425 967 1617 1014 videns
1641 970 1810 1014 autem
1828 969 2000 1015 Iesum
2019 982 2052 1014 a
2069 968 2188 1014 lon-

1281 1049 1363 1097 ge,
1384 1035 1623 1094 cucurrit,
1644 1039 1696 1082 et
1713 1036 1947 1082 adoravit
1965 1049 2098 1096 eum,

1349 1120 1396 1164 Ἴ.
1435 1121 1486 1164 et
1505 1118 1725 1164 clamans
1743 1133 1874 1166 voce
1891 1133 2091 1178 magna,
2108 1120 2189 1166 di-

1279 1185 1423 1232 xitva
1439 1185 1570 1238 Quid
1587 1186 1728 1245 mihi,
1749 1189 1800 1232 et
1819 1187 1925 1245 tibi,
1944 1188 2067 1232 Iesu
2076 1217 2092 1246 ,
2114 1186 2192 1233 fili

1279 1251 1380 1299 Dei
1399 1251 1661 1298 altissimi?
1689 1253 1868 1311 adjuro
1895 1255 1946 1300 te
1970 1266 2058 1312 per
2075 1252 2188 1300 De·

1280 1319 1388 1366 um!
1407 1333 1474 1366 ne
1491 1333 1571 1366 me
1591 1322 1845 1378 torqueas.

1349 1403 1396 1446 8.
1432 1399 1644 1447 Dicebat
1663 1401 1798 1448 enim
1817 1399 1914 1448 illi:
1933 1401 2058 1461 Exi,
2079 1402 2190 1460 spi-

1281 1467 1408 1514 ritus
1427 1467 1697 1528 immunde,
1719 1470 1778 1514 ab
1796 1467 2022 1514 homine!

1349 1537 1396 1581 9.
1429 1534 1500 1582 Et
1516 1535 1862 1593 interrogabat
1880 1547 2018 1580 eum:
2035 1535 2188 1588 Quod

1280 1601 1374 1649 tibi
1391 1615 1578 1649 nomen
1599 1604 1705 1649 est?
1738 1601 1806 1647 Et
1830 1600 1949 1648 dicit
1967 1602 2044 1647 eit
2084 1604 2190 1649 Le-

1283 1670 1368 1728 gio
1394 1669 1519 1716 mihi
1543 1683 1732 1717 nomen
1759 1671 1860 1730 est,
1898 1670 2017 1726 quia
2041 1670 2190 1716 multi

1281 1749 1467 1784 sumus.

1350 1807 1431 1852 1⁰.
1465 1805 1535 1852 Et
1553 1805 1916 1863 deprecabatur
1928 1819 2042 1852 eum
2055 1805 2189 1852 mul-

1278 1874 1413 1932 tum,
1443 1887 1511 1921 ne
1530 1887 1585 1920 se
1612 1873 1900 1931 expelleret
1925 1876 2077 1921 extra
2103 1887 2191 1919 re-

1282 1940 1504 2000 gionem.

1347 2010 1431 2054 11.
1466 2008 1594 2055 Erat
1611 2010 1779 2055 autem
1796 2006 1867 2056 ibi
1885 2009 2023 2055 circa
2040 2020 2189 2055 mon·

1278 2077 1382 2121 tem
1406 2090 1537 2133 grex
1554 2089 1826 2135 porcorum
1846 2088 2077 2136 mugnus,
2096 2089 2190 2134 pa-

1282 2154 1449 2189 scens.

1349 2212 1429 2256 12.
1463 2211 1534 2257 Et
1547 2211 1945 2269 deprecabuntur
1957 2222 2069 2257 eum
2081 2209 2191 2269 spi-

1279 2277 1426 2337 ritus,
1448 2279 1672 2325 dicentes
1687 2279 1857 2324 :Mitte
1875 2290 1973 2324 nos
1991 2277 2048 2323 in
2063 2290 2190 2335 por-

1281 2344 1394 2391 cos!
1411 2346 1541 2391 utin
1559 2359 1650 2391 eos
1671 2345 2002 2392 introeamus.

1346 2426 1428 2471 13.
1462 2426 1532 2472 Et
1551 2425 1804 2472 concessit
1832 2425 1892 2477 ei·
1909 2424 2079 2471 statim
2096 2426 2187 2472 Je-

1279 2505 1382 2539 sus.
1448 2492 1517 2539 Et
1554 2497 1802 2539 exeuntes
1839 2492 2045 2550 spiritus
2091 2492 2188 2538 im-

1277 2558 1452 2605 mundi
1479 2560 1791 2607 introierunt
1815 2560 1871 2606 in
1889 2572 2104 2618 porcos;
2138 2566 2189 2605 et

1276 2640 1462 2685 magno
1491 2626 1681 2685 impetu
1709 2640 1841 2687 grex
1879 2626 2188 2685 praecipita-—

1276 2696 1358 2739 tus
1389 2696 1467 2739 est
1493 2694 1548 2739 in
1564 2708 1706 2742 mare
1736 2694 1799 2741 ad
1821 2694 1919 2741 duo
1938 2694 2116 2753 millia,
2138 2700 2188 2740 et

1277 2761 1512 2807 suffocati
1532 2765 1650 2808 sunt
1666 2762 1721 2807 in
1739 2761 1884 2808 mari.

1347 2830 1426 2873 14.
1461 2828 1560 2881 Qui
1588 2831 1756 2876 eutem
1783 2829 2060 2888 pascebant
2077 2840 2186 2886 eos,

1277 2895 1522 2955 fugerunt
1539 2899 1590 2943 et
1607 2897 1972 2943 nuntiaverunt
1989 2896 2043 2941 in
2057 2894 2187 2941 civi-

1275 2964 1458 3022 tatem,
1492 2965 1544 3010 et
1570 2964 1623 3010 in
1653 2977 1822 3023 agros.
1891 2963 1960 3009 Et
1992 2962 2189 3021 egressi

1275 3032 1396 3077 sunt
1412 3030 1609 3090 videre,
1631 3030 1749 3088 quid
1770 3033 1906 3077 esset
1922 3032 2135 3087 ἔασι-ωας

1319 3132 1340 3152 ²·
1359 3138 1394 3163 c.
1410 3131 1448 3169 1,
1466 3128 1530 3163 24.

1274 3276 1343 3316 36.
1814 3279 1885 3319 37.
1925 3277 1973 3317 in
2008 3288 2185 3319 navem.

1538 3328 1596 3371 V.
1629 3334 1670 3372 2.
1731 3330 1925 3374 occurrit
1945 3331 1988 3373 ei
2007 3330 2063 3373 de
2091 3344 2182 3372 mo-

1389 3274 1458 3315 itu
1494 3277 1546 3316 ut
1581 3280 1726 3317 erant.

300 3382 539 3424 numentis·
599 3384 641 3422 3.
672 3380 905 3433 quisquam
948 3394 1050 3423 eum
1083 3387 1282 3436 poterat.
1340 3388 1382 3427 4.
1417 3384 1702 3440 disrupisset.
1761 3390 1802 3429 5.
1833 3390 1965 3429 nocte
2001 3396 2058 3427 uc
2085 3386 2186 3435 die;

300 3434 407 3480 ibid.
436 3442 483 3479 et
510 3436 726 3479 clumam.
786 3438 828 3478 9.
858 3433 979 3487 legio
1016 3448 1179 3479 nomen
1217 3436 1341 3481 mihi.

304 3493 372 3532 14.
404 3493 513 3545 quid
530 3496 651 3536 esset
667 3492 799 3535 facti.

1404 3443 1472 3481 13.
1503 3440 1632 3483 milia
1657 3463 1711 3472 -
1738 3442 1787 3483 in
1820 3454 1944 3483 mure
1973 3440 2188 3499 (ultim).
