<?xml version="1.0" encoding="UTF-8"?>
<!DOCTYPE html PUBLIC "-//W3C//DTD XHTML 1.0 Transitional//EN"
    "http://www.w3.org/TR/xhtml1/DTD/xhtml1-transitional.dtd">
<html xmlns="http://www.w3.org/1999/xhtml" xml:lang="en" lang="en">
 <head>
  <title>
</title>
<meta http-equiv="Content-Type" content="text/html;charset=utf-8" />
  <meta name='ocr-system' content='tesseract 3.04.00' />
  <meta name='ocr-capabilities' content='ocr_page ocr_carea ocr_par ocr_line ocrx_word'/>
</head>
<body>
  <div class='ocr_page' id='page_1' title='image "./novumtestamentu01flecgoog_0124.png"; bbox 0 0 2376 3925; ppageno 0'>
   <div class='ocr_carea' id='block_1_1' title="bbox 250 125 317 178">
    <p class='ocr_par' dir='ltr' id='par_1_1' title="bbox 250 125 317 178">
     <span class='ocr_line' id='line_1_1' title="bbox 250 125 317 178; baseline 0.03 -2"><span class='ocrx_word' id='word_1_1' title='bbox 250 125 317 178; x_wconf 74' lang='lat'><strong>56</strong></span> 
     </span>
    </p>
   </div>
   <div class='ocr_carea' id='block_1_2' title="bbox 248 227 1163 1931">
    <p class='ocr_par' dir='ltr' id='par_1_2' title="bbox 252 227 1163 613">
     <span class='ocr_line' id='line_1_2' title="bbox 323 227 1160 284; baseline 0 -12"><span class='ocrx_word' id='word_1_2' title='bbox 323 229 405 272; x_wconf 91' lang='grc'><strong>12.</strong></span> <span class='ocrx_word' id='word_1_3' title='bbox 439 227 509 274; x_wconf 83' lang='lat' dir='ltr'><strong>Et</strong></span> <span class='ocrx_word' id='word_1_4' title='bbox 536 230 705 275; x_wconf 84' lang='lat' dir='ltr'><strong>statim</strong></span> <span class='ocrx_word' id='word_1_5' title='bbox 732 228 958 274; x_wconf 84' lang='lat' dir='ltr'><strong>surrexit</strong></span> <span class='ocrx_word' id='word_1_6' title='bbox 983 227 1071 274; x_wconf 88' lang='lat' dir='ltr'><strong>ille</strong></span> <span class='ocrx_word' id='word_1_7' title='bbox 1090 228 1160 284; x_wconf 86' lang='lat' dir='ltr'><strong>et,</strong></span> 
     </span>
     <span class='ocr_line' id='line_1_3' title="bbox 255 295 1163 354; baseline -0.002 -12"><span class='ocrx_word' id='word_1_8' title='bbox 255 295 452 342; x_wconf 87' lang='lat' dir='ltr'><strong>sublato</strong></span> <span class='ocrx_word' id='word_1_9' title='bbox 504 297 713 354; x_wconf 77' lang='lat' dir='ltr'><strong>grabato</strong></span> <span class='ocrx_word' id='word_1_10' title='bbox 726 328 742 350; x_wconf 93' lang='lat'><strong>,</strong></span> <span class='ocrx_word' id='word_1_11' title='bbox 815 295 941 342; x_wconf 80' lang='lat' dir='ltr'><strong>abiit</strong></span> <span class='ocrx_word' id='word_1_12' title='bbox 990 307 1163 341; x_wconf 89' lang='lat' dir='ltr'><strong>coram</strong></span> 
     </span>
     <span class='ocr_line' id='line_1_4' title="bbox 254 360 1159 419; baseline -0.001 -11"><span class='ocrx_word' id='word_1_13' title='bbox 254 360 486 408; x_wconf 84' lang='lat' dir='ltr'><strong>omnibus</strong></span> <span class='ocrx_word' id='word_1_14' title='bbox 503 395 522 419; x_wconf 92' lang='lat'><strong>,</strong></span> <span class='ocrx_word' id='word_1_15' title='bbox 560 364 629 409; x_wconf 88' lang='lat' dir='ltr'><strong>ita</strong></span> <span class='ocrx_word' id='word_1_16' title='bbox 652 366 705 409; x_wconf 86' lang='lat' dir='ltr'><strong>ut</strong></span> <span class='ocrx_word' id='word_1_17' title='bbox 724 362 1029 408; x_wconf 79' lang='lat' dir='ltr'>mirarentur</span> <span class='ocrx_word' id='word_1_18' title='bbox 1049 374 1159 407; x_wconf 91' lang='lat' dir='ltr'><strong>om-</strong></span> 
     </span>
     <span class='ocr_line' id='line_1_5' title="bbox 254 427 1158 487; baseline -0.001 -13"><span class='ocrx_word' id='word_1_19' title='bbox 254 444 363 487; x_wconf 85' lang='lat' dir='ltr'><strong>nes,</strong></span> <span class='ocrx_word' id='word_1_20' title='bbox 385 431 437 474; x_wconf 88' lang='lat' dir='ltr'><strong>et</strong></span> <span class='ocrx_word' id='word_1_21' title='bbox 453 430 851 476; x_wconf 79' lang='lat' dir='ltr'><strong>honorificarent</strong></span> <span class='ocrx_word' id='word_1_22' title='bbox 868 429 1048 486; x_wconf 87' lang='lat' dir='ltr'><strong>Deum,</strong></span> <span class='ocrx_word' id='word_1_23' title='bbox 1082 427 1158 474; x_wconf 85' lang='lat' dir='ltr'><strong>di-</strong></span> 
     </span>
     <span class='ocr_line' id='line_1_6' title="bbox 254 496 1158 554; baseline -0.001 -11"><span class='ocrx_word' id='word_1_24' title='bbox 254 499 452 543; x_wconf 79' lang='lat' dir='ltr'><strong>centes:</strong></span> <span class='ocrx_word' id='word_1_25' title='bbox 489 497 623 550; x_wconf 75' lang='lat' dir='ltr'><strong>Quia</strong></span> <span class='ocrx_word' id='word_1_26' title='bbox 648 510 905 554; x_wconf 86' lang='lat' dir='ltr'><strong>nunquam</strong></span> <span class='ocrx_word' id='word_1_27' title='bbox 934 496 1007 542; x_wconf 86' lang='lat' dir='ltr'><strong>sic</strong></span> <span class='ocrx_word' id='word_1_28' title='bbox 1030 496 1158 542; x_wconf 78' lang='lat' dir='ltr'><strong>vidi-</strong></span> 
     </span>
     <span class='ocr_line' id='line_1_7' title="bbox 252 563 386 613; baseline -0.022 0"><span class='ocrx_word' id='word_1_29' title='bbox 252 563 386 613; x_wconf 89' lang='lat' dir='ltr'><strong>mus!</strong></span> 
     </span>
    </p>

    <p class='ocr_par' dir='ltr' id='par_1_3' title="bbox 252 629 1161 825">
     <span class='ocr_line' id='line_1_8' title="bbox 320 629 1160 690; baseline -0.002 -14"><span class='ocrx_word' id='word_1_30' title='bbox 320 633 403 678; x_wconf 79' lang='grc'><strong>18.</strong></span> <span class='ocrx_word' id='word_1_31' title='bbox 434 630 457 660; x_wconf 67' lang='lat'><em>‘</em></span> <span class='ocrx_word' id='word_1_32' title='bbox 463 630 534 676; x_wconf 87' lang='lat' dir='ltr'><strong>Et</strong></span> <span class='ocrx_word' id='word_1_33' title='bbox 550 643 786 690; x_wconf 75' lang='lat' dir='ltr'><strong>egressus</strong></span> <span class='ocrx_word' id='word_1_34' title='bbox 806 632 885 677; x_wconf 84' lang='lat' dir='ltr'><strong>est</strong></span> <span class='ocrx_word' id='word_1_35' title='bbox 900 641 1077 675; x_wconf 86' lang='lat' dir='ltr'><strong>rursus</strong></span> <span class='ocrx_word' id='word_1_36' title='bbox 1097 629 1160 674; x_wconf 89' lang='lat' dir='ltr'><strong>ad</strong></span> 
     </span>
     <span class='ocr_line' id='line_1_9' title="bbox 252 696 1161 757; baseline -0.002 -12"><span class='ocrx_word' id='word_1_37' title='bbox 252 712 417 757; x_wconf 70' lang='lat' dir='ltr'><strong>mare,</strong></span> <span class='ocrx_word' id='word_1_38' title='bbox 455 699 719 755; x_wconf 84' lang='lat' dir='ltr'><strong>omnisque</strong></span> <span class='ocrx_word' id='word_1_39' title='bbox 746 699 895 744; x_wconf 84' lang='lat' dir='ltr'><strong>turba</strong></span> <span class='ocrx_word' id='word_1_40' title='bbox 921 696 1161 744; x_wconf 84' lang='lat' dir='ltr'><strong>veniebat</strong></span> 
     </span>
     <span class='ocr_line' id='line_1_10' title="bbox 254 766 894 825; baseline -0.005 -13"><span class='ocrx_word' id='word_1_41' title='bbox 254 767 317 812; x_wconf 88' lang='lat' dir='ltr'><strong>ad</strong></span> <span class='ocrx_word' id='word_1_42' title='bbox 336 780 467 825; x_wconf 90' lang='lat' dir='ltr'><strong>eum,</strong></span> <span class='ocrx_word' id='word_1_43' title='bbox 489 769 541 813; x_wconf 85' lang='lat' dir='ltr'><strong>et</strong></span> <span class='ocrx_word' id='word_1_44' title='bbox 558 766 771 812; x_wconf 82' lang='lat' dir='ltr'><strong>docebat</strong></span> <span class='ocrx_word' id='word_1_45' title='bbox 788 777 894 811; x_wconf 87' lang='lat' dir='ltr'><strong>eos.</strong></span> 
     </span>
    </p>

    <p class='ocr_par' dir='ltr' id='par_1_4' title="bbox 252 831 1162 1093">
     <span class='ocr_line' id='line_1_11' title="bbox 321 831 1161 890; baseline -0.002 -11"><span class='ocrx_word' id='word_1_46' title='bbox 321 836 400 882; x_wconf 76' lang='lat'><strong>14.</strong></span> <span class='ocrx_word' id='word_1_47' title='bbox 435 833 504 880; x_wconf 86' lang='lat' dir='ltr'><strong>Et</strong></span> <span class='ocrx_word' id='word_1_48' title='bbox 534 847 645 879; x_wconf 89' lang='lat' dir='ltr'><strong>cum</strong></span> <span class='ocrx_word' id='word_1_49' title='bbox 670 832 1001 890; x_wconf 63' lang='lat' dir='ltr'><strong>praeterint,</strong></span> <span class='ocrx_word' id='word_1_50' title='bbox 1032 831 1161 879; x_wconf 83' lang='lat' dir='ltr'><strong>vidit</strong></span> 
     </span>
     <span class='ocr_line' id='line_1_12' title="bbox 252 899 1159 958; baseline -0.006 -9"><span class='ocrx_word' id='word_1_51' title='bbox 252 902 384 949; x_wconf 84' lang='lat' dir='ltr'><strong>Levi</strong></span> <span class='ocrx_word' id='word_1_52' title='bbox 408 899 621 958; x_wconf 83' lang='lat' dir='ltr'><strong>Alphaei</strong></span> <span class='ocrx_word' id='word_1_53' title='bbox 654 899 910 946; x_wconf 80' lang='lat' dir='ltr'><strong>sedentem</strong></span> <span class='ocrx_word' id='word_1_54' title='bbox 942 900 1006 945; x_wconf 88' lang='lat' dir='ltr'><strong>ad</strong></span> <span class='ocrx_word' id='word_1_55' title='bbox 1024 899 1159 945; x_wconf 89' lang='lat' dir='ltr'><strong>telo-</strong></span> 
     </span>
     <span class='ocr_line' id='line_1_13' title="bbox 253 966 1162 1028; baseline -0.003 -13"><span class='ocrx_word' id='word_1_56' title='bbox 253 969 408 1028; x_wconf 89' lang='lat' dir='ltr'><strong>nium,</strong></span> <span class='ocrx_word' id='word_1_57' title='bbox 431 971 482 1013; x_wconf 89' lang='lat' dir='ltr'><strong>et</strong></span> <span class='ocrx_word' id='word_1_58' title='bbox 500 968 573 1013; x_wconf 88' lang='lat' dir='ltr'><strong>ait</strong></span> <span class='ocrx_word' id='word_1_59' title='bbox 589 966 692 1012; x_wconf 90' lang='lat' dir='ltr'><strong>illi:</strong></span> <span class='ocrx_word' id='word_1_60' title='bbox 715 968 941 1024; x_wconf 78' lang='lat' dir='ltr'>Sequere</span> <span class='ocrx_word' id='word_1_61' title='bbox 961 966 1061 1013; x_wconf 86' lang='lat' dir='ltr'><strong>me!</strong></span> <span class='ocrx_word' id='word_1_62' title='bbox 1092 966 1162 1012; x_wconf 87' lang='lat' dir='ltr'><strong>Et</strong></span> 
     </span>
     <span class='ocr_line' id='line_1_14' title="bbox 254 1035 937 1093; baseline -0.004 -11"><span class='ocrx_word' id='word_1_63' title='bbox 254 1048 468 1093; x_wconf 81' lang='lat' dir='ltr'><strong>surgens</strong></span> <span class='ocrx_word' id='word_1_64' title='bbox 488 1035 691 1082; x_wconf 86' lang='lat' dir='ltr'><strong>secutus</strong></span> <span class='ocrx_word' id='word_1_65' title='bbox 710 1035 789 1081; x_wconf 89' lang='lat' dir='ltr'><strong>est</strong></span> <span class='ocrx_word' id='word_1_66' title='bbox 807 1047 937 1080; x_wconf 91' lang='lat' dir='ltr'><strong>eum.</strong></span> 
     </span>
    </p>

    <p class='ocr_par' dir='ltr' id='par_1_5' title="bbox 248 1117 1161 1513">
     <span class='ocr_line' id='line_1_15' title="bbox 318 1117 1159 1177; baseline -0.001 -13"><span class='ocrx_word' id='word_1_67' title='bbox 318 1121 400 1164; x_wconf 78' lang='lat'><strong>15.</strong></span> <span class='ocrx_word' id='word_1_68' title='bbox 434 1117 504 1164; x_wconf 88' lang='lat' dir='ltr'><strong>Et</strong></span> <span class='ocrx_word' id='word_1_69' title='bbox 520 1119 707 1165; x_wconf 76' lang='lat' dir='ltr'><strong>factum</strong></span> <span class='ocrx_word' id='word_1_70' title='bbox 719 1120 814 1177; x_wconf 85' lang='lat' dir='ltr'><strong>est,</strong></span> <span class='ocrx_word' id='word_1_71' title='bbox 827 1131 941 1165; x_wconf 86' lang='lat' dir='ltr'><strong>cum</strong></span> <span class='ocrx_word' id='word_1_72' title='bbox 958 1131 1159 1164; x_wconf 85' lang='lat' dir='ltr'><strong>accum-</strong></span> 
     </span>
     <span class='ocr_line' id='line_1_16' title="bbox 251 1185 1159 1245; baseline -0.002 -12"><span class='ocrx_word' id='word_1_73' title='bbox 251 1188 394 1233; x_wconf 87' lang='lat' dir='ltr'><strong>beret</strong></span> <span class='ocrx_word' id='word_1_74' title='bbox 423 1186 479 1232; x_wconf 85' lang='lat' dir='ltr'><strong>in</strong></span> <span class='ocrx_word' id='word_1_75' title='bbox 504 1185 657 1232; x_wconf 89' lang='lat' dir='ltr'><strong>domo</strong></span> <span class='ocrx_word' id='word_1_76' title='bbox 688 1185 852 1245; x_wconf 89' lang='lat' dir='ltr'><strong>illius,</strong></span> <span class='ocrx_word' id='word_1_77' title='bbox 890 1186 1035 1232; x_wconf 89' lang='lat' dir='ltr'><strong>multi</strong></span> <span class='ocrx_word' id='word_1_78' title='bbox 1064 1199 1159 1244; x_wconf 85' lang='lat' dir='ltr'><strong>pu·</strong></span> 
     </span>
     <span class='ocr_line' id='line_1_17' title="bbox 248 1253 1159 1313; baseline -0.003 -12"><span class='ocrx_word' id='word_1_79' title='bbox 248 1253 465 1313; x_wconf 86' lang='lat' dir='ltr'><strong>blicani,</strong></span> <span class='ocrx_word' id='word_1_80' title='bbox 492 1256 545 1300; x_wconf 92' lang='lat' dir='ltr'><strong>et</strong></span> <span class='ocrx_word' id='word_1_81' title='bbox 560 1255 858 1312; x_wconf 87' lang='lat' dir='ltr'><strong>peccatores</strong></span> <span class='ocrx_word' id='word_1_82' title='bbox 886 1253 1037 1300; x_wconf 88' lang='lat' dir='ltr'><strong>simul</strong></span> <span class='ocrx_word' id='word_1_83' title='bbox 1054 1253 1159 1298; x_wconf 87' lang='lat' dir='ltr'><strong>dis-</strong></span> 
     </span>
     <span class='ocr_line' id='line_1_18' title="bbox 253 1321 1158 1380; baseline -0.002 -12"><span class='ocrx_word' id='word_1_84' title='bbox 253 1324 550 1369; x_wconf 87' lang='lat' dir='ltr'><strong>cumbebant</strong></span> <span class='ocrx_word' id='word_1_85' title='bbox 571 1337 684 1368; x_wconf 86' lang='lat' dir='ltr'><strong>cum</strong></span> <span class='ocrx_word' id='word_1_86' title='bbox 703 1322 733 1368; x_wconf 81' lang='lat' dir='ltr'><strong>J</strong></span> <span class='ocrx_word' id='word_1_87' title='bbox 736 1335 845 1380; x_wconf 89' lang='lat' dir='ltr'><strong>esu,</strong></span> <span class='ocrx_word' id='word_1_88' title='bbox 866 1324 919 1368; x_wconf 87' lang='lat' dir='ltr'><strong>et</strong></span> <span class='ocrx_word' id='word_1_89' title='bbox 936 1321 1158 1378; x_wconf 89' lang='lat' dir='ltr'><strong>discipu-</strong></span> 
     </span>
     <span class='ocr_line' id='line_1_19' title="bbox 250 1388 1161 1447; baseline 0 -13"><span class='ocrx_word' id='word_1_90' title='bbox 250 1390 314 1435; x_wconf 91' lang='lat' dir='ltr'><strong>lis</strong></span> <span class='ocrx_word' id='word_1_91' title='bbox 336 1389 445 1447; x_wconf 85' lang='lat' dir='ltr'><strong>eju</strong></span> <span class='ocrx_word' id='word_1_92' title='bbox 461 1404 476 1447; x_wconf 72' lang='grc' dir='ltr'><strong>ς</strong></span> <span class='ocrx_word' id='word_1_93' title='bbox 498 1392 645 1435; x_wconf 87' lang='lat' dir='ltr'><strong>erant</strong></span> <span class='ocrx_word' id='word_1_94' title='bbox 664 1389 800 1435; x_wconf 89' lang='lat' dir='ltr'><strong>enim</strong></span> <span class='ocrx_word' id='word_1_95' title='bbox 816 1389 984 1447; x_wconf 84' lang='lat' dir='ltr'><strong>multi,</strong></span> <span class='ocrx_word' id='word_1_96' title='bbox 1006 1388 1091 1445; x_wconf 90' lang='lat' dir='ltr'><strong>qui</strong></span> <span class='ocrx_word' id='word_1_97' title='bbox 1110 1390 1161 1434; x_wconf 91' lang='lat' dir='ltr'><strong>et</strong></span> 
     </span>
     <span class='ocr_line' id='line_1_20' title="bbox 250 1457 742 1513; baseline -0.004 -10"><span class='ocrx_word' id='word_1_98' title='bbox 250 1457 590 1513; x_wconf 75' lang='lat' dir='ltr'><strong>sequebantur</strong></span> <span class='ocrx_word' id='word_1_99' title='bbox 610 1469 742 1502; x_wconf 87' lang='lat' dir='ltr'><strong>eum.</strong></span> 
     </span>
    </p>

    <p class='ocr_par' dir='ltr' id='par_1_6' title="bbox 248 1532 1162 1931">
     <span class='ocr_line' id='line_1_21' title="bbox 320 1532 1160 1592; baseline -0.001 -14"><span class='ocrx_word' id='word_1_100' title='bbox 320 1535 401 1578; x_wconf 81' lang='grc'><strong>16.</strong></span> <span class='ocrx_word' id='word_1_101' title='bbox 438 1533 509 1579; x_wconf 88' lang='lat' dir='ltr'><strong>Et</strong></span> <span class='ocrx_word' id='word_1_102' title='bbox 545 1534 772 1592; x_wconf 74' lang='lat' dir='ltr'><strong>Sci-ibae,</strong></span> <span class='ocrx_word' id='word_1_103' title='bbox 812 1535 865 1579; x_wconf 91' lang='lat' dir='ltr'><strong>et</strong></span> <span class='ocrx_word' id='word_1_104' title='bbox 896 1532 1160 1578; x_wconf 83' lang='lat' dir='ltr'><strong>Pharisaei</strong></span> 
     </span>
     <span class='ocr_line' id='line_1_22' title="bbox 250 1600 1160 1659; baseline -0.003 -12"><span class='ocrx_word' id='word_1_105' title='bbox 250 1600 503 1659; x_wconf 81' lang='lat' dir='ltr'><strong>videntes,</strong></span> <span class='ocrx_word' id='word_1_106' title='bbox 545 1601 664 1658; x_wconf 90' lang='lat' dir='ltr'><strong>quia</strong></span> <span class='ocrx_word' id='word_1_107' title='bbox 688 1601 1017 1647; x_wconf 71' lang='lat' dir='ltr'><strong>manducaret</strong></span> <span class='ocrx_word' id='word_1_108' title='bbox 1047 1613 1160 1646; x_wconf 89' lang='lat' dir='ltr'><strong>cum</strong></span> 
     </span>
     <span class='ocr_line' id='line_1_23' title="bbox 248 1667 1159 1728; baseline -0.001 -14"><span class='ocrx_word' id='word_1_109' title='bbox 248 1667 547 1728; x_wconf 71' lang='lat' dir='ltr'><strong>publicanis,</strong></span> <span class='ocrx_word' id='word_1_110' title='bbox 562 1672 613 1715; x_wconf 88' lang='lat' dir='ltr'><strong>et</strong></span> <span class='ocrx_word' id='word_1_111' title='bbox 630 1669 1000 1728; x_wconf 86' lang='lat' dir='ltr'><strong>peccatoribus,</strong></span> <span class='ocrx_word' id='word_1_112' title='bbox 1018 1667 1159 1714; x_wconf 85' lang='lat' dir='ltr'><strong>dice-</strong></span> 
     </span>
     <span class='ocr_line' id='line_1_24' title="bbox 251 1737 1162 1795; baseline -0.001 -12"><span class='ocrx_word' id='word_1_113' title='bbox 251 1739 369 1783; x_wconf 89' lang='lat' dir='ltr'><strong>bant</strong></span> <span class='ocrx_word' id='word_1_114' title='bbox 398 1737 656 1794; x_wconf 78' lang='lat' dir='ltr'><strong>discipulis</strong></span> <span class='ocrx_word' id='word_1_115' title='bbox 686 1738 825 1795; x_wconf 84' lang='lat' dir='ltr'><strong>ejus:</strong></span> <span class='ocrx_word' id='word_1_116' title='bbox 857 1737 1026 1790; x_wconf 77' lang='lat' dir='ltr'><strong>Quare</strong></span> <span class='ocrx_word' id='word_1_117' title='bbox 1048 1749 1162 1782; x_wconf 86' lang='lat' dir='ltr'><strong>cum</strong></span> 
     </span>
     <span class='ocr_line' id='line_1_25' title="bbox 248 1804 1161 1863; baseline -0.001 -13"><span class='ocrx_word' id='word_1_118' title='bbox 248 1804 529 1862; x_wconf 74' lang='lat' dir='ltr'><strong>publicanis</strong></span> <span class='ocrx_word' id='word_1_119' title='bbox 540 1836 553 1863; x_wconf 90' lang='lat'>‚</span> <span class='ocrx_word' id='word_1_120' title='bbox 579 1807 631 1851; x_wconf 86' lang='lat' dir='ltr'><strong>et</strong></span> <span class='ocrx_word' id='word_1_121' title='bbox 647 1805 996 1862; x_wconf 85' lang='lat' dir='ltr'><strong>peccatoribus</strong></span> <span class='ocrx_word' id='word_1_122' title='bbox 1014 1816 1161 1850; x_wconf 87' lang='lat' dir='ltr'><strong>man-</strong></span> 
     </span>
     <span class='ocr_line' id='line_1_26' title="bbox 250 1871 1101 1931; baseline 0 -13"><span class='ocrx_word' id='word_1_123' title='bbox 250 1872 402 1919; x_wconf 85' lang='lat' dir='ltr'><strong>ducat</strong></span> <span class='ocrx_word' id='word_1_124' title='bbox 420 1875 471 1919; x_wconf 90' lang='lat' dir='ltr'><strong>et</strong></span> <span class='ocrx_word' id='word_1_125' title='bbox 488 1872 614 1920; x_wconf 87' lang='lat' dir='ltr'><strong>bibit</strong></span> <span class='ocrx_word' id='word_1_126' title='bbox 631 1873 877 1931; x_wconf 76' lang='lat' dir='ltr'><strong>Magister</strong></span> <span class='ocrx_word' id='word_1_127' title='bbox 897 1871 1101 1919; x_wconf 64' lang='lat' dir='ltr'><strong>vester?</strong></span> 
     </span>
    </p>
   </div>
   <div class='ocr_carea' id='block_1_3' title="bbox 247 1955 1163 2893">
    <p class='ocr_par' dir='ltr' id='par_1_7' title="bbox 250 1955 1161 2269">
     <span class='ocr_line' id='line_1_27' title="bbox 319 1955 1159 2003; baseline 0 -2"><span class='ocrx_word' id='word_1_128' title='bbox 319 1958 400 2003; x_wconf 81' lang='grc'><strong>17.</strong></span> <span class='ocrx_word' id='word_1_129' title='bbox 436 1958 547 2003; x_wconf 85' lang='lat' dir='ltr'><strong>Hoc</strong></span> <span class='ocrx_word' id='word_1_130' title='bbox 568 1956 738 2003; x_wconf 88' lang='lat' dir='ltr'><strong>audito</strong></span> <span class='ocrx_word' id='word_1_131' title='bbox 759 1958 908 2003; x_wconf 74' lang='lat' dir='ltr'><strong>Iesus</strong></span> <span class='ocrx_word' id='word_1_132' title='bbox 938 1956 1011 2002; x_wconf 85' lang='lat' dir='ltr'><strong>ait</strong></span> <span class='ocrx_word' id='word_1_133' title='bbox 1030 1955 1159 2003; x_wconf 87' lang='lat' dir='ltr'><strong>illis:</strong></span> 
     </span>
     <span class='ocr_line' id='line_1_28' title="bbox 250 2023 1161 2070; baseline 0 -2"><span class='ocrx_word' id='word_1_134' title='bbox 250 2024 370 2069; x_wconf 86' lang='lat' dir='ltr'><strong>Non</strong></span> <span class='ocrx_word' id='word_1_135' title='bbox 388 2030 634 2070; x_wconf 84' lang='lat' dir='ltr'><strong>necesse¹‘</strong></span> <span class='ocrx_word' id='word_1_136' title='bbox 650 2025 839 2069; x_wconf 85' lang='lat' dir='ltr'><strong>habent</strong></span> <span class='ocrx_word' id='word_1_137' title='bbox 867 2024 980 2070; x_wconf 86' lang='lat' dir='ltr'><strong>sani</strong></span> <span class='ocrx_word' id='word_1_138' title='bbox 997 2023 1161 2070; x_wconf 87' lang='lat' dir='ltr'><strong>medi-</strong></span> 
     </span>
     <span class='ocr_line' id='line_1_29' title="bbox 254 2090 1161 2148; baseline 0 -13"><span class='ocrx_word' id='word_1_139' title='bbox 254 2102 335 2147; x_wconf 83' lang='lat' dir='ltr'><strong>co,</strong></span> <span class='ocrx_word' id='word_1_140' title='bbox 378 2090 467 2135; x_wconf 85' lang='lat' dir='ltr'><strong>sed</strong></span> <span class='ocrx_word' id='word_1_141' title='bbox 504 2090 592 2146; x_wconf 91' lang='lat' dir='ltr'><strong>qui</strong></span> <span class='ocrx_word' id='word_1_142' title='bbox 630 2090 763 2135; x_wconf 90' lang='lat' dir='ltr'><strong>male</strong></span> <span class='ocrx_word' id='word_1_143' title='bbox 798 2090 1014 2148; x_wconf 81' lang='lat' dir='ltr'><strong>habent3</strong></span> <span class='ocrx_word' id='word_1_144' title='bbox 1052 2102 1161 2135; x_wconf 84' lang='lat' dir='ltr'><strong>non</strong></span> 
     </span>
     <span class='ocr_line' id='line_1_30' title="bbox 254 2156 1159 2216; baseline 0.004 -17"><span class='ocrx_word' id='word_1_145' title='bbox 254 2156 389 2200; x_wconf 86' lang='lat' dir='ltr'><strong>enim</strong></span> <span class='ocrx_word' id='word_1_146' title='bbox 399 2156 521 2201; x_wconf 84' lang='lat' dir='ltr'><strong>veni</strong></span> <span class='ocrx_word' id='word_1_147' title='bbox 532 2168 719 2202; x_wconf 85' lang='lat' dir='ltr'><strong>vocare</strong></span> <span class='ocrx_word' id='word_1_148' title='bbox 735 2156 921 2216; x_wconf 87' lang='lat' dir='ltr'><strong>justos,</strong></span> <span class='ocrx_word' id='word_1_149' title='bbox 937 2156 1027 2203; x_wconf 89' lang='lat' dir='ltr'><strong>sed</strong></span> <span class='ocrx_word' id='word_1_150' title='bbox 1038 2171 1159 2216; x_wconf 87' lang='lat' dir='ltr'><strong>pee-</strong></span> 
     </span>
     <span class='ocr_line' id='line_1_31' title="bbox 254 2226 471 2269; baseline -0.009 0"><span class='ocrx_word' id='word_1_151' title='bbox 254 2226 471 2269; x_wconf 86' lang='lat' dir='ltr'><strong>catores.</strong></span> 
     </span>
    </p>

    <p class='ocr_par' dir='ltr' id='par_1_8' title="bbox 247 2288 1163 2683">
     <span class='ocr_line' id='line_1_32' title="bbox 319 2288 1159 2350; baseline 0.004 -16"><span class='ocrx_word' id='word_1_152' title='bbox 319 2291 399 2334; x_wconf 88' lang='lat'><strong>18.</strong></span> <span class='ocrx_word' id='word_1_153' title='bbox 435 2288 505 2334; x_wconf 86' lang='lat' dir='ltr'><strong>Et</strong></span> <span class='ocrx_word' id='word_1_154' title='bbox 528 2291 675 2334; x_wconf 86' lang='lat' dir='ltr'><strong>erant</strong></span> <span class='ocrx_word' id='word_1_155' title='bbox 693 2288 1159 2350; x_wconf 84' lang='lat' dir='ltr'><strong>discipuliJoannis,</strong></span> 
     </span>
     <span class='ocr_line' id='line_1_33' title="bbox 254 2355 1160 2416; baseline 0 -12"><span class='ocrx_word' id='word_1_156' title='bbox 254 2361 307 2404; x_wconf 85' lang='lat' dir='ltr'><strong>et</strong></span> <span class='ocrx_word' id='word_1_157' title='bbox 323 2356 585 2403; x_wconf 75' lang='lat' dir='ltr'><strong>Pharisaei</strong></span> <span class='ocrx_word' id='word_1_158' title='bbox 598 2355 891 2413; x_wconf 80' lang='lat' dir='ltr'><strong>jejunantes</strong></span> <span class='ocrx_word' id='word_1_159' title='bbox 903 2389 916 2416; x_wconf 90' lang='lat'>‚</span> <span class='ocrx_word' id='word_1_160' title='bbox 939 2359 992 2404; x_wconf 83' lang='lat' dir='ltr'><strong>et</strong></span> <span class='ocrx_word' id='word_1_161' title='bbox 1009 2358 1160 2404; x_wconf 85' lang='lat' dir='ltr'><strong>veni-</strong></span> 
     </span>
     <span class='ocr_line' id='line_1_34' title="bbox 251 2422 1163 2486; baseline -0.001 -14"><span class='ocrx_word' id='word_1_162' title='bbox 251 2428 361 2486; x_wconf 80' lang='lat' dir='ltr'><strong>unt,</strong></span> <span class='ocrx_word' id='word_1_163' title='bbox 376 2428 429 2472; x_wconf 87' lang='lat' dir='ltr'><strong>et</strong></span> <span class='ocrx_word' id='word_1_164' title='bbox 445 2423 620 2471; x_wconf 84' lang='lat' dir='ltr'><strong>dicunt</strong></span> <span class='ocrx_word' id='word_1_165' title='bbox 638 2422 739 2470; x_wconf 86' lang='lat' dir='ltr'><strong>illi:</strong></span> <span class='ocrx_word' id='word_1_166' title='bbox 757 2424 925 2477; x_wconf 75' lang='lat' dir='ltr'><strong>Quare</strong></span> <span class='ocrx_word' id='word_1_167' title='bbox 938 2424 1163 2484; x_wconf 81' lang='lat' dir='ltr'><strong>discipu-</strong></span> 
     </span>
     <span class='ocr_line' id='line_1_35' title="bbox 252 2490 1162 2551; baseline 0.002 -14"><span class='ocrx_word' id='word_1_168' title='bbox 252 2493 286 2538; x_wconf 83' lang='lat' dir='ltr'><strong>li</strong></span> <span class='ocrx_word' id='word_1_169' title='bbox 300 2493 513 2539; x_wconf 84' lang='lat' dir='ltr'><strong>Joannis</strong></span> <span class='ocrx_word' id='word_1_170' title='bbox 534 2493 587 2537; x_wconf 90' lang='lat' dir='ltr'><strong>et</strong></span> <span class='ocrx_word' id='word_1_171' title='bbox 618 2490 1007 2538; x_wconf 77' lang='lat' dir='ltr'><strong>Pharisaeorum</strong></span> <span class='ocrx_word' id='word_1_172' title='bbox 1021 2491 1162 2551; x_wconf 86' lang='lat' dir='ltr'><strong>jeju-</strong></span> 
     </span>
     <span class='ocr_line' id='line_1_36' title="bbox 250 2558 1162 2620; baseline 0.003 -16"><span class='ocrx_word' id='word_1_173' title='bbox 250 2562 401 2620; x_wconf 88' lang='lat' dir='ltr'><strong>nant,</strong></span> <span class='ocrx_word' id='word_1_174' title='bbox 422 2560 496 2607; x_wconf 88' lang='lat' dir='ltr'><strong>tui</strong></span> <span class='ocrx_word' id='word_1_175' title='bbox 515 2560 683 2605; x_wconf 87' lang='lat' dir='ltr'><strong>autem</strong></span> <span class='ocrx_word' id='word_1_176' title='bbox 701 2558 935 2617; x_wconf 88' lang='lat' dir='ltr'><strong>discipuli</strong></span> <span class='ocrx_word' id='word_1_177' title='bbox 952 2574 1061 2607; x_wconf 88' lang='lat' dir='ltr'><strong>non</strong></span> <span class='ocrx_word' id='word_1_178' title='bbox 1076 2560 1162 2618; x_wconf 84' lang='lat' dir='ltr'><strong>je·-</strong></span> 
     </span>
     <span class='ocr_line' id='line_1_37' title="bbox 247 2627 463 2683; baseline 0.019 -13"><span class='ocrx_word' id='word_1_179' title='bbox 247 2627 463 2683; x_wconf 70' lang='lat' dir='ltr'><strong>juuant‘!</strong></span> 
     </span>
    </p>

    <p class='ocr_par' dir='ltr' id='par_1_9' title="bbox 252 2693 1163 2893">
     <span class='ocr_line' id='line_1_38' title="bbox 318 2693 1163 2751; baseline 0.002 -14"><span class='ocrx_word' id='word_1_180' title='bbox 318 2695 399 2739; x_wconf 82' lang='grc'><strong>19.</strong></span> <span class='ocrx_word' id='word_1_181' title='bbox 432 2694 502 2741; x_wconf 86' lang='lat' dir='ltr'><strong>Et</strong></span> <span class='ocrx_word' id='word_1_182' title='bbox 518 2694 590 2742; x_wconf 85' lang='lat' dir='ltr'><strong>ait</strong></span> <span class='ocrx_word' id='word_1_183' title='bbox 609 2693 711 2741; x_wconf 87' lang='lat' dir='ltr'><strong>illis</strong></span> <span class='ocrx_word' id='word_1_184' title='bbox 722 2695 754 2739; x_wconf 77' lang='lat' dir='ltr'><strong>J</strong></span> <span class='ocrx_word' id='word_1_185' title='bbox 756 2707 871 2740; x_wconf 91' lang='lat' dir='ltr'><strong>esus</strong></span> <span class='ocrx_word' id='word_1_186' title='bbox 884 2707 897 2739; x_wconf 79' lang='lat' dir='ltr'><strong>t</strong></span> <span class='ocrx_word' id='word_1_187' title='bbox 909 2693 1163 2751; x_wconf 80' lang='lat' dir='ltr'><strong>Numquid</strong></span> 
     </span>
     <span class='ocr_line' id='line_1_39' title="bbox 252 2760 1161 2821; baseline 0.004 -18"><span class='ocrx_word' id='word_1_188' title='bbox 252 2764 466 2815; x_wconf 83' lang='lat' dir='ltr'><strong>possunt</strong></span> <span class='ocrx_word' id='word_1_189' title='bbox 484 2761 575 2808; x_wconf 83' lang='lat' dir='ltr'><strong>filii</strong></span> <span class='ocrx_word' id='word_1_190' title='bbox 596 2762 904 2821; x_wconf 80' lang='lat' dir='ltr'><strong>nuptiarum,</strong></span> <span class='ocrx_word' id='word_1_191' title='bbox 926 2760 1161 2819; x_wconf 84' lang='lat' dir='ltr'><strong>quamdiu</strong></span> 
     </span>
     <span class='ocr_line' id='line_1_40' title="bbox 253 2828 1162 2893; baseline 0.004 -22"><span class='ocrx_word' id='word_1_192' title='bbox 253 2839 469 2883; x_wconf 85' lang='lat' dir='ltr'><strong>sponsus</strong></span> <span class='ocrx_word' id='word_1_193' title='bbox 499 2842 611 2875; x_wconf 85' lang='lat' dir='ltr'><strong>cum</strong></span> <span class='ocrx_word' id='word_1_194' title='bbox 637 2830 739 2877; x_wconf 89' lang='lat' dir='ltr'><strong>illis</strong></span> <span class='ocrx_word' id='word_1_195' title='bbox 770 2832 872 2893; x_wconf 89' lang='lat' dir='ltr'><strong>est,</strong></span> <span class='ocrx_word' id='word_1_196' title='bbox 888 2828 1162 2889; x_wconf 58' lang='lat' dir='ltr'><strong>jejunare?</strong></span> 
     </span>
    </p>
   </div>
   <div class='ocr_carea' id='block_1_4' title="bbox 250 2945 1161 3035">
    <p class='ocr_par' dir='ltr' id='par_1_10' title="bbox 250 2945 1161 3035">
     <span class='ocr_line' id='line_1_41' title="bbox 298 2945 1161 2992; baseline 0.009 -13"><span class='ocrx_word' id='word_1_197' title='bbox 298 2946 317 2970; x_wconf 60' lang='lat' dir='ltr'><strong>t</strong></span> <span class='ocrx_word' id='word_1_198' title='bbox 333 2954 373 2980; x_wconf 82' lang='lat' dir='ltr'><strong>v.</strong></span> <span class='ocrx_word' id='word_1_199' title='bbox 391 2947 562 2981; x_wconf 84' lang='lat'><strong>13—22.</strong></span> <span class='ocrx_word' id='word_1_200' title='bbox 596 2945 741 2985; x_wconf 75' lang='lat' dir='ltr'><strong>Matth.</strong></span> <span class='ocrx_word' id='word_1_201' title='bbox 767 2954 805 2991; x_wconf 80' lang='lat'><strong>9,</strong></span> <span class='ocrx_word' id='word_1_202' title='bbox 830 2953 967 2989; x_wconf 79' lang='lat'><strong>9—17.</strong></span> <span class='ocrx_word' id='word_1_203' title='bbox 1002 2948 1105 2987; x_wconf 83' lang='lat' dir='ltr'><strong>Luc.</strong></span> <span class='ocrx_word' id='word_1_204' title='bbox 1122 2949 1161 2992; x_wconf 75' lang='lat'><strong>5,</strong></span> 
     </span>
     <span class='ocr_line' id='line_1_42' title="bbox 250 2990 888 3035; baseline 0.008 -8"><span class='ocrx_word' id='word_1_205' title='bbox 250 2994 419 3029; x_wconf 75' lang='lat'><strong>27—39.</strong></span> <span class='ocrx_word' id='word_1_206' title='bbox 464 2997 488 3015; x_wconf 81' lang='lat'><strong>¹⁸</strong></span> <span class='ocrx_word' id='word_1_207' title='bbox 502 2990 649 3028; x_wconf 72' lang='lat' dir='ltr'><strong>Matth.</strong></span> <span class='ocrx_word' id='word_1_208' title='bbox 666 2998 704 3035; x_wconf 82' lang='lat'><strong>9,</strong></span> <span class='ocrx_word' id='word_1_209' title='bbox 722 2998 888 3034; x_wconf 82' lang='lat'><strong>11—13.</strong></span> 
     </span>
    </p>
   </div>
   <div class='ocr_carea' id='block_1_5' title="bbox 852 122 1538 176">
    <p class='ocr_par' dir='ltr' id='par_1_11' title="bbox 852 122 1538 176">
     <span class='ocr_line' id='line_1_43' title="bbox 852 122 1538 176; baseline -0.009 1"><span class='ocrx_word' id='word_1_210' title='bbox 852 122 1208 176; x_wconf 85' lang='lat' dir='ltr'><strong>MARCUS.</strong></span> <span class='ocrx_word' id='word_1_211' title='bbox 1279 122 1450 173; x_wconf 78' lang='lat' dir='ltr'><strong>CAP.</strong></span> <span class='ocrx_word' id='word_1_212' title='bbox 1489 123 1538 172; x_wconf 81' lang='lat'><strong>2.</strong></span> 
     </span>
    </p>
   </div>
   <div class='ocr_carea' id='block_1_6' title="bbox 1224 223 2150 2845">
    <p class='ocr_par' dir='ltr' id='par_1_12' title="bbox 1227 223 2148 351">
     <span class='ocr_line' id='line_1_44' title="bbox 1229 223 2148 283; baseline 0.002 -12"><span class='ocrx_word' id='word_1_213' title='bbox 1229 225 1430 278; x_wconf 78' lang='lat' dir='ltr'><strong>Quanto</strong></span> <span class='ocrx_word' id='word_1_214' title='bbox 1466 227 1697 283; x_wconf 85' lang='lat' dir='ltr'><strong>tempore</strong></span> <span class='ocrx_word' id='word_1_215' title='bbox 1733 223 1920 270; x_wconf 84' lang='lat' dir='ltr'><strong>habent</strong></span> <span class='ocrx_word' id='word_1_216' title='bbox 1966 238 2148 273; x_wconf 83' lang='lat' dir='ltr'><strong>secum</strong></span> 
     </span>
     <span class='ocr_line' id='line_1_45' title="bbox 1227 291 2121 351; baseline 0 -13"><span class='ocrx_word' id='word_1_217' title='bbox 1227 305 1486 351; x_wconf 68' lang='lat' dir='ltr'><strong>sponsum,</strong></span> <span class='ocrx_word' id='word_1_218' title='bbox 1507 305 1616 338; x_wconf 88' lang='lat' dir='ltr'><strong>non</strong></span> <span class='ocrx_word' id='word_1_219' title='bbox 1633 292 1849 349; x_wconf 82' lang='lat' dir='ltr'><strong>possunt</strong></span> <span class='ocrx_word' id='word_1_220' title='bbox 1861 291 2121 349; x_wconf 81' lang='lat' dir='ltr'><strong>jeJ&#39;unare.</strong></span> 
     </span>
    </p>

    <p class='ocr_par' dir='ltr' id='par_1_13' title="bbox 1225 358 2147 552">
     <span class='ocr_line' id='line_1_46' title="bbox 1294 358 2144 419; baseline 0.004 -15"><span class='ocrx_word' id='word_1_221' title='bbox 1294 361 1374 405; x_wconf 85' lang='grc'><strong>20.</strong></span> <span class='ocrx_word' id='word_1_222' title='bbox 1409 359 1626 405; x_wconf 78' lang='lat' dir='ltr'><strong>Venient</strong></span> <span class='ocrx_word' id='word_1_223' title='bbox 1653 360 1828 405; x_wconf 69' lang='lat' dir='ltr'><strong>autem</strong></span> <span class='ocrx_word' id='word_1_224' title='bbox 1857 358 1994 419; x_wconf 84' lang='lat' dir='ltr'><strong>dies,</strong></span> <span class='ocrx_word' id='word_1_225' title='bbox 2025 375 2144 407; x_wconf 86' lang='lat' dir='ltr'><strong>cum</strong></span> 
     </span>
     <span class='ocr_line' id='line_1_47' title="bbox 1225 427 2147 486; baseline 0.002 -13"><span class='ocrx_word' id='word_1_226' title='bbox 1225 428 1485 474; x_wconf 82' lang='lat' dir='ltr'><strong>auferetur</strong></span> <span class='ocrx_word' id='word_1_227' title='bbox 1536 429 1598 472; x_wconf 86' lang='lat' dir='ltr'><strong>ab</strong></span> <span class='ocrx_word' id='word_1_228' title='bbox 1655 427 1730 473; x_wconf 89' lang='lat' dir='ltr'><strong>eis</strong></span> <span class='ocrx_word' id='word_1_229' title='bbox 1783 439 2030 486; x_wconf 81' lang='lat' dir='ltr'><strong>sponsus3</strong></span> <span class='ocrx_word' id='word_1_230' title='bbox 2090 431 2147 475; x_wconf 85' lang='lat' dir='ltr'><strong>et</strong></span> 
     </span>
     <span class='ocr_line' id='line_1_48' title="bbox 1226 493 2108 552; baseline 0.001 -12"><span class='ocrx_word' id='word_1_231' title='bbox 1226 496 1379 540; x_wconf 72' lang='lat' dir='ltr'><strong>tunc⁹</strong></span> <span class='ocrx_word' id='word_1_232' title='bbox 1392 493 1698 552; x_wconf 83' lang='lat' dir='ltr'><strong>jejunabunt</strong></span> <span class='ocrx_word' id='word_1_233' title='bbox 1715 494 1771 539; x_wconf 87' lang='lat' dir='ltr'><strong>in</strong></span> <span class='ocrx_word' id='word_1_234' title='bbox 1789 493 1893 540; x_wconf 90' lang='lat' dir='ltr'><strong>illis</strong></span> <span class='ocrx_word' id='word_1_235' title='bbox 1913 493 2108 542; x_wconf 81' lang='lat' dir='ltr'><strong>diebus.</strong></span> 
     </span>
    </p>

    <p class='ocr_par' dir='ltr' id='par_1_14' title="bbox 1226 563 2145 824">
     <span class='ocr_line' id='line_1_49' title="bbox 1293 563 2145 620; baseline 0.001 -13"><span class='ocrx_word' id='word_1_236' title='bbox 1293 563 1375 607; x_wconf 85' lang='lat'><strong>21.</strong></span> <span class='ocrx_word' id='word_1_237' title='bbox 1409 563 1570 607; x_wconf 85' lang='lat' dir='ltr'><strong>Nemo</strong></span> <span class='ocrx_word' id='word_1_238' title='bbox 1609 563 1953 608; x_wconf 80' lang='lat' dir='ltr'><strong>assumentum</strong></span> <span class='ocrx_word' id='word_1_239' title='bbox 1981 563 2145 620; x_wconf 88' lang='lat' dir='ltr'><strong>panni</strong></span> 
     </span>
     <span class='ocr_line' id='line_1_50' title="bbox 1227 628 2140 688; baseline 0.002 -14"><span class='ocrx_word' id='word_1_240' title='bbox 1227 628 1366 678; x_wconf 89' lang='lat' dir='ltr'><strong>rudis</strong></span> <span class='ocrx_word' id='word_1_241' title='bbox 1404 629 1564 676; x_wconf 81' lang='lat' dir='ltr'><strong>assuit</strong></span> <span class='ocrx_word' id='word_1_242' title='bbox 1598 629 1908 675; x_wconf 79' lang='lat' dir='ltr'><strong>vestimento</strong></span> <span class='ocrx_word' id='word_1_243' title='bbox 1943 630 2140 688; x_wconf 78' lang='lat' dir='ltr'><strong>veteri3</strong></span> 
     </span>
     <span class='ocr_line' id='line_1_51' title="bbox 1228 696 2142 754; baseline 0 -12"><span class='ocrx_word' id='word_1_244' title='bbox 1228 696 1456 754; x_wconf 88' lang='lat' dir='ltr'><strong>alioquin</strong></span> <span class='ocrx_word' id='word_1_245' title='bbox 1510 698 1678 743; x_wconf 80' lang='lat' dir='ltr'><strong>aufert</strong></span> <span class='ocrx_word' id='word_1_246' title='bbox 1734 697 2142 754; x_wconf 88' lang='lat' dir='ltr'><strong>supplementum</strong></span> 
     </span>
     <span class='ocr_line' id='line_1_52' title="bbox 1226 764 2141 824; baseline 0.002 -15"><span class='ocrx_word' id='word_1_247' title='bbox 1226 764 1648 824; x_wconf 85' lang='lat' dir='ltr'><strong>novumaveteri,</strong></span> <span class='ocrx_word' id='word_1_248' title='bbox 1661 766 1715 810; x_wconf 94' lang='lat' dir='ltr'><strong>et</strong></span> <span class='ocrx_word' id='word_1_249' title='bbox 1731 764 1898 822; x_wconf 88' lang='lat' dir='ltr'><strong>major</strong></span> <span class='ocrx_word' id='word_1_250' title='bbox 1916 765 2141 811; x_wconf 85' lang='lat' dir='ltr'><strong>scissura</strong></span> 
     </span>
    </p>

    <p class='ocr_par' dir='ltr' id='par_1_15' title="bbox 1224 897 2142 1282">
     <span class='ocr_line' id='line_1_53' title="bbox 1295 897 2141 945; baseline 0 -1"><span class='ocrx_word' id='word_1_251' title='bbox 1295 900 1376 944; x_wconf 87' lang='grc'><strong>22.</strong></span> <span class='ocrx_word' id='word_1_252' title='bbox 1411 897 1480 944; x_wconf 85' lang='lat' dir='ltr'><strong>Et</strong></span> <span class='ocrx_word' id='word_1_253' title='bbox 1497 910 1648 945; x_wconf 85' lang='lat' dir='ltr'><strong>nemo</strong></span> <span class='ocrx_word' id='word_1_254' title='bbox 1667 898 1823 945; x_wconf 83' lang='lat' dir='ltr'><strong>mittit</strong></span> <span class='ocrx_word' id='word_1_255' title='bbox 1843 899 2018 944; x_wconf 86' lang='lat' dir='ltr'><strong>vinum</strong></span> <span class='ocrx_word' id='word_1_256' title='bbox 2038 911 2141 945; x_wconf 86' lang='lat' dir='ltr'><strong>no-</strong></span> 
     </span>
     <span class='ocr_line' id='line_1_54' title="bbox 1227 965 2142 1024; baseline 0.001 -12"><span class='ocrx_word' id='word_1_257' title='bbox 1227 979 1347 1012; x_wconf 90' lang='lat' dir='ltr'><strong>vum</strong></span> <span class='ocrx_word' id='word_1_258' title='bbox 1378 966 1433 1011; x_wconf 92' lang='lat' dir='ltr'><strong>in</strong></span> <span class='ocrx_word' id='word_1_259' title='bbox 1457 969 1598 1013; x_wconf 87' lang='lat' dir='ltr'><strong>utres</strong></span> <span class='ocrx_word' id='word_1_260' title='bbox 1637 968 1870 1024; x_wconf 80' lang='lat' dir='ltr'><strong>veteres3</strong></span> <span class='ocrx_word' id='word_1_261' title='bbox 1907 965 2142 1023; x_wconf 86' lang='lat' dir='ltr'><strong>alioquin</strong></span> 
     </span>
     <span class='ocr_line' id='line_1_55' title="bbox 1227 1033 2142 1092; baseline 0 -12"><span class='ocrx_word' id='word_1_262' title='bbox 1227 1033 1479 1092; x_wconf 80' lang='lat' dir='ltr'><strong>dirumpet</strong></span> <span class='ocrx_word' id='word_1_263' title='bbox 1497 1033 1674 1080; x_wconf 87' lang='lat' dir='ltr'><strong>vinum</strong></span> <span class='ocrx_word' id='word_1_264' title='bbox 1694 1037 1831 1080; x_wconf 85' lang='lat' dir='ltr'><strong>utres</strong></span> <span class='ocrx_word' id='word_1_265' title='bbox 1843 1063 1860 1092; x_wconf 86' lang='lat'>‚</span> <span class='ocrx_word' id='word_1_266' title='bbox 1890 1036 1944 1080; x_wconf 87' lang='lat' dir='ltr'><strong>et</strong></span> <span class='ocrx_word' id='word_1_267' title='bbox 1960 1034 2142 1080; x_wconf 84' lang='lat' dir='ltr'><strong>vinum</strong></span> 
     </span>
     <span class='ocr_line' id='line_1_56' title="bbox 1229 1101 2140 1160; baseline 0.002 -14"><span class='ocrx_word' id='word_1_268' title='bbox 1229 1101 1533 1158; x_wconf 74' lang='lat' dir='ltr'><strong>effundetur,</strong></span> <span class='ocrx_word' id='word_1_269' title='bbox 1548 1103 1599 1146; x_wconf 88' lang='lat' dir='ltr'><strong>et</strong></span> <span class='ocrx_word' id='word_1_270' title='bbox 1616 1102 1756 1147; x_wconf 82' lang='lat' dir='ltr'><strong>utres</strong></span> <span class='ocrx_word' id='word_1_271' title='bbox 1773 1101 2032 1160; x_wconf 84' lang='lat' dir='ltr'><strong>peribunt;</strong></span> <span class='ocrx_word' id='word_1_272' title='bbox 2045 1102 2140 1148; x_wconf 86' lang='lat' dir='ltr'><strong>sed</strong></span> 
     </span>
     <span class='ocr_line' id='line_1_57' title="bbox 1227 1167 2140 1216; baseline 0 -2"><span class='ocrx_word' id='word_1_273' title='bbox 1227 1169 1404 1214; x_wconf 88' lang='lat' dir='ltr'><strong>vinum</strong></span> <span class='ocrx_word' id='word_1_274' title='bbox 1421 1181 1614 1216; x_wconf 81' lang='lat' dir='ltr'><strong>novum</strong></span> <span class='ocrx_word' id='word_1_275' title='bbox 1625 1167 1680 1214; x_wconf 88' lang='lat' dir='ltr'><strong>in</strong></span> <span class='ocrx_word' id='word_1_276' title='bbox 1690 1171 1830 1216; x_wconf 87' lang='lat' dir='ltr'><strong>utres</strong></span> <span class='ocrx_word' id='word_1_277' title='bbox 1841 1181 2004 1215; x_wconf 83' lang='lat' dir='ltr'><strong>novos</strong></span> <span class='ocrx_word' id='word_1_278' title='bbox 2014 1169 2140 1215; x_wconf 89' lang='lat' dir='ltr'><strong>mit-</strong></span> 
     </span>
     <span class='ocr_line' id='line_1_58' title="bbox 1224 1235 1448 1282; baseline -0.004 0"><span class='ocrx_word' id='word_1_279' title='bbox 1224 1235 1266 1282; x_wconf 88' lang='lat' dir='ltr'><strong>ti</strong></span> <span class='ocrx_word' id='word_1_280' title='bbox 1285 1235 1448 1282; x_wconf 87' lang='lat' dir='ltr'><strong>debet.</strong></span> 
     </span>
    </p>

    <p class='ocr_par' dir='ltr' id='par_1_16' title="bbox 1225 1303 2144 1565">
     <span class='ocr_line' id='line_1_59' title="bbox 1294 1303 2142 1351; baseline 0.004 -4"><span class='ocrx_word' id='word_1_281' title='bbox 1294 1303 1377 1348; x_wconf 76' lang='lat'><strong>2³.</strong></span> <span class='ocrx_word' id='word_1_282' title='bbox 1409 1307 1450 1332; x_wconf 74' lang='lat'><strong>¹⁰</strong></span> <span class='ocrx_word' id='word_1_283' title='bbox 1459 1303 1528 1348; x_wconf 84' lang='lat' dir='ltr'><strong>Et</strong></span> <span class='ocrx_word' id='word_1_284' title='bbox 1537 1305 1724 1350; x_wconf 76' lang='lat' dir='ltr'><strong>factum</strong></span> <span class='ocrx_word' id='word_1_285' title='bbox 1735 1307 1815 1350; x_wconf 88' lang='lat' dir='ltr'><strong>est</strong></span> <span class='ocrx_word' id='word_1_286' title='bbox 1833 1305 2010 1351; x_wconf 86' lang='lat' dir='ltr'><strong>iterum</strong></span> <span class='ocrx_word' id='word_1_287' title='bbox 2021 1318 2142 1350; x_wconf 86' lang='lat' dir='ltr'><strong>cum</strong></span> 
     </span>
     <span class='ocr_line' id='line_1_60' title="bbox 1227 1369 2142 1428; baseline 0.001 -12"><span class='ocrx_word' id='word_1_288' title='bbox 1227 1369 1475 1418; x_wconf 83' lang='lat' dir='ltr'><strong>Dominus</strong></span> <span class='ocrx_word' id='word_1_289' title='bbox 1495 1372 1714 1418; x_wconf 85' lang='lat' dir='ltr'><strong>sabbatis</strong></span> <span class='ocrx_word' id='word_1_290' title='bbox 1749 1371 2026 1419; x_wconf 85' lang='lat' dir='ltr'><strong>ambularet</strong></span> <span class='ocrx_word' id='word_1_291' title='bbox 2043 1385 2142 1428; x_wconf 87' lang='lat' dir='ltr'><strong>per</strong></span> 
     </span>
     <span class='ocr_line' id='line_1_61' title="bbox 1225 1438 2144 1497; baseline 0.002 -13"><span class='ocrx_word' id='word_1_292' title='bbox 1225 1440 1362 1497; x_wconf 85' lang='lat' dir='ltr'><strong>sata,</strong></span> <span class='ocrx_word' id='word_1_293' title='bbox 1393 1440 1446 1484; x_wconf 90' lang='lat' dir='ltr'><strong>et</strong></span> <span class='ocrx_word' id='word_1_294' title='bbox 1465 1438 1699 1497; x_wconf 87' lang='lat' dir='ltr'><strong>discipuli</strong></span> <span class='ocrx_word' id='word_1_295' title='bbox 1727 1439 1839 1496; x_wconf 87' lang='lat' dir='ltr'><strong>ejus</strong></span> <span class='ocrx_word' id='word_1_296' title='bbox 1857 1442 2144 1496; x_wconf 82' lang='lat' dir='ltr'><strong>coeperunt</strong></span> 
     </span>
     <span class='ocr_line' id='line_1_62' title="bbox 1226 1505 1976 1565; baseline 0.003 -15"><span class='ocrx_word' id='word_1_297' title='bbox 1226 1505 1486 1562; x_wconf 78' lang='lat' dir='ltr'><strong>progredi,</strong></span> <span class='ocrx_word' id='word_1_298' title='bbox 1512 1509 1564 1552; x_wconf 87' lang='lat' dir='ltr'><strong>et</strong></span> <span class='ocrx_word' id='word_1_299' title='bbox 1583 1505 1778 1552; x_wconf 79' lang='lat' dir='ltr'><strong>vellere</strong></span> <span class='ocrx_word' id='word_1_300' title='bbox 1799 1506 1976 1565; x_wconf 88' lang='lat' dir='ltr'><strong>spicas.</strong></span> 
     </span>
    </p>

    <p class='ocr_par' dir='ltr' id='par_1_17' title="bbox 1226 1573 2144 1764">
     <span class='ocr_line' id='line_1_63' title="bbox 1295 1573 2144 1620; baseline 0.001 -2"><span class='ocrx_word' id='word_1_301' title='bbox 1295 1574 1378 1618; x_wconf 78' lang='lat'><strong>24.</strong></span> <span class='ocrx_word' id='word_1_302' title='bbox 1411 1573 1676 1620; x_wconf 88' lang='lat' dir='ltr'><strong>Pharisaei</strong></span> <span class='ocrx_word' id='word_1_303' title='bbox 1707 1576 1872 1620; x_wconf 85' lang='lat' dir='ltr'><strong>autem</strong></span> <span class='ocrx_word' id='word_1_304' title='bbox 1901 1573 2144 1620; x_wconf 86' lang='lat' dir='ltr'><strong>dicebant</strong></span> 
     </span>
     <span class='ocr_line' id='line_1_64' title="bbox 1226 1639 2142 1700; baseline 0.003 -15"><span class='ocrx_word' id='word_1_305' title='bbox 1226 1639 1300 1686; x_wconf 86' lang='lat' dir='ltr'><strong>ei:</strong></span> <span class='ocrx_word' id='word_1_306' title='bbox 1321 1639 1480 1689; x_wconf 81' lang='lat' dir='ltr'><strong>Eece!</strong></span> <span class='ocrx_word' id='word_1_307' title='bbox 1523 1641 1643 1697; x_wconf 87' lang='lat' dir='ltr'><strong>quid</strong></span> <span class='ocrx_word' id='word_1_308' title='bbox 1669 1641 1863 1688; x_wconf 77' lang='lat' dir='ltr'><strong>faciunt</strong></span> <span class='ocrx_word' id='word_1_309' title='bbox 1897 1641 2142 1700; x_wconf 85' lang='lat' dir='ltr'><strong>sabbatis,</strong></span> 
     </span>
     <span class='ocr_line' id='line_1_65' title="bbox 1228 1707 1658 1764; baseline 0 -10"><span class='ocrx_word' id='word_1_310' title='bbox 1228 1707 1364 1764; x_wconf 86' lang='lat' dir='ltr'><strong>quod</strong></span> <span class='ocrx_word' id='word_1_311' title='bbox 1382 1722 1487 1754; x_wconf 88' lang='lat' dir='ltr'><strong>non</strong></span> <span class='ocrx_word' id='word_1_312' title='bbox 1508 1707 1658 1754; x_wconf 74' lang='lat' dir='ltr'><strong>licet.2</strong></span> 
     </span>
    </p>

    <p class='ocr_par' dir='ltr' id='par_1_18' title="bbox 1228 1775 2146 2037">
     <span class='ocr_line' id='line_1_66' title="bbox 1295 1775 2144 1834; baseline 0.002 -14"><span class='ocrx_word' id='word_1_313' title='bbox 1295 1777 1378 1822; x_wconf 79' lang='lat'><strong>25.</strong></span> <span class='ocrx_word' id='word_1_314' title='bbox 1411 1776 1482 1822; x_wconf 89' lang='lat' dir='ltr'><strong>Et</strong></span> <span class='ocrx_word' id='word_1_315' title='bbox 1491 1776 1564 1821; x_wconf 88' lang='lat' dir='ltr'><strong>ait</strong></span> <span class='ocrx_word' id='word_1_316' title='bbox 1573 1776 1675 1822; x_wconf 85' lang='lat' dir='ltr'><strong>illis</strong></span> <span class='ocrx_word' id='word_1_317' title='bbox 1687 1788 1700 1821; x_wconf 90' lang='lat'>:</span> <span class='ocrx_word' id='word_1_318' title='bbox 1713 1777 1994 1834; x_wconf 84' lang='lat' dir='ltr'><strong>Numquam</strong></span> <span class='ocrx_word' id='word_1_319' title='bbox 2003 1775 2144 1834; x_wconf 81' lang='lat' dir='ltr'><strong>legi-</strong></span> 
     </span>
     <span class='ocr_line' id='line_1_67' title="bbox 1229 1842 2143 1912; baseline 0.002 -24"><span class='ocrx_word' id='word_1_320' title='bbox 1229 1842 1338 1901; x_wconf 85' lang='lat' dir='ltr'><strong>stis,</strong></span> <span class='ocrx_word' id='word_1_321' title='bbox 1360 1844 1479 1900; x_wconf 89' lang='lat' dir='ltr'><strong>quid</strong></span> <span class='ocrx_word' id='word_1_322' title='bbox 1497 1842 1680 1890; x_wconf 84' lang='lat' dir='ltr'><strong>fecerit</strong></span> <span class='ocrx_word' id='word_1_323' title='bbox 1695 1843 1916 1912; x_wconf 64' lang='lat' dir='ltr'><strong>David-³,</strong></span> <span class='ocrx_word' id='word_1_324' title='bbox 1935 1843 2143 1900; x_wconf 87' lang='lat' dir='ltr'><strong>quando</strong></span> 
     </span>
     <span class='ocr_line' id='line_1_68' title="bbox 1228 1911 2146 1971; baseline 0 -15"><span class='ocrx_word' id='word_1_325' title='bbox 1228 1911 1588 1958; x_wconf 86' lang='lat' dir='ltr'><strong>necessitatem</strong></span> <span class='ocrx_word' id='word_1_326' title='bbox 1621 1911 1822 1971; x_wconf 88' lang='lat' dir='ltr'><strong>habuit,</strong></span> <span class='ocrx_word' id='word_1_327' title='bbox 1871 1914 1922 1958; x_wconf 93' lang='lat' dir='ltr'><strong>et</strong></span> <span class='ocrx_word' id='word_1_328' title='bbox 1959 1911 2146 1958; x_wconf 86' lang='lat' dir='ltr'><strong>esuriit</strong></span> 
     </span>
     <span class='ocr_line' id='line_1_69' title="bbox 1229 1978 1953 2037; baseline 0.001 -13"><span class='ocrx_word' id='word_1_329' title='bbox 1229 1978 1356 2037; x_wconf 87' lang='lat' dir='ltr'><strong>ipse,</strong></span> <span class='ocrx_word' id='word_1_330' title='bbox 1378 1980 1430 2025; x_wconf 88' lang='lat' dir='ltr'><strong>et</strong></span> <span class='ocrx_word' id='word_1_331' title='bbox 1451 1979 1538 2035; x_wconf 89' lang='lat' dir='ltr'><strong>qui</strong></span> <span class='ocrx_word' id='word_1_332' title='bbox 1557 1994 1670 2025; x_wconf 84' lang='lat' dir='ltr'><strong>cum</strong></span> <span class='ocrx_word' id='word_1_333' title='bbox 1688 1993 1752 2025; x_wconf 92' lang='lat' dir='ltr'><strong>eo</strong></span> <span class='ocrx_word' id='word_1_334' title='bbox 1775 1980 1953 2027; x_wconf 61' lang='lat' dir='ltr'><strong>erant?</strong></span> 
     </span>
    </p>

    <p class='ocr_par' dir='ltr' id='par_1_19' title="bbox 1227 2046 2147 2497">
     <span class='ocr_line' id='line_1_70' title="bbox 1295 2046 2144 2099; baseline 0.004 -9"><span class='ocrx_word' id='word_1_335' title='bbox 1295 2046 1378 2093; x_wconf 82' lang='lat'><strong>26.</strong></span> <span class='ocrx_word' id='word_1_336' title='bbox 1417 2046 1683 2099; x_wconf 77' lang='lat' dir='ltr'><strong>Quomodo</strong></span> <span class='ocrx_word' id='word_1_337' title='bbox 1713 2047 1953 2093; x_wconf 83' lang='lat' dir='ltr'><strong>introivit</strong></span> <span class='ocrx_word' id='word_1_338' title='bbox 1969 2046 2021 2093; x_wconf 86' lang='lat' dir='ltr'><strong>iu</strong></span> <span class='ocrx_word' id='word_1_339' title='bbox 2043 2046 2144 2093; x_wconf 88' lang='lat' dir='ltr'><strong>do-</strong></span> 
     </span>
     <span class='ocr_line' id='line_1_71' title="bbox 1227 2113 2144 2173; baseline 0.003 -15"><span class='ocrx_word' id='word_1_340' title='bbox 1227 2126 1364 2159; x_wconf 88' lang='lat' dir='ltr'><strong>mum</strong></span> <span class='ocrx_word' id='word_1_341' title='bbox 1389 2113 1488 2159; x_wconf 86' lang='lat' dir='ltr'><strong>Dei</strong></span> <span class='ocrx_word' id='word_1_342' title='bbox 1515 2116 1606 2161; x_wconf 89' lang='lat' dir='ltr'><strong>sub</strong></span> <span class='ocrx_word' id='word_1_343' title='bbox 1637 2114 1878 2161; x_wconf 83' lang='lat' dir='ltr'><strong>Abiatbar</strong></span> <span class='ocrx_word' id='word_1_344' title='bbox 1908 2113 2144 2173; x_wconf 87' lang='lat' dir='ltr'><strong>principe</strong></span> 
     </span>
     <span class='ocr_line' id='line_1_72' title="bbox 1230 2181 2144 2241; baseline 0.003 -15"><span class='ocrx_word' id='word_1_345' title='bbox 1230 2181 1588 2239; x_wconf 81' lang='lat' dir='ltr'><strong>sacerdotum,</strong></span> <span class='ocrx_word' id='word_1_346' title='bbox 1629 2184 1681 2228; x_wconf 89' lang='lat' dir='ltr'><strong>et</strong></span> <span class='ocrx_word' id='word_1_347' title='bbox 1711 2196 1868 2240; x_wconf 89' lang='lat' dir='ltr'><strong>panes</strong></span> <span class='ocrx_word' id='word_1_348' title='bbox 1897 2183 2144 2241; x_wconf 84' lang='lat' dir='ltr'><strong>proposi-</strong></span> 
     </span>
     <span class='ocr_line' id='line_1_73' title="bbox 1229 2247 2146 2309; baseline 0.004 -16"><span class='ocrx_word' id='word_1_349' title='bbox 1229 2247 1385 2294; x_wconf 86' lang='lat' dir='ltr'><strong>tionis</strong></span> <span class='ocrx_word' id='word_1_350' title='bbox 1412 2249 1760 2309; x_wconf 86' lang='lat' dir='ltr'><strong>manducavit,</strong></span> <span class='ocrx_word' id='word_1_351' title='bbox 1791 2264 1920 2307; x_wconf 88' lang='lat' dir='ltr'><strong>quos</strong></span> <span class='ocrx_word' id='word_1_352' title='bbox 1945 2262 2054 2297; x_wconf 87' lang='lat' dir='ltr'><strong>non</strong></span> <span class='ocrx_word' id='word_1_353' title='bbox 2073 2250 2146 2297; x_wconf 91' lang='lat' dir='ltr'><strong>li-</strong></span> 
     </span>
     <span class='ocr_line' id='line_1_74' title="bbox 1229 2316 2146 2375; baseline 0.004 -14"><span class='ocrx_word' id='word_1_354' title='bbox 1229 2316 1377 2369; x_wconf 78' lang='lat' dir='ltr'><strong>cebat</strong></span> <span class='ocrx_word' id='word_1_355' title='bbox 1409 2316 1734 2375; x_wconf 88' lang='lat' dir='ltr'><strong>manducare,</strong></span> <span class='ocrx_word' id='word_1_356' title='bbox 1771 2318 1917 2364; x_wconf 74' lang='lat' dir='ltr'><strong>nisi-r</strong></span> <span class='ocrx_word' id='word_1_357' title='bbox 1953 2318 2146 2365; x_wconf 84' lang='lat' dir='ltr'><strong>Sacer-</strong></span> 
     </span>
     <span class='ocr_line' id='line_1_75' title="bbox 1231 2382 2147 2445; baseline 0.004 -18"><span class='ocrx_word' id='word_1_358' title='bbox 1231 2382 1456 2443; x_wconf 83' lang='lat' dir='ltr'><strong>dotibus,</strong></span> <span class='ocrx_word' id='word_1_359' title='bbox 1480 2385 1534 2429; x_wconf 91' lang='lat' dir='ltr'><strong>et</strong></span> <span class='ocrx_word' id='word_1_360' title='bbox 1553 2384 1690 2430; x_wconf 87' lang='lat' dir='ltr'><strong>dedit</strong></span> <span class='ocrx_word' id='word_1_361' title='bbox 1708 2384 1810 2445; x_wconf 86' lang='lat' dir='ltr'><strong>eis,</strong></span> <span class='ocrx_word' id='word_1_362' title='bbox 1833 2384 2052 2442; x_wconf 89' lang='lat' dir='ltr'><strong>quicum</strong></span> <span class='ocrx_word' id='word_1_363' title='bbox 2077 2399 2147 2432; x_wconf 88' lang='lat' dir='ltr'><strong>eo</strong></span> 
     </span>
     <span class='ocr_line' id='line_1_76' title="bbox 1231 2450 1408 2497; baseline -0.011 0"><span class='ocrx_word' id='word_1_364' title='bbox 1231 2450 1408 2497; x_wconf 58' lang='lat' dir='ltr'><strong>erant?</strong></span> 
     </span>
    </p>

    <p class='ocr_par' dir='ltr' id='par_1_20' title="bbox 1229 2517 2150 2710">
     <span class='ocr_line' id='line_1_77' title="bbox 1299 2517 2149 2566; baseline 0.005 -5"><span class='ocrx_word' id='word_1_365' title='bbox 1299 2518 1379 2562; x_wconf 73' lang='lat'><strong>27.</strong></span> <span class='ocrx_word' id='word_1_366' title='bbox 1412 2517 1482 2563; x_wconf 86' lang='lat' dir='ltr'><strong>Et</strong></span> <span class='ocrx_word' id='word_1_367' title='bbox 1510 2517 1707 2564; x_wconf 87' lang='lat' dir='ltr'><strong>dicebat</strong></span> <span class='ocrx_word' id='word_1_368' title='bbox 1733 2519 1832 2566; x_wconf 85' lang='lat' dir='ltr'><strong>eis:</strong></span> <span class='ocrx_word' id='word_1_369' title='bbox 1871 2519 2149 2566; x_wconf 83' lang='lat' dir='ltr'><strong>Sabbatum</strong></span> 
     </span>
     <span class='ocr_line' id='line_1_78' title="bbox 1229 2585 2150 2645; baseline 0.005 -17"><span class='ocrx_word' id='word_1_370' title='bbox 1229 2585 1440 2642; x_wconf 90' lang='lat' dir='ltr'><strong>propter</strong></span> <span class='ocrx_word' id='word_1_371' title='bbox 1458 2585 1718 2633; x_wconf 89' lang='lat' dir='ltr'><strong>hominem</strong></span> <span class='ocrx_word' id='word_1_372' title='bbox 1744 2588 1933 2633; x_wconf 84' lang='lat' dir='ltr'><strong>factum</strong></span> <span class='ocrx_word' id='word_1_373' title='bbox 1954 2588 2058 2645; x_wconf 78' lang='lat' dir='ltr'><strong>est3</strong></span> <span class='ocrx_word' id='word_1_374' title='bbox 2093 2591 2150 2633; x_wconf 88' lang='lat' dir='ltr'><strong>et</strong></span> 
     </span>
     <span class='ocr_line' id='line_1_79' title="bbox 1229 2651 2040 2710; baseline 0.005 -15"><span class='ocrx_word' id='word_1_375' title='bbox 1229 2663 1336 2696; x_wconf 88' lang='lat' dir='ltr'><strong>non</strong></span> <span class='ocrx_word' id='word_1_376' title='bbox 1360 2651 1512 2697; x_wconf 89' lang='lat' dir='ltr'><strong>homo</strong></span> <span class='ocrx_word' id='word_1_377' title='bbox 1533 2654 1745 2710; x_wconf 91' lang='lat' dir='ltr'><strong>propter</strong></span> <span class='ocrx_word' id='word_1_378' title='bbox 1765 2654 2040 2700; x_wconf 88' lang='lat' dir='ltr'><strong>sabbatum.</strong></span> 
     </span>
    </p>

    <p class='ocr_par' dir='ltr' id='par_1_21' title="bbox 1229 2719 2147 2845">
     <span class='ocr_line' id='line_1_80' title="bbox 1297 2719 2147 2776; baseline 0.007 -14"><span class='ocrx_word' id='word_1_379' title='bbox 1297 2719 1378 2763; x_wconf 90' lang='grc'><strong>28.</strong></span> <span class='ocrx_word' id='word_1_380' title='bbox 1413 2720 1587 2776; x_wconf 85' lang='lat' dir='ltr'><strong>ltaque</strong></span> <span class='ocrx_word' id='word_1_381' title='bbox 1607 2719 1856 2766; x_wconf 88' lang='lat' dir='ltr'><strong>Dominus</strong></span> <span class='ocrx_word' id='word_1_382' title='bbox 1883 2723 1964 2767; x_wconf 88' lang='lat' dir='ltr'><strong>est</strong></span> <span class='ocrx_word' id='word_1_383' title='bbox 1979 2719 2147 2768; x_wconf 86' lang='lat' dir='ltr'><strong>Filius</strong></span> 
     </span>
     <span class='ocr_line' id='line_1_81' title="bbox 1229 2784 1870 2845; baseline 0.003 -15"><span class='ocrx_word' id='word_1_384' title='bbox 1229 2784 1468 2845; x_wconf 85' lang='lat' dir='ltr'><strong>bominis,</strong></span> <span class='ocrx_word' id='word_1_385' title='bbox 1490 2785 1643 2833; x_wconf 88' lang='lat' dir='ltr'><strong>etiam</strong></span> <span class='ocrx_word' id='word_1_386' title='bbox 1661 2787 1870 2834; x_wconf 84' lang='lat' dir='ltr'><strong>sabbati.</strong></span> 
     </span>
    </p>
   </div>
   <div class='ocr_carea' id='block_1_7' title="bbox 1226 2902 2148 3041">
    <p class='ocr_par' dir='ltr' id='par_1_22' title="bbox 1226 2902 2148 3041">
     <span class='ocr_line' id='line_1_82' title="bbox 1273 2902 2148 2950; baseline 0.006 -11"><span class='ocrx_word' id='word_1_387' title='bbox 1273 2909 1294 2929; x_wconf 56' lang='grc' dir='ltr'><strong>ν</strong></span> <span class='ocrx_word' id='word_1_388' title='bbox 1311 2902 1400 2941; x_wconf 63' lang='lat' dir='ltr'><strong>seh·</strong></span> <span class='ocrx_word' id='word_1_389' title='bbox 1420 2906 1479 2947; x_wconf 72' lang='lat'><strong>16,</strong></span> <span class='ocrx_word' id='word_1_390' title='bbox 1497 2908 1558 2943; x_wconf 70' lang='lat'><strong>2⁰·</strong></span> <span class='ocrx_word' id='word_1_391' title='bbox 1613 2912 1646 2932; x_wconf 70' lang='lat' dir='ltr'><em>w</em></span> <span class='ocrx_word' id='word_1_392' title='bbox 1664 2916 1702 2944; x_wconf 64' lang='lat' dir='ltr'><strong>vs</strong></span> <span class='ocrx_word' id='word_1_393' title='bbox 1721 2908 1891 2945; x_wconf 57' lang='lat' dir='ltr'><strong>m-aeo</strong></span> <span class='ocrx_word' id='word_1_394' title='bbox 1914 2906 2062 2944; x_wconf 62' lang='lat' dir='ltr'><strong>Mltth·</strong></span> <span class='ocrx_word' id='word_1_395' title='bbox 2081 2911 2148 2950; x_wconf 66' lang='lat'><strong>12,</strong></span> 
     </span>
     <span class='ocr_line' id='line_1_83' title="bbox 1226 2950 2148 3000; baseline 0.007 -15"><span class='ocrx_word' id='word_1_396' title='bbox 1226 2953 1350 2987; x_wconf 72' lang='grc'>1-8·</span> <span class='ocrx_word' id='word_1_397' title='bbox 1398 2950 1500 2989; x_wconf 69' lang='lat' dir='ltr'><strong>Luc·</strong></span> <span class='ocrx_word' id='word_1_398' title='bbox 1525 2955 1565 2996; x_wconf 74' lang='lat'><strong>6,</strong></span> <span class='ocrx_word' id='word_1_399' title='bbox 1591 2956 1713 2990; x_wconf 73' lang='lat'>1-5·</span> <span class='ocrx_word' id='word_1_400' title='bbox 1794 2957 1859 2990; x_wconf 69' lang='lat' dir='ltr'>&#39;&#39;l-</span> <span class='ocrx_word' id='word_1_401' title='bbox 1885 2953 1988 3000; x_wconf 67' lang='lat' dir='ltr'><strong>Reg-</strong></span> <span class='ocrx_word' id='word_1_402' title='bbox 2015 2957 2079 2996; x_wconf 74' lang='lat'><strong>21,</strong></span> <span class='ocrx_word' id='word_1_403' title='bbox 2107 2957 2148 2991; x_wconf 75' lang='grc' dir='ltr'><strong>6ο</strong></span> 
     </span>
     <span class='ocr_line' id='line_1_84' title="bbox 1227 2996 1557 3041; baseline 0.021 -11"><span class='ocrx_word' id='word_1_404' title='bbox 1227 3003 1250 3030; x_wconf 77' lang='lat' dir='ltr'><strong>:r</strong></span> <span class='ocrx_word' id='word_1_405' title='bbox 1267 2996 1401 3036; x_wconf 80' lang='lat' dir='ltr'><strong>Exod.</strong></span> <span class='ocrx_word' id='word_1_406' title='bbox 1419 3000 1480 3041; x_wconf 77' lang='lat'><strong>29,</strong></span> <span class='ocrx_word' id='word_1_407' title='bbox 1497 3002 1557 3036; x_wconf 78' lang='lat'><strong>32.</strong></span> 
     </span>
    </p>
   </div>
   <div class='ocr_carea' id='block_1_8' title="bbox 368 3179 2146 3244">
    <p class='ocr_par' dir='ltr' id='par_1_23' title="bbox 368 3179 2146 3244">
     <span class='ocr_line' id='line_1_85' title="bbox 368 3179 2146 3244; baseline 0.007 -21"><span class='ocrx_word' id='word_1_408' title='bbox 368 3181 482 3235; x_wconf 81' lang='lat' dir='ltr'><strong>Cap·</strong></span> <span class='ocrx_word' id='word_1_409' title='bbox 511 3179 576 3223; x_wconf 85' lang='lat'><strong>11.</strong></span> <span class='ocrx_word' id='word_1_410' title='bbox 637 3186 705 3225; x_wconf 88' lang='grc'><strong>12.</strong></span> <span class='ocrx_word' id='word_1_411' title='bbox 736 3182 819 3226; x_wconf 85' lang='lat' dir='ltr'><strong>ille</strong></span> <span class='ocrx_word' id='word_1_412' title='bbox 839 3188 1065 3239; x_wconf 82' lang='lat' dir='ltr'><strong>surrexit3</strong></span> <span class='ocrx_word' id='word_1_413' title='bbox 1094 3189 1202 3233; x_wconf 70' lang='lat' dir='ltr'><strong>ibid.</strong></span> <span class='ocrx_word' id='word_1_414' title='bbox 1223 3190 1402 3235; x_wconf 81' lang='lat' dir='ltr'><strong>sublato</strong></span> <span class='ocrx_word' id='word_1_415' title='bbox 1423 3191 1631 3244; x_wconf 77' lang='lat' dir='ltr'><strong>grabatto</strong></span> <span class='ocrx_word' id='word_1_416' title='bbox 1661 3193 1808 3235; x_wconf 70' lang='lat' dir='ltr'><strong>omiss.</strong></span> <span class='ocrx_word' id='word_1_417' title='bbox 1837 3197 1908 3243; x_wconf 91' lang='lat' dir='ltr'><strong>et;</strong></span> <span class='ocrx_word' id='word_1_418' title='bbox 1938 3192 2047 3236; x_wconf 76' lang='lat' dir='ltr'><strong>ibid.</strong></span> <span class='ocrx_word' id='word_1_419' title='bbox 2073 3194 2146 3236; x_wconf 77' lang='lat' dir='ltr'><strong>ita</strong></span> 
     </span>
    </p>
   </div>
   <div class='ocr_carea' id='block_1_9' title="bbox 252 3238 1178 3300">
    <p class='ocr_par' dir='ltr' id='par_1_24' title="bbox 252 3238 1178 3300">
     <span class='ocr_line' id='line_1_86' title="bbox 252 3238 1178 3300; baseline 0.006 -21"><span class='ocrx_word' id='word_1_420' title='bbox 252 3243 302 3280; x_wconf 83' lang='lat' dir='ltr'><strong>ut</strong></span> <span class='ocrx_word' id='word_1_421' title='bbox 322 3238 680 3280; x_wconf 79' lang='lat' dir='ltr'><strong>ammirarentur.</strong></span> <span class='ocrx_word' id='word_1_422' title='bbox 741 3243 808 3282; x_wconf 77' lang='lat'><strong>14.</strong></span> <span class='ocrx_word' id='word_1_423' title='bbox 840 3241 1178 3300; x_wconf 79' lang='lat' dir='ltr'><strong>LevinAlpliei.</strong></span> 
     </span>
    </p>
   </div>
   <div class='ocr_carea' id='block_1_10' title="bbox 1239 3246 2144 3304">
    <p class='ocr_par' dir='ltr' id='par_1_25' title="bbox 1239 3246 2144 3304">
     <span class='ocr_line' id='line_1_87' title="bbox 1239 3246 2144 3304; baseline 0.004 -16"><span class='ocrx_word' id='word_1_424' title='bbox 1239 3250 1306 3290; x_wconf 78' lang='lat'><strong>16-</strong></span> <span class='ocrx_word' id='word_1_425' title='bbox 1340 3261 1438 3290; x_wconf 86' lang='lat' dir='ltr'><strong>cum</strong></span> <span class='ocrx_word' id='word_1_426' title='bbox 1459 3250 1774 3304; x_wconf 83' lang='lat' dir='ltr'><strong>peecatoribus</strong></span> <span class='ocrx_word' id='word_1_427' title='bbox 1792 3252 1839 3291; x_wconf 85' lang='lat' dir='ltr'><strong>et</strong></span> <span class='ocrx_word' id='word_1_428' title='bbox 1866 3246 2144 3303; x_wconf 83' lang='lat' dir='ltr'><strong>publicanis-</strong></span> 
     </span>
    </p>
   </div>
   <div class='ocr_carea' id='block_1_11' title="bbox 253 3294 2146 3354">
    <p class='ocr_par' dir='ltr' id='par_1_26' title="bbox 253 3294 2146 3354">
     <span class='ocr_line' id='line_1_88' title="bbox 253 3294 2146 3354; baseline 0.006 -20"><span class='ocrx_word' id='word_1_429' title='bbox 253 3297 322 3335; x_wconf 78' lang='grc'><strong>11.</strong></span> <span class='ocrx_word' id='word_1_430' title='bbox 353 3294 589 3337; x_wconf 82' lang='lat' dir='ltr'><strong>medicum·</strong></span> <span class='ocrx_word' id='word_1_431' title='bbox 647 3298 718 3337; x_wconf 81' lang='grc'><strong>20.</strong></span> <span class='ocrx_word' id='word_1_432' title='bbox 748 3296 797 3337; x_wconf 88' lang='lat' dir='ltr'><strong>in</strong></span> <span class='ocrx_word' id='word_1_433' title='bbox 817 3294 903 3339; x_wconf 85' lang='lat' dir='ltr'><strong>illa</strong></span> <span class='ocrx_word' id='word_1_434' title='bbox 922 3297 1014 3339; x_wconf 83' lang='lat' dir='ltr'><strong>die.</strong></span> <span class='ocrx_word' id='word_1_435' title='bbox 1072 3304 1142 3343; x_wconf 86' lang='grc'><strong>21.</strong></span> <span class='ocrx_word' id='word_1_436' title='bbox 1174 3303 1367 3345; x_wconf 77' lang='lat' dir='ltr'><strong>auferet.</strong></span> <span class='ocrx_word' id='word_1_437' title='bbox 1426 3308 1496 3345; x_wconf 87' lang='grc'><strong>22.</strong></span> <span class='ocrx_word' id='word_1_438' title='bbox 1527 3302 1777 3354; x_wconf 79' lang='lat' dir='ltr'><strong>novellum3</strong></span> <span class='ocrx_word' id='word_1_439' title='bbox 1799 3303 1910 3347; x_wconf 71' lang='lat' dir='ltr'><strong>ibid.</strong></span> <span class='ocrx_word' id='word_1_440' title='bbox 1947 3304 2146 3347; x_wconf 83' lang='lat' dir='ltr'><strong>disrum-</strong></span> 
     </span>
    </p>
   </div>
   <div class='ocr_carea' id='block_1_12' title="bbox 252 3348 1135 3511">
    <p class='ocr_par' dir='ltr' id='par_1_27' title="bbox 252 3348 1135 3511">
     <span class='ocr_line' id='line_1_89' title="bbox 252 3348 1053 3402; baseline 0.001 -11"><span class='ocrx_word' id='word_1_441' title='bbox 252 3354 355 3402; x_wconf 65' lang='grc' dir='ltr'><strong>μοις</strong></span> <span class='ocrx_word' id='word_1_442' title='bbox 384 3348 491 3391; x_wconf 73' lang='lat' dir='ltr'><strong>ibid.</strong></span> <span class='ocrx_word' id='word_1_443' title='bbox 519 3352 567 3391; x_wconf 86' lang='lat' dir='ltr'><strong>et</strong></span> <span class='ocrx_word' id='word_1_444' title='bbox 598 3349 749 3392; x_wconf 80' lang='lat' dir='ltr'><strong>vinum</strong></span> <span class='ocrx_word' id='word_1_445' title='bbox 788 3352 1053 3396; x_wconf 78' lang='lat' dir='ltr'><strong>offunditur.</strong></span> 
     </span>
     <span class='ocr_line' id='line_1_90' title="bbox 254 3404 1135 3464; baseline 0.009 -22"><span class='ocrx_word' id='word_1_446' title='bbox 254 3404 404 3446; x_wconf 69' lang='lat' dir='ltr'><strong>omiss.</strong></span> <span class='ocrx_word' id='word_1_447' title='bbox 443 3405 687 3454; x_wconf 84' lang='lat' dir='ltr'><strong>Dominus3</strong></span> <span class='ocrx_word' id='word_1_448' title='bbox 727 3405 837 3449; x_wconf 70' lang='lat' dir='ltr'><strong>ibid.</strong></span> <span class='ocrx_word' id='word_1_449' title='bbox 879 3410 1135 3464; x_wconf 67' lang='lat' dir='ltr'><strong>praegredi.</strong></span> 
     </span>
     <span class='ocr_line' id='line_1_91' title="bbox 256 3458 618 3511; baseline 0.017 -13"><span class='ocrx_word' id='word_1_450' title='bbox 256 3472 365 3511; x_wconf 88' lang='lat' dir='ltr'><strong>quos</strong></span> <span class='ocrx_word' id='word_1_451' title='bbox 384 3474 475 3502; x_wconf 84' lang='lat' dir='ltr'><strong>non</strong></span> <span class='ocrx_word' id='word_1_452' title='bbox 492 3458 618 3506; x_wconf 76' lang='lat' dir='ltr'><strong>licet.</strong></span> 
     </span>
    </p>
   </div>
   <div class='ocr_carea' id='block_1_13' title="bbox 1150 3357 2148 3415">
    <p class='ocr_par' dir='ltr' id='par_1_28' title="bbox 1150 3357 2148 3415">
     <span class='ocr_line' id='line_1_92' title="bbox 1150 3357 2148 3415; baseline 0.004 -16"><span class='ocrx_word' id='word_1_453' title='bbox 1150 3361 1220 3399; x_wconf 79' lang='grc'><strong>23.</strong></span> <span class='ocrx_word' id='word_1_454' title='bbox 1267 3372 1365 3400; x_wconf 85' lang='lat' dir='ltr'><strong>eum</strong></span> <span class='ocrx_word' id='word_1_455' title='bbox 1405 3359 1608 3401; x_wconf 80' lang='lat' dir='ltr'><strong>sabbatis</strong></span> <span class='ocrx_word' id='word_1_456' title='bbox 1644 3357 1899 3401; x_wconf 83' lang='lat' dir='ltr'><strong>ambularet</strong></span> <span class='ocrx_word' id='word_1_457' title='bbox 1924 3374 2010 3415; x_wconf 82' lang='lat' dir='ltr'><strong>per</strong></span> <span class='ocrx_word' id='word_1_458' title='bbox 2039 3368 2148 3403; x_wconf 84' lang='lat' dir='ltr'><strong>sata</strong></span> 
     </span>
    </p>
   </div>
   <div class='ocr_carea' id='block_1_14' title="bbox 1231 3412 2144 3469">
    <p class='ocr_par' dir='ltr' id='par_1_29' title="bbox 1231 3412 2144 3469">
     <span class='ocr_line' id='line_1_93' title="bbox 1231 3412 2144 3469; baseline 0.001 -14"><span class='ocrx_word' id='word_1_459' title='bbox 1231 3416 1299 3455; x_wconf 78' lang='grc'><strong>26.</strong></span> <span class='ocrx_word' id='word_1_460' title='bbox 1347 3415 1522 3456; x_wconf 86' lang='lat' dir='ltr'><strong>introiit</strong></span> <span class='ocrx_word' id='word_1_461' title='bbox 1561 3414 1744 3469; x_wconf 74' lang='lat' dir='ltr'><strong>(semp.)</strong></span> <span class='ocrx_word' id='word_1_462' title='bbox 1787 3412 1990 3465; x_wconf 75' lang='lat' dir='ltr'><strong>‹lonium5</strong></span> <span class='ocrx_word' id='word_1_463' title='bbox 2028 3415 2144 3459; x_wconf 68' lang='lat' dir='ltr'><strong>ibid.</strong></span> 
     </span>
    </p>
   </div>
  </div>
 </body>
</html>
