2376 3925
302 181 403 232 136

864 168 1148 224 LUCAS.
1222 165 1392 218 CAP.
1433 167 1516 214 222
1539 164 1620 214 23.

302 234 2194 268 ........-.-.-..—--—-————-————-——-—-——

374 286 454 328 51.
489 278 818 338 Respondeas
847 279 1012 320 autem
1040 275 1207 329 Jesus,

1345 270 1425 312 62.
1464 271 1514 312 et
1543 277 1778 323 egressus
1814 264 1956 308 foras
1987 262 2191 321 Petrus,

304 352 401 398 ait:
426 348 587 396 Sinite
603 359 763 401 usque
782 345 879 389 huc
892 342 901 387 Ξ
915 341 983 386 Et
1001 353 1112 386 cum
1131 341 1210 383 te-
1280 335 1417 382 flevit
1436 345 1621 379 amare.

305 418 509 476 tigisset
542 412 817 460 auriculam
846 409 973 468 ejus,
1013 405 1213 452 sanavit

312 499 439 532 eum.

376 553 456 596 52.
490 548 635 594 Dixit
662 548 828 593 autem
849 548 993 593 Jesus
1022 542 1084 587 ad
1104 552 1211 598 eos,

309 619 395 676 qui
415 617 662 662 venerant
680 614 742 659 ad
762 626 833 671 se,
854 610 1107 669 principes
1119 609 1214 652 Sa-

312 685 589 741 cerdotum,
615 685 665 728 et
682 679 1000 736 magistratus
1020 674 1212 733 templi,

312 757 363 799 et
382 752 647 798 Seniores:
693 745 847 800 Quasi
875 745 937 790 ad
964 742 1215 788 latronem

313 820 491 868 existis
512 831 618 863 cum
640 813 819 872 gladiis
840 814 890 856 et
908 809 1155 857 fustibus?

382 889 461 932 53.
506 886 629 929 Cum
681 879 904 937 quotidie
958 877 1217 922 vobiscum

314 953 497 1002 fuerim
515 952 569 996 in
580 947 785 1006 templo,
799 959 906 991 non
918 943 1217 992 extendistis

314 1033 491 1070 manus
510 1019 564 1063 in
582 1030 687 1072 me3
718 1014 806 1060 sed
832 1014 955 1058 haec
987 1014 1063 1058 est
1090 1011 1220 1056 hora

320 1090 505 1145 vestra,
527 1087 577 1130 et
592 1085 818 1142 potestas
838 1082 1173 1126 tenebrarum.

383 1157 463 1200 54.
500 1149 1026 1207 'comprehendentes
1055 1147 1221 1191 autem

317 1237 449 1281 eum,
466 1220 718 1266 duxerunt
729 1217 791 1262 ad
811 1217 1011 1262 domum
1028 1213 1220 1272 princi-

318 1291 397 1350 pis
418 1287 769 1342 Sacerdotum3
790 1285 970 1331 Petrus
994 1295 1115 1328 vero
1138 1294 1222 1325 se-

322 1359 564 1416 quebatur
584 1367 615 1399 a
632 1354 802 1410 longe.

390 1428 469 1469 55.
489 1424 718 1468 Accenso
730 1422 898 1464 autem
915 1418 1033 1474 igne
1053 1416 1103 1460 in
1114 1427 1222 1459 me-

322 1492 405 1537 dio
426 1489 569 1546 atrii,
592 1490 642 1532 et
662 1483 1137 1531 circumsedentibus
1158 1481 1222 1525 il-

321 1559 402 1615 lis,
420 1558 535 1602 erat
551 1555 731 1599 Petrus
750 1552 804 1597 in
824 1551 989 1596 medio
1012 1562 1204 1595 eorum.

388 1627 469 1670 56.
500 1628 522 1652 ⁸
535 1622 697 1675 Quem
715 1632 827 1666 cum
836 1617 1045 1664 vidisset
1063 1615 1224 1660 ancil-

318 1694 371 1738 la
395 1689 638 1750 >quaedam
665 1687 923 1734 sedentem
949 1685 1012 1731 ad
1037 1684 1224 1741 lumen,

324 1764 376 1808 et
404 1773 517 1806 eum
544 1757 722 1803 fuisset
740 1754 948 1814 intuita,
971 1752 1123 1799 dixit:
1159 1751 1228 1796 Et

322 1829 404 1874 hic
426 1841 537 1874 cum
554 1824 645 1871 illo
667 1821 799 1871 erat!

392 1898 471 1940 57.
506 1895 574 1938 At
609 1892 697 1938 ille
732 1889 945 1954 negavit
981 1902 1111 1946 eum,
1151 1886 1228 1931 di-

328 1976 472 2009 ceus:
493 1961 695 2019 Mulier,
717 1973 822 2004 non
844 1957 967 2003 novi
984 1953 1147 2001 illum!

396 2033 475 2074 58.
510 2028 579 2071 Et
595 2030 711 2084 post
737 2024 971 2081 pusillum
1001 2023 1131 2067 alius
1150 2022 1230 2065 vi-

332 2097 455 2140 dens
476 2106 605 2150 eum,
620 2092 767 2136 dixit:
790 2090 858 2133 Et
873 2092 929 2133 tu
949 2088 1008 2133 de
1028 2088 1129 2133 illis
1147 2086 1228 2132 es!

328 2162 507 2206 Petrus
545 2169 669 2202 vero
701 2156 795 2201 ait:
835 2156 876 2199 Ο
909 2153 1084 2199 homo!
1123 2166 1228 2199 non

330 2240 454 2273 suun

398 2296 477 2339 59.
512 2290 581 2336 Et
616 2289 887 2335 intervallo
926 2290 1063 2334 facto
1091 2288 1232 2346 quasi

330 2362 489 2408 horae
507 2357 685 2416 unius,
715 2356 843 2401 alius
866 2356 1069 2412 quidam
1098 2358 1232 2403 affir-

332 2432 515 2487 mabat,
546 2426 742 2471 dicens:
780 2425 913 2469 Vere
944 2427 993 2469 et
1020 2424 1101 2469 hic
1122 2438 1234 2469 cum

333 2497 423 2543 illo
447 2493 575 2542 erat!
598 2506 713 2538 nam
733 2493 784 2537 et
802 2490 1054 2535 Galilaeus
1077 2495 1167 2537 est.

402 2566 481 2609 66.
517 2562 585 2608 Et
603 2560 673 2606 ait
690 2561 899 2607 Petrus:
922 2557 1109 2603 Homo!
1140 2572 1234 2605 ne-

334 2633 459 2691 scio,
480 2630 597 2688 quid
616 2627 755 2673 dicis.
796 2626 867 2671 Et
884 2626 1125 2671 continuo
1146 2625 1236 2670 ad-

333 2700 429 2744 huc
450 2700 539 2744 illo
554 2697 811 2753 loquente,
826 2693 1049 2738 cantavit
1058 2692 1236 2749 gallus.

402 2767 480 2809 61.
515 2765 583 2809 Et
604 2759 1133 2810 conv‘ersusDominus
1155 2773 1239 2804 re-

338 2832 505 2887 spexit
548 2833 767 2877 Petrum.
835 2828 903 2873 Et
945 2826 1239 2872 recordatus

340 2899 418 2942 est
441 2898 619 2942 Petrus
651 2898 821 2943 verbit
849 2894 1082 2951 Domini,
1114 2894 1242 2939 sicut

341 2964 563 3009 dixerat:
596 2962 726 3014 Quia
754 2964 893 3020 prius
914 2974 1059 3019 quam
1077 2961 1239 3019 gallus

342 3033 525 3089 cantet,
545 3032 623 3075 ter
641 3042 720 3074 me
740 3030 974 3086 negabis;

385 3128 404 3146 r
421 3130 461 3155 v.
478 3120 538 3155 54.
560 3126 619 3163 sq.
660 3115 803 3151 Mun..
822 3118 895 3158 25,
908 3120 967 3153 57.
986 3126 1072 3164 sqq.
1110 3115 1240 3153 Marc.

338 3170 409 3211 14,
435 3168 494 3202 53.
520 3174 537 3198 s
568 3173 604 3209 q.
650 3159 739 3197 Joh.
767 3164 833 3201 18,
861 3165 1029 3197 12—14.
1055 3166 1113 3199 25.
1170 3168 1185 3186 ³
1203 3172 1242 3197 v.

337 3214 507 3251 56-62.
606 3204 700 3243 atth.
726 3209 785 3247 26,
812 3210 977 3243 69—75.
1026 3208 1153 3244 Maru.
1177 3210 1241 3247 14,

338 3260 503 3299 66—72.
551 3253 641 3291 Joh.
660 3254 719 3295 18,
736 3254 903 3289 15—18.
922 3256 969 3289 25
984 3256 1089 3289 —27.
1154 3256 1173 3279 θ
1193 3253 1242 3290 cs.

336 3318 376 3343 v.
395 3308 457 3344 34.

1346 403 1425 446 63.
1445 400 1514 444 Et
1533 399 1648 458 viri,
1664 397 1750 454 qui
1767 397 2011 442 tenebant
2029 395 2189 454 illum,

1279 468 1557 515 illudebant
1576 465 1641 522 ei,
1665 464 1952 510 caedentes.

1347 537 1426 579 64.
1462 533 1530 579 Et
1553 532 1857 578 velaverunt
1867 532 2061 589 eum,et
2071 543 2194 586 per-

1283 602 1539 648 cutiebant
1564 599 1748 645 faciem
1778 598 1919 654 ejus3
1952 599 2005 642 et
2031 597 2195 642 iuter-

1280 670 1532 727 rogabant
1549 681 1683 726 eum,
1697 666 1924 711 dicentes
1938 663 2194 720 :Prophe-

1281 736 1405 782 tiza!
1428 735 1538 793 quis
1560 737 1652 792 est,
1675 733 1760 790 qui
1780 734 1831 777 te
1851 731 2136 789 percussit?

1351 806 1435 848 65.
1468 803 1538 848 Et
1549 802 1648 847 alia
1664 799 1821 844 multa
1838 798 2195 856 blaspheman-

1283 872 1360 917 tes
1382 871 1616 917 dicebant
1633 868 1686 913 in
1708 881 1837 912 eum.

1353 941 1436 984 66.
1469 937 1537 982 Et
1554 937 1815 982 utufactus
1838 937 1916 979 est
1929 933 2057 993 dies,
2072 947 2195 979 con-

1289 1006 1536 1052 venerunt
1545 1001 1786 1050 Seniores
1799 1001 1976 1060 plebis,
1993 1003 2044 1047 et
2055 1001 2196 1059 prin-

1288 1075 1424 1131 cipes
1449 1071 1794 1128 sacerdotum,
1817 1071 1868 1115 et
1887 1068 2094 1115 Scribae
2112 1099 2126 1127 ,
2149 1073 2200 1114 et

1289 1142 1544 1186 duxerunt
1570 1138 1712 1184 illum
1741 1137 1793 1182 in
1815 1135 2086 1182 concilium
2105 1149 2197 1180 su-

1290 1223 1400 1268 um,
1433 1208 1684 1252 dicentes:
1724 1205 1780 1250 Si
1799 1208 1854 1249 tu
1871 1217 1924 1250 es
1947 1203 2198 1259 Christus,

1290 1276 1367 1320 dic
1387 1273 1557 1319 nobis!

1356 1344 1435 1386 67.
1456 1341 1522 1385 Et
1531 1340 1600 1386 ait
1619 1339 1746 1385 illis:
1767 1339 1820 1383 Si
1837 1337 1980 1384 vobis
1997 1335 2200 1394 dixero,

1291 1423 1396 1456 nou
1417 1408 1632 1454 credetis
1653 1405 1798 1462 mihi;

1358 1479 1437 1520 68.
1475 1476 1520 1520 si
1539 1477 1704 1520 autem
1719 1475 1768 1518 et
1784 1472 2199 1529 interrogavero,

1291 1557 1396 1589 uon
1432 1540 1799 1600 respondebitis
1833 1538 1982 1596 mihi,
2029 1551 2200 1594 neque

1293 1609 1568 1657 dimittetis.
1665 1667 1674 1673 ·

1359 1681 1439 1723 69.
1473 1677 1556 1724 Ex
1574 1677 1671 1722 hoc
1693 1678 1857 1722 autem
1877 1673 2010 1719 erit⁹
2040 1673 2199 1718 Filius

1295 1746 1512 1792 homin-is
1533 1744 1716 1790 sedens
1733 1757 1763 1789 a
1784 1741 1978 1788 dextris
2001 1741 2200 1786 virtutis

1293 1815 1405 1861 Dei.

1363 1884 1442 1926 70.
1477 1881 1731 1926 Dixerunt
1781 1881 1950 1924 autem
1999 1888 2200 1922 omnes:

1300 1951 1374 1996 Tu
1407 1962 1528 2007 ergo
1562 1961 1614 1994 es
1633 1947 1792 1993 Filius
1812 1945 1946 1991 Dei?
1986 1943 2084 1997 Qui
2103 1943 2200 1988 ait:

1297 2019 1401 2061 Vos
1423 2017 1604 2074 dicitis,
1626 2015 1740 2072 quia
1760 2026 1856 2071 ego
1879 2011 2011 2059 sum!

1365 2086 1445 2129 71.
1481 2085 1546 2128 At
1574 2082 1650 2129 illi
1670 2081 1932 2127 dixerunt:
1965 2078 2096 2133 Quid
2114 2078 2204 2123 ad-

1297 2151 1395 2196 huc
1443 2150 1780 2195 desideramus
1828 2146 2205 2194 testimonium!

1300 2218 1398 2275 ipsi
1418 2218 1552 2265 enim
1572 2216 1851 2263 audivimus
1884 2216 1945 2261 de
1967 2228 2059 2261 ore
2079 2214 2204 2271 ejus.

1537 2339 1578 2389 C
1590 2339 1633 2387 A
1644 2337 1705 2387 Ρ.
1773 2336 1970 2387 XXIII.

1361 2437 1530 2481 Christi
1551 2452 1649 2479 sors
1669 2436 1861 2478 adversa
1879 2444 1927 2477 et
1945 2435 2154 2486 indigna·

1370 2534 1416 2577 1.
1452 2531 1568 2575 WEt
1595 2542 1808 2587 surgens
1839 2529 2006 2574 omnis
2036 2527 2206 2573 multi-

1303 2599 1423 2644 tudo
1453 2611 1654 2656 eorum,
1695 2596 1950 2643 duxerunt
1975 2595 2120 2641 illum
2151 2594 2210 2639 ad

1305 2666 1534 2711 Pilatum.

1373 2735 1423 2778 2.
1457 2733 1748 2789 Coeperunt
1772 2732 1940 2776 autem
1963 2729 2109 2775 illum
2127 2742 2210 2773 ac-

1309 2812 1483 2846 cusare
1498 2800 1720 2844 dicentes
1732 2812 1743 2843 :
1756 2798 1904 2843 Hunc
1924 2797 2210 2843 invenimus

1309 2869 1680 2913 subvertentem
1729 2867 1932 2923 gentem
1966 2866 2210 2917 nostram,

1309 2940 1359 2979 et
1409 2934 1794 2991 prohibentem-¹r
1844 2931 2036 2977 tributa
2094 2928 2212 2973 dare

1311 3002 1532 3060 Caesari,
1556 3003 1606 3045 et
1625 3000 1873 3045 dicentem
1892 3012 1948 3044 se
1961 2996 2212 3042 Christum

1308 3082 1479 3126 regem
1501 3080 1626 3113 esse.

1355 3171 1378 3189 ¹⁶
1393 3161 1536 3199 Matth.
1553 3166 1614 3204 27,
1631 3167 1665 3200 1.
1706 3161 1831 3198 Marc.
1850 3164 1912 3203 15,
1931 3166 1966 3197 1.

1309 3212 1368 3250 26,
1387 3212 1450 3245 64.
1515 3215 1548 3233 w
1565 3220 1602 3245 v.
1624 3212 1766 3245 1—25.
1803 3207 1950 3244 Matth.
1968 3210 2030 3249 27,
2047 3207 2216 3253 11-731.

1309 3256 1433 3293 Marc.
1449 3258 1508 3295 ιε»,
1528 3258 1670 3293 2-20.
1687 3246 1778 3292 1011.
1796 3258 1857 3297 ιε,
1873 3258 2043 3295 33-ι9,
2069 3252 2214 3289 ι-ισ.

1311 3308 1338 3325 2
1357 3300 1406 3337 cf.
1426 3314 1458 3337 c.
1478 3304 1538 3345 20,
1557 3304 1616 3339 25.

2030 3167 2052 3186 “
2069 3156 2214 3196 Matth.

452 3452 562 3504 Cap.
593 3443 752 3487 XXII.
812 3449 879 3487 55.
911 3446 1000 3495 igni
1028 3446 1078 3487 in
1109 3448 1256 3489 medio
1277 3449 1406 3489 atrio.
1469 3453 1536 3491 61,
1569 3450 1684 3492 sicut
1706 3450 1840 3493 dixit.
1900 3454 1970 3492 63.
2001 3449 2216 3491 tenebant

343 3516 454 3545 eum.
517 3509 583 3545 67-
617 3500 813 3543 creditis.
