2376 3925
282 158 521 211 Epls'r.
560 158 774 210 PAULI
809 159 904 208 AD
944 158 1395 214 THESSALON.
1436 166 1501 216 11.
1544 166 1695 217 CAP.
1717 169 1765 217 1.
1789 169 1836 217 2.

135 264 241 311 Dei
251 272 291 324 ⁰,
309 266 368 310 ut
379 262 518 321 digni
529 261 814 307 habeamini
830 261 884 305 in
903 274 1066 318 regno

136 334 260 391 Dei,
283 346 388 390 pro
413 344 509 386 quo
535 332 586 374 et
603 328 847 386 patimini.

210 402 260 444 6.
303 398 364 445 Si
406 400 574 441 tamen
605 396 796 452 justum
827 398 906 441 est
935 395 1066 451 apud

137 468 312 512 Deum
352 464 640 511 retribuere
689 462 1068 508 tribulationem

137 536 224 593 iis,
247 533 343 591 qui
366 545 464 577 vos
484 530 753 587 tribulant3
881 524 886 531 ’

209 604 258 647 7.
283 604 340 647 et
355 599 520 656 vobis,
541 598 624 653 qui
643 595 968 654 tribulamini,
981 610 1066 642 re-

140 669 318 725 quiem
360 665 627 712 nobiscum
663 664 718 709 in
749 663 1066 709 revelatione

139 734 362 781 Domini
384 734 505 779 Jesu
528 732 588 777 de
608 731 754 777 coelo
775 744 889 777 eum
907 744 1066 789 ange-

139 803 204 848 lis
227 800 446 847 virtutis
467 800 576 857 ejus
589 791 634 858 d,

209 873 258 915 8.
299 870 360 914 in
380 870 578 913 flamma
597 865 730 923 ignis
742 870 762 893 θ
773 865 937 911 dantis
950 866 1066 910 vin-

143 938 332 983 dictam
352 936 439 993 iis,
457 935 543 991 qui
561 947 668 977 non
686 934 945 978 noverunt
961 933 1066 978 De-

138 1018 242 1062 um,
265 1007 322 1049 et
341 1002 434 1059 qui
451 1015 556 1046 non
578 1000 1068 1056 obediuntEvange-

142 1072 214 1115 lio
239 1069 460 1117 Domini
477 1067 646 1113 nostri
663 1068 694 1112 J
697 1080 787 1111 esu
807 1066 1010 1124 Christi,

211 1141 257 1181 9.
279 1138 374 1193 qui
394 1147 589 1193 poenas
603 1123 830 1178 dabunts
841 1132 894 1177 in
905 1132 1068 1178 inter-

141 1206 214 1250 itu
236 1209 484 1250 aeternas
505 1214 534 1247 a
554 1200 683 1247 facie
711 1200 935 1259 Domini,
967 1202 1019 1245 et
1037 1213 1068 1246 a

145 1272 315 1329 gloria
338 1269 545 1316 virtutis
566 1268 705 1326 ejus3

211 1341 298 1384 10.
339 1351 458 1384 cum
495 1336 692 1382 venerit
717 1333 994 1393 glorificari
1012 1334 1068 1379 in

69 1438 72 1443 -
146 1406 340 1452 sanctis
371 1404 505 1462 suis,
537 1405 588 1449 et
616 1402 921 1449 admirabilis
957 1402 1068 1448 fieri

146 1474 198 1518 in
221 1473 481 1529 omnibus,
495 1471 580 1527 qui
600 1470 937 1528 crediderunt,
951 1469 1068 1526 quia

147 1534 405 1587 creditum
452 1541 531 1584 est
579 1537 923 1583 testimonium
967 1550 1067 1583 no·

147 1612 311 1654 strum
333 1620 489 1663 super
510 1618 604 1650 vos
623 1606 677 1649 in
697 1605 777 1649 die
798 1604 905 1649 illo.

217 1678 302 1721 11.
335 1676 401 1719 In
421 1685 521 1729 quo
543 1672 692 1716 etiam
713 1682 913 1715 oramus
935 1683 1068 1715 sem-

146 1757 239 1800 per
271 1755 374 1800 pro
405 1739 576 1795 vobis3
613 1739 670 1781 ut
707 1736 940 1793 dignetur
975 1749 1069 1781 vos

147 1809 433 1855 vocatione
471 1818 562 1850 sua
598 1804 736 1849 Deus
776 1804 951 1847 noster
966 1833 980 1860 ,
1020 1804 1071 1847 et

148 1876 368 1934 impleat
398 1885 598 1918 omnem
627 1870 943 1916 voluntatem
976 1870 1069 1914 bo-

149 1943 350 2001 nitatis,
376 1943 427 1987 et
449 1952 574 1998 opus
593 1938 708 1985 fidei
728 1938 782 1984 in
801 1937 1006 1995 virtute,

217 2014 304 2056 12.
341 2012 404 2056 ut
423 2009 723 2055 clarificetur
751 2018 938 2050 nomen
958 2005 1068 2050 Do-

151 2079 279 2124 mini
317 2076 490 2122 nostri
517 2076 640 2121 Jesu
674 2073 862 2119 Christi
889 2073 940 2118 in
975 2085 1068 2118 vo-

153 2146 228 2191 bis
242 2177 256 2203 ,
279 2149 333 2191 et
352 2156 450 2190 vos
471 2143 525 2188 in
545 2143 634 2188 illo
656 2140 929 2188 secundum
949 2153 1067 2197 gra-

155 2213 278 2257 tiam
295 2212 397 2258 Dei
417 2211 605 2269 nostri,
637 2212 688 2256 et
711 2208 918 2254 Domini
945 2208 1068 2254 Jesu

159 2279 366 2325 Christi.

475 2407 644 2459 CAP.
698 2407 766 2456 ΙΙ.

160 2510 395 2556 Quaedam
418 2507 471 2548 de
493 2507 566 2548 die
586 2506 783 2553 Domini,
805 2509 853 2547 et
883 2504 938 2546 tle
955 2504 1067 2553 filio,

235 2566 311 2619 qui
333 2564 523 2606 obscure
539 2566 748 2610 vocatur,
769 2561 990 2602 interitus.

227 2660 273 2703 1.
310 2659 566 2714 Rogamus
602 2657 770 2701 autem
805 2667 926 2712 vos,
964 2655 1070 2699 fra-

159 2723 287 2770 tres!
330 2738 424 2782 per
454 2724 724 2768 adventum
741 2719 948 2766 Domini
972 2733 1071 2765 no-

162 2792 254 2836 stri
271 2793 301 2836 J
305 2806 398 2838 esu
419 2789 628 2847 Christi,
651 2791 702 2834 et
719 2790 927 2834 nostrae
947 2800 1072 2833 con-

169 2857 486 2917 gregationis
506 2857 561 2901 in
577 2856 804 2912 ipsum33

231 2926 277 2968 2.
327 2929 384 2970 ut
421 2937 526 2968 non
565 2923 664 2967 cito
701 2920 1007 2966 moveamini
1045 2933 1074 2965 a

211 3020 356 3057 ⁰Phil.
393 3025 436 3063 1,
471 3022 529 3056 28.
566 3022 628 3055 29.
684 3015 870 3052 dMatth.
906 3019 974 3056 25,
1011 3020 1073 3054 31.

166 3068 188 3099 1
205 3064 353 3104 Thess.
369 3069 412 3109 4,
429 3069 488 3103 16.
537 3072 556 3092 ³
571 3068 594 3100 2
611 3064 717 3100 Petr.
735 3068 780 3104 3,
802 3067 836 3100 7.
883 3059 910 3093 f
928 3063 1071 3100 Matth.

166 3113 226 3152 25,
246 3114 307 3150 41.
332 3118 370 3155 7,
387 3116 448 3150 23.
495 3117 520 3146 e
535 3116 558 3149 1
579 3109 722 3147 Thess.
741 3112 781 3153 4,
799 3113 856 3146 12.
877 3121 894 3144 s
907 3120 965 3157 μὶ.

1942 169 2040 219 327

1137 267 1309 310 vestro
1331 280 1507 326 sensu,
1538 282 1700 325 neque
1730 272 2041 330 terreamini,

1135 344 1300 388 neque
1339 346 1430 389 per
1468 335 1713 395 spiritum,
1750 350 1915 393 neque
1952 352 2042 395 per

1137 411 1421 445 sermonem
1435 431 1451 459 ,
1472 414 1633 457 neque
1652 417 1743 459 per
1762 404 2043 462 Epistolam

1136 467 1387 522 tamquam
1405 480 1495 524 per
1515 482 1610 514 nos
1630 470 1830 517 missam
1841 464 1886 531 ἢ,
1899 472 2041 529 quasi

1135 531 1293 579 instet
1310 534 1416 579 dies
1436 535 1656 581 Domini.

1206 618 1250 661 3.
1297 618 1375 663 Ne
1415 618 1525 674 quis
1566 632 1657 663 vos
1696 621 1900 667 seducat
1938 624 2041 667 ullo

1133 684 1315 742 mod03
1342 686 1580 741 quoniam
1600 686 1701 731 nisi
1721 690 1920 734 venerit
1938 690 2039 735 dis-

1137 752 1302 797 cessio
1322 753 1553 813 primum,
1565 755 1616 799 et
1625 755 1879 800 revelatus
1890 757 2043 801 fuerit

1134 819 1288 864 homo
1311 820 1521 879 peccati,
1544 821 1675 866 filius
1696 822 1995 879 perditionis
2008 819 2041 882 1',

1203 905 1251 948 4.
1290 904 1376 959 qui
1401 904 1722 964 adversatur,
1754 908 1805 951 et
1834 906 2041 952 extolli-

1135 971 1219 1015 tur
1257 982 1408 1027 supra
1455 985 1631 1030 omne,
1681 974 1815 1029 quod
1862 974 2042 1019 dicitur

1135 1037 1292 1095 Deus,
1314 1041 1401 1083 aut
1418 1039 1549 1095 quod
1573 1039 1783 1097 colitur;
1817 1040 1889 1085 ita
1918 1044 1971 1086 ut
1989 1042 2045 1087 in

1137 1103 1326 1162 templo
1345 1105 1443 1150 Dei
1465 1106 1665 1166 sedeat,
1696 1108 1967 1154 ostendens
1988 1122 2042 1153 se

1135 1173 1387 1227 tamquam
1406 1172 1471 1217 sit
1488 1172 1641 1218 Deus.

1206 1242 1252 1283 5.
1286 1240 1405 1284 Non
1424 1239 1656 1286 retinetis
1670 1242 1801 1297 quod
1823 1257 1933 1288 cum
1953 1244 2044 1291 ad-

1136 1306 1234 1351 huc
1252 1319 1417 1351 essem
1445 1307 1576 1365 apud
1604 1320 1721 1369 vos,
1751 1310 1876 1355 haec
1906 1310 2043 1356 dice-

1137 1375 1252 1419 bam
1270 1364 1449 1420 vohis&
1458 1375 1480 1419 ’.ὃ

1206 1442 1252 1485 6.
1288 1440 1358 1485 Et
1383 1454 1519 1487 nunc
1548 1441 1666 1499 quid
1695 1442 1916 1488 detineat
1943 1444 2043 1488 sci-

1137 1507 1220 1567 tis,
1245 1510 1299 1553 ut
1315 1508 1574 1554 reveletur
1593 1509 1646 1555 in
1667 1523 1758 1555 suo
1778 1513 2023 1567 tempore.

1204 1594 1252 1638 7.
1281 1593 1407 1637 Nam
1426 1593 1719 1651 mysterium
1735 1594 1839 1651 jam
1860 1607 2043 1651 opera-

1136 1662 1219 1703 tur
1258 1659 1537 1714 iniquitatis
1548 1652 1582 1718 l,
1628 1662 1823 1705 tantum
1867 1665 1923 1705 ut
1960 1661 2045 1717 qui

1137 1727 1279 1769 tenet
1296 1739 1449 1784 nunc,
1469 1726 1657 1785 teneat,
1676 1727 1837 1773 donec
1857 1727 1917 1773 de
1934 1741 2043 1773 me-

1140 1791 1222 1835 dio
1244 1793 1344 1835 fiat.

1208 1860 1253 1901 8.
1288 1857 1356 1901 Et
1372 1860 1493 1903 tunc
1510 1858 1817 1905 revelabitur
1835 1857 1924 1905 ille
1942 1860 2044 1904 ini—

1138 1938 1283 1983 quus,
1297 1938 1441 1981 quem
1452 1925 1705 1972 Dominus·
1717 1927 1748 1971 J
1750 1939 1865 1972 esus
1882 1927 2044 1973 inter-

1137 1993 1272 2039 ficiet
1308 1993 1487 2049 spiritu
1525 1993 1629 2038 oris
1668 1993 1816 2051 euim,
1866 1996 1917 2039 et
1955 1995 2044 2040 de-

1137 2061 1300 2106 struet
1328 2059 1668 2107 illustratione
1692 2061 1936 2107 adventus
1967 2063 2045 2107 sui

1137 2142 1267 2174 eum.

1201 2198 1247 2240 9.
1286 2195 1440 2252 Cujus
1472 2198 1549 2241 est
1583 2195 1827 2241 adventus
1860 2209 2044 2242 secuu-

1138 2264 1254 2309 dum
1308 2263 1659 2320 operationem
1711 2266 1935 2322 satanae,
1989 2264 2044 2308 in

1139 2329 1279 2376 omni
1297 2331 1509 2388 virtute,
1542 2333 1593 2376 et
1620 2331 1807 2389 signis,
1842 2333 1894 2376 et
1920 2343 2043 2388 pro-

1139 2397 1287 2455 digiis
1309 2397 1649 2456 mendacibus,

1206 2465 1285 2508 10.
1325 2465 1375 2510 et
1392 2465 1444 2508 in
1466 2463 1604 2508 omni
1632 2463 1925 2509 seductione
1946 2463 2045 2508 ini-

1139 2530 1341 2586 quitatis
1360 2530 1441 2588 iis,
1464 2530 1548 2585 qui
1567 2532 1807 2586 pereunt3
1829 2542 1889 2575 eo
1914 2530 2048 2584 quod

1141 2597 1432 2643 charitatem
1454 2596 1681 2642 veritatis
1709 2609 1814 2640 non
1834 2609 2045 2652 recepe-

1124 2666 1277 2722 runt,
1294 2666 1352 2708 ut
1370 2662 1499 2708 salvi
1518 2665 1711 2708 fierent.
1781 2662 1901 2708 ldeo
1929 2663 2046 2709 mit-

1139 2733 1249 2776 tetn
1283 2729 1387 2776 illis
1414 2731 1553 2775 Deus
1584 2729 1933 2786 operationem
1962 2745 2046 2776 er-

1139 2797 1293 2856 roris,
1313 2800 1369 2842 ut
1389 2797 1595 2843 credant
1611 2796 1872 2843 mendacio
1888 2813 1903 2854 ς

1209 2865 1289 2908 11.
1324 2866 1381 2909 ut
1404 2863 1695 2921 judicentur
1728 2876 1927 2925 omnes,
1962 2868 2047 2922 qui

1183 2970 1209 3003 b
1228 2971 1275 3009 cf.
1315 2984 1347 3009 c.
1382 2976 1427 3015 3,
1463 2976 1521 3009 17.
1569 2968 1585 2997 2‘
1602 2972 1747 3010 Matth.
1778 2976 1848 3016 24,
1884 2978 1923 3010 4.
1962 2985 2046 3021 sqq.

1141 3024 1162 3056 1
1179 3017 1269 3055 Joh.
1288 3021 1335 3060 2,
1356 3021 1414 3056 18.
1479 3016 1501 3044 7⁶
1518 3017 1611 3055 Act.
1633 3024 1701 3060 17,
1722 3024 1756 3055 1.
1823 3019 1837 3046 ι
1856 3026 1876 3056 l
1893 3020 1982 3055 Joh.
2010 3023 2047 3060 2,

1139 3067 1202 3150 ἐξ.
1249 3072 1281 3092 ⁷⁶
1296 3065 1375 3101 ἔω.
1393 3069 1463 3110 11,
1487 3067 1527 3104 4.
1574 3073 1596 3092 ’δ
1612 3065 1729 3102 Rom.
1749 3073 1793 3110 1,
1819 3071 1879 3104 21.
1904 3070 1962 3104 22.
1982 3068 2045 3100 Ἃ·

284 3259 399 3314 Cap.
428 3259 465 3300 I.
524 3263 564 3301 5.
596 3257 848 3300 habeamini
871 3271 1004 3310 regno
1026 3259 1114 3301 Dei
1137 3260 1281 3312 (deest
1296 3260 1381 3312 in).
1441 3265 1481 3304 6.
1514 3261 1585 3304 his
1606 3265 1680 3317 qui
1708 3276 1785 3304 vos
1815 3259 2046 3302 tribulant.

173 3316 213 3353 8-
246 3313 318 3356 his
337 3316 535 3366 quinon.
594 3318 636 3356 9.
666 3315 714 3356 in
742 3315 988 3356 interitum.
1049 3319 1114 3356 11.
1146 3316 1273 3357 Deus
1302 3318 1446 3369 (deest
1471 3321 1659 3372 noster).
1772 3317 1834 3358 ΙΙ.
1892 3321 1933 3356 2.
1965 3329 2048 3370 per

173 3369 416 3422 epistolam
436 3378 646 3424 tanquam
667 3383 750 3424 per
766 3384 848 3411 nos
864 3369 1008 3423 (deest
1023 3370 1241 3425 missam).
1301 3376 1341 3414 5.
1364 3387 1461 3415 cum
1482 3387 1679 3416 essemus
1692 3374 1835 3426 (deest
1852 3371 2045 3423 adhuc);

174 3421 284 3466 ibid.
327 3427 597 3468 dicebamus.
657 3429 697 3468 9.
728 3427 907 3474 virtute,
947 3427 1088 3479 signis
1128 3427 1271 3480 (deest
1306 3429 1387 3482 et).
1448 3433 1515 3472 10.
1545 3431 1593 3472 in
1631 3429 1751 3471 omni
1791 3427 2045 3469 seductione

180 3478 320 3532 (deest
337 3483 402 3536 et)
419 3498 431 3532 ;
449 3480 558 3526 ibid.
581 3481 650 3524 his
670 3481 759 3536 qui.
