2376 3925
260 171 328 221 ⁷2

838 152 1198 210 MARCUS.

1270 151 1446 204 GAP.
1484 153 1569 202 10.

258 219 2174 256 Μ

263 267 534 330 Magister!
565 267 691 312 haec
710 262 885 311 omnia
903 257 1178 308 observavi

266 355 297 387 a
311 337 583 398 jnventute
601 345 731 379 mea.

334 408 415 451 21.
450 404 482 448 J
484 415 599 448 esus
619 401 789 446 autem
815 395 1027 443 intuitus
1046 406 1177 451 eum,

268 472 451 521 dilexit
468 483 600 526 eum,
622 470 673 514 et
692 465 824 512 dixit
841 463 892 510 ei
904 476 915 508 :
928 464 1094 508 Unum
1109 460 1179 505 ti·-

266 541 321 590 bi
350 535 512 585 deesti
539 533 693 582 vade!
724 542 1066 591 quaecumque
1085 527 1178 574 ha-

266 611 377 666 bes,
396 604 563 651 vende
577 634 591 662 ,
614 605 666 650 et
684 602 745 648 da
762 597 1067 658 pauperibus
1081 625 1097 654 ,
1130 595 1182 640 et

268 672 475 721 habebis
486 677 517 713 Ρ
535 672 830 716 thesaurum
845 666 903 712 in
922 661 1099 719 coelo;
1130 663 1183 707 et

269 741 409 800 veni,
431 751 643 796 sequere
662 733 765 781 mel

338 811 421 854 22.
459 806 558 860 Qui
578 802 905 851 contristatus
925 799 982 845 in
999 799 1179 858 verbo,

272 877 396 923 abiit
411 884 676 928 moerens3
708 871 818 915 erat
838 867 974 914 enim
990 866 1181 913 habens

271 944 453 990 multas
472 937 844 999 possessiones.

342 1012 423 1055 23.
458 1008 528 1053 Et
564 1002 977 1062 circumspiciens
1014 1001 1183 1058 Iesus,

275 1080 347 1124 ait
365 1073 625 1133 discipulis
645 1072 773 1118 suis:
789 1072 950 1124 Quam
966 1066 1183 1126 difficile,

276 1145 362 1203 qui
383 1142 627 1202 pecunias
655 1140 870 1199 habent,
899 1138 955 1184 in
973 1149 1190 1194 regnum

274 1211 375 1258 Dei
388 1205 697 1257 introibunt!

346 1281 429 1324 24.
461 1274 715 1333 Discipuli
750 1276 919 1320 autem
946 1272 1190 1327 obstupe-

279 1347 489 1394 scebant
506 1344 562 1390 in
574 1342 745 1390 verbis
759 1341 886 1398 ejus.
957 1341 1023 1384 At
1039 1338 1190 1384 Iesus

278 1425 457 1460 rursus
474 1409 821 1469 respondens,
852 1407 923 1452 ait
940 1405 1069 1452 illis:
1101 1403 1192 1448 Fi-

278 1479 416 1527 lioli!
438 1491 585 1535 quam
605 1475 803 1521 difficile
824 1475 917 1532 est,
932 1471 1194 1518 confiden-

282 1552 359 1595 tes
386 1547 441 1592 in
464 1542 725 1603 pecuniis,
762 1542 819 1588 in
844 1553 1059 1598 regnum
1095 1537 1197 1583 Dei

283 1609 525 1662 introire!

353 1685 433 1728 25.
468 1678 691 1726 Facilius
728 1679 807 1723 est
834 1673 1079 1723 camelum
1105 1685 1198 1731 per

286 1753 521 1798 foramen
539 1761 659 1794 acus
678 1745 899 1791 transire
914 1775 929 1803 ,
952 1755 1099 1800 quam
1119 1740 1199 1786 di-

286 1820 446 1867 vitem
464 1817 658 1863 intrare
677 1814 732 1860 in
751 1825 966 1871 regnum
983 1809 1099 1856 Dei.

357 1889 438 1931 26.
476 1884 577 1937 Qui
612 1881 773 1940 magis
806 1878 1200 1935 admirabantur,

292 1955 517 2001 dicentes
537 1951 601 1997 ad
628 1951 788 1997 semet
804 1948 972 2007 ipsos:
1003 1945 1072 1991 Et
1090 1942 1201 2002 quis

288 2023 459 2081 potest
477 2020 648 2065 salvus
667 2016 814 2063 fieri?

359 2088 440 2130 27.
478 2086 547 2130 Et
564 2085 767 2129 intuens
789 2078 907 2125 illos
926 2080 958 2124 J
961 2090 1094 2137 esus,
1104 2078 1203 2123 ait:

291 2152 439 2211 Apud
474 2150 708 2195 homines
754 2144 1069 2204 impossibile
1108 2146 1202 2203 est,

294 2220 383 2269 sed
404 2231 510 2264 non
530 2216 863 2274 apudDeum;
887 2213 1057 2259 omnia
1069 2211 1205 2259 enim

295 2285 559 2347 possibilia
577 2285 695 2329 sunt
715 2280 847 2340 apud
863 2280 1042 2327 Deum.

362 2358 444 2400 28.
479 2353 548 2398 Et
567 2350 738 2409 coepit
756 2349 993 2395 eiPetrus
1008 2347 1204 2395 dicere:

293 2420 454 2471 Ecce!
492 2433 588 2467 nos
620 2416 895 2465 dimisimus
930 2416 1117 2476 omnia,
1156 2416 1210 2460 ct

296 2490 458 2539 secuti
477 2501 646 2537 sumus
664 2489 732 2532 te.

366 2562 447 2605 29.
501 2553 835 2613 Respondeas
887 2553 919 2597 J
921 2564 1055 2612 esus,
1110 2550 1208 2598 ait:

298 2630 459 2673 Amen
497 2626 611 2671 dico
650 2620 827 2669 vobis:
870 2621 1065 2666 Nemoq
1112 2622 1208 2677 est,

301 2693 386 2750 qui
421 2690 688 2750 reliquerit
724 2690 943 2746 domum,
980 2687 1067 2733 aut
1101 2686 1210 2731 fra-

298 2765 424 2818 tres,
444 2765 531 2805 aut
549 2771 775 2819 sorores,
796 2758 883 2803 aut
900 2756 1111 2813 patrem,
1124 2755 1214 2800 aut

300 2829 530 2885 matrem,
542 2830 629 2873 aut
644 2827 795 2886 filios,
808 2826 895 2871 aut
912 2834 1065 2881 agros
1085 2834 1211 2880 pro-

302 2896 416 2955 pter
434 2906 514 2938 me
526 2923 541 2951 ,
563 2895 614 2939 et
631 2897 841 2952 propter
861 2889 1211 2949 evangelium3

374 2961 455 3007 30.
502 2959 589 3017 qui
622 2973 731 3005 non
766 2960 982 3018 accipiat
1020 2958 1212 3005 centies

304 3031 501 3078 tantum
512 3058 529 3088 ,
566 3040 701 3073 nunc
736 3026 793 3073 in
829 3030 1058 3086 tempore
1096 3027 1212 3084 hoc,

308 3100 514 3156 domos,
535 3096 587 3141 et
604 3095 816 3151 fratres,
837 3096 889 3140 et
906 3108 1114 3141 sorores
1128 3124 1142 3153 ,
1164 3094 1216 3140 et

353 3203 377 3229 Ρ
396 3190 542 3233 Mstth.
560 3194 597 3235 6,
614 3194 675 3229 20.
722 3196 740 3226 1
756 3188 903 3229 Mel-th.
921 3195 982 3233 19,
999 3193 1061 3229 28.
1082 3201 1168 3239 sqq.

1245 257 1452 314 matres,
1493 258 1546 300 et
1563 252 1715 312 filios,
1755 253 1808 298 et
1833 263 2012 310 agros,
2050 263 2170 296 cum

1246 321 1708 381 persecutionibus,
1722 319 1776 364 et
1792 317 1846 362 in
1856 317 2066 364 saeculo
2079 317 2169 364 fu-

1245 393 1364 436 turo
1384 389 1541 434 vitam
1559 389 1838 433 aeternam.

1315 457 1396 502 31.
1431 453 1584 501 Multi
1619 455 1788 499 autem
1826 453 1980 499 erunt
2012 450 2172 509 primi

1245 521 1533 580 novissimi,
1557 522 1607 566 et
1624 519 1901 566 novissimi
1917 518 2086 577 primi.

1315 591 1397 636 32.
1417 589 1613 634 rErant
1621 590 1792 633 autem
1810 587 1866 633 in
1875 587 1964 632 via
1979 597 2168 632 ascen-

1249 657 1426 704 dentes
1446 655 1841 714 lerosolymam3
1873 656 1926 700 et
1950 667 2167 712 praece-

1250 726 1398 773 debat
1427 723 1544 770 illos
1581 724 1613 768 J
1616 735 1750 781 esus,
1791 723 1843 768 et
1867 722 2168 780 stupebant3

1248 796 1303 838 et
1337 793 1609 848 sequentes
1645 791 1906 836 timebant.
1973 789 2046 834 Et
2079 800 2169 834 as·

1251 872 1454 906 sumens
1475 859 1660 905 iterum
1679 856 1946 903 duodecim
1960 887 1976 916 ,
1998 855 2172 914 coepit

1252 927 1356 974 illis
1376 926 1546 973 dicere
1559 957 1574 985 ,
1595 938 1724 982 quae
1745 924 1918 970 essent
1935 923 1987 970 ei
2006 935 2173 969 even-

1251 998 1382 1042 tura.

1322 1064 1404 1108 33.
1442 1061 1574 1116 Quia
1593 1057 1734 1106 ecce!
1757 1057 2173 1106 ascendimusle-

1254 1130 1584 1189 rosolymam,
1641 1129 1694 1172 et
1738 1125 1900 1173 Filius
1946 1126 2176 1172 hominis

1255 1197 1483 1243 tradetur
1495 1194 1806 1254 principibus
1820 1193 2176 1252 sacerdotum,

1260 1268 1311 1311 et
1330 1264 1520 1311 Scribis
1542 1264 1593 1308 et
1613 1260 1937 1321 Senioribus,
1960 1262 2011 1307 et
2027 1259 2176 1306 dam-

1259 1333 1452 1379 nabunt
1489 1344 1604 1376 eum
1638 1331 1832 1389 morte,
1884 1330 1938 1375 et
1971 1327 2183 1374 tradent

1263 1414 1376 1446 eum
1395 1398 1646 1456 gentibus.

1331 1467 1412 1513 34.
1431 1465 1501 1510 Et
1518 1463 1734 1511 illudent
1749 1463 1812 1522 ei,
1825 1463 1878 1508 et·
1887 1466 2184 1521 conspuent

1265 1547 1404 1594 eum,
1437 1536 1488 1578 et
1505 1531 1828 1590 flagellabunt
1846 1542 1990 1589 eum,
2024 1532 2080 1576 et
2095 1531 2184 1576 in-

1264 1600 1544 1648 terficient-⁹
1576 1613 1718 1657 eum3
1746 1600 1797 1644 et
1813 1597 1968 1643 tertia
1988 1597 2074 1648 die
2092 1611 2184 1644 re-

1266 1671 1456 1726 surget.
1833 1719 1845 1732 ·

1336 1738 1417 1782 35.
1453 1734 1546 1780 tEt
1571 1733 1817 1781 accedunt
1852 1732 1918 1780 ad
1947 1747 2067 1779 eum
2094 1734 2185 1779 Ja-

1269 1807 1424 1852 cobus
1445 1805 1498 1850 et
1513 1804 1741 1849 Joannes
1756 1832 1770 1861 ,
1799 1800 1893 1848 filii
1911 1800 2186 1860 Zebedaei,

1271 1873 1523 1919 dicentes:
1543 1867 1814 1928 Magister!
1845 1868 2084 1916 volumus
2095 1899 2110 1928 ,
2129 1873 2190 1914 ut

1271 1939 1616 1997 quodcumque
1653 1936 1980 1998 petierimus,
2029 1936 2186 1984 facias

1270 2007 1435 2053 nobis.

1341 2075 1420 2119 36.
1455 2074 1523 2119 At
1540 2072 1628 2119 ille
1649 2072 1781 2119 dixit
1801 2072 1902 2119 eis:
1925 2072 2061 2127 Quid
2072 2072 2190 2118 vul-

1270 2142 1354 2201 tis,
1375 2144 1432 2187 ut
1449 2142 1630 2187 faciam
1649 2141 1830 2187 vobis?

1341 2210 1422 2255 37.
1456 2208 1526 2253 Et
1545 2207 1809 2254 dixerunt:
1829 2208 1910 2254 Da
1927 2208 2106 2268 nobis,
2135 2210 2193 2255 ut

1271 2290 1404 2324 unus
1425 2276 1486 2321 ad
1508 2275 1771 2322 dexteram
1787 2277 1956 2337 tuam,
1989 2278 2041 2323 et
2059 2275 2190 2322 alius

1276 2344 1340 2389 ad
1358 2344 1616 2389 sinistram
1643 2346 1782 2389 tuam
1811 2343 2106 2403 sedeamus,
2135 2344 2190 2389 in

1276 2411 1442 2471 gloria
1461 2412 1562 2457 tua.

1346 2480 1425 2524 38.
1445 2478 1476 2524 J
1480 2491 1594 2524 esus
1617 2479 1784 2524 autem
1803 2477 1874 2524 ait
1893 2476 1968 2523 eis
1982 2490 1995 2524 ε
2008 2478 2192 2525 Nesci-

1275 2546 1368 2605 tis,
1400 2545 1518 2603 quid
1536 2544 1740 2604 petatis!
1771 2544 1986 2604 potestis
2015 2546 2193 2593 bibere

1279 2613 1504 2672 calicem,
1543 2627 1691 2669 quem
1729 2618 1864 2671 egou
1899 2613 2053 2660 bibo?
2106 2615 2196 2659 aut

1277 2680 1545 2740 baptismo,
1567 2693 1666 2738 quo
1689 2694 1786 2739 ego
1797 2687 1824 2711 ν
1834 2680 2088 2739 baptizor,
2099 2683 2191 2727 ba·

1278 2748 1491 2807 ptizariil

1349 2818 1428 2862 39.
1463 2816 1531 2861 At
1547 2816 1626 2862 illi
1645 2816 1888 2862 dixerunt
1906 2815 1980 2862 ei:
2002 2816 2195 2863 Possu-

1279 2882 1414 2931 mus!
1444 2885 1476 2929 J
1479 2898 1594 2930 esus
1622 2886 1790 2931 autem
1821 2882 1893 2929 ait
1912 2884 2014 2929 eis:
2055 2883 2196 2929 Gali-

1283 2967 1392 3000 cem
1411 2952 1634 3012 quidem,
1657 2966 1805 3009 quem
1823 2964 1919 3009 ego
1941 2951 2088 3012 bibo,
2118 2952 2198 2998 bi-

1327 3057 1346 3076 v·
1361 3061 1402 3085 v.
1419 3052 1594 3088 32—34.
1633 3048 1780 3085 Matth.
1799 3051 1861 3091 20,
1881 3052 2052 3087 17—19.
2091 3047 2200 3085 Luc.

1281 3100 1342 3140 18,
1359 3098 1534 3135 31—34.
1581 3094 1904 3138 ⁸Mstth.16,21.
1949 3096 2199 3134 ‘mas-⁴5.

1281 3142 1428 3228 ἒξειῑὸῑὲι.
1447 3146 1510 3184 20,
1521 3145 1692 3180 20—28.
1739 3148 1761 3167 u
1777 3140 2008 3185 Joh.18,11.
2053 3148 2076 3168 ¹¹
2090 3140 2199 3179 Luc.

1329 3216 1342 3234 ‚
1407 3215 1420 3228 0

428 3342 543 3396 Cap.
573 3337 637 3380 x:
696 3343 766 3380 21.
797 3337 883 3380 illi.
960 3342 1031 3393 22.
1071 3340 1382 3393 possessiones
1409 3338 1590 3381 multas.
1669 3342 1738 3381 28.
1779 3338 1934 3393 coepit
1957 3336 2131 3381 Petrus
2158 3340 2204 3381 ei

314 3399 480 3441 dicere.
539 3399 609 3439 29.
642 3398 719 3435 aut
737 3398 924 3435 matrem
944 3398 1024 3435 aut
1042 3399 1235 3447 patrem.

1294 3398 1364 3435 30.
1402 3407 1500 3436 cum
1518 3396 1884 3449 persecutoribus
1915 3394 1934 3449 (
1951 3394 2031 3443 sic,
2051 3394 2096 3436 εἰ
2110 3408 2206 3437 non

312 3459 383 3494 est
400 3452 607 3511 σφάλμα).
666 3454 735 3491 32.
766 3449 1065 3491 ascendentes
1091 3448 1139 3489 in
1158 3446 1489 3499 Hierosolyma.
1548 3454 1618 3491 33.
1648 3451 1696 3493 ἱιι
1717 3448 2061 3502 Hierosolyma3
2088 3450 2204 3494 ibid.

315 3507 462 3551 omm-
484 3513 533 3551 et
551 3506 825 3551 Senioribus.
885 3508 954 3549 34.
985 3504 1262 3548 interficient
1275 3516 1376 3547 eum
1399 3505 1540 3559 (deest
1557 3506 1641 3561 et).
