2376 3925
283 143 454 188 XXVI
713 139 1265 185 COMMENTATlo
1322 141 1740 186 ISAGonA.

282 273 458 348 genui
479 272 678 339 animi,
699 278 758 322 et
771 270 1105 344 sagacitatis
1123 269 1491 324 meritissima
1508 269 1675 325 lande
1690 269 1969 342 florentis,
1988 289 2161 346 quam

281 359 346 410 in
379 362 543 408 textu
587 353 840 406 stanneis
873 351 1074 406 formis
1111 351 1481 406 describendo
1518 369 1897 426 sequeremur.
1984 352 2160 409 Prae-

284 437 631 491 termisimus
667 443 858 489 tamen
873 474 891 505 ,
925 451 1001 488 ne
1045 435 1369 508 antiquiora
1393 442 1592 490 nostra
1616 437 1795 490 variis
1822 436 1952 490 aliis
1980 435 2161 492 fonti-

285 520 390 574 bus
416 527 634 574 temere
674 519 1207 586 commiscerentur,
1250 517 1526 572 lectiones
1570 519 1891 588 variantes,
1934 536 2078 594 quae
2126 539 2161 574 e

287 602 650 656 correctoriis
679 597 952 655 Romanis
987 599 1230 673 aliisque
1264 599 1673 654 vetustioribus
1700 603 1975 674 exemplis
1999 603 2159 675 prelo

287 685 602 738 commissis
641 685 702 737 in
733 682 993 756 margine
1028 677 1273 738 Enniani
1313 681 1447 738 libri
1482 683 1666 738 rarius
1702 691 1967 738 enotatae
2006 694 2157 741 sunt.

285 765 468 823 Multa
503 767 720 821 leviora
756 772 945 818 errata
980 762 1124 818 bene
1159 763 1231 818 ab
1257 763 1475 820 editore
1500 773 1759 820 correcta
1783 765 1923 821 vidi.
2008 765 2161 837 Alia,

285 867 430 924 quae
465 867 539 904 ex
565 847 812 902 editione
841 843 1074 902 Sixtina
1102 865 1152 902 a.
1187 845 1361 902 1590.
1396 851 1748 921 rejecerant,
1791 851 1890 923 qui
1928 853 2159 924 sequuti

287 943 442 1002 sunt,
470 930 726 986 homines
753 931 964 1000 critici,
991 939 1050 984 et
1073 947 1187 986 van
1204 927 1315 984 Ess
1340 932 1405 984 in
1429 932 1745 1006 marginem
1770 931 2159 1006 ablegaverat,

284 1023 479 1070 noster
513 1013 694 1067 codex
735 1011 1110 1068 confirmavit.
1197 1010 1292 1067 Ex
1332 1031 1442 1089 quo
1482 1013 1845 1068 manifestum
1874 1023 1989 1084 est,
2018 1012 2161 1070 Six-

283 1099 406 1151 tina
443 1095 649 1166 biblia,
695 1097 1056 1170 quantumvis
1094 1104 1315 1152 scatere
1353 1096 1639 1152 erroribus
1676 1105 1734 1151 et
1768 1095 2159 1152 festinationis

282 1179 512 1234 indiciis
555 1187 724 1253 atque
759 1178 1020 1254 vestigiis
1065 1170 1159 1254 (in
1196 1177 1257 1232 V.
1300 1186 1491 1234 tamen
1540 1177 1717 1235 multo
1746 1179 2157 1254 frequentius,

283 1279 453 1336 quam
479 1263 540 1316 in
569 1257 638 1315 N.
671 1256 770 1340 T.)
810 1263 936 1316 visa
963 1264 1079 1316 sint
1103 1256 1441 1336 aequalibus
1472 1257 1564 1340 ¹),
1606 1270 1869 1335 respectu
1909 1261 2159 1316 fontium

282 1346 648 1419 antiquorum
681 1345 1098 1416 praestantiora
1136 1344 1323 1399 videri
1352 1342 1723 1399 clementinis
1736 1383 1753 1414 ,
1797 1361 2037 1418 quorum
2060 1361 2157 1398 re-

287 1429 512 1496 censio,
539 1427 692 1481 intra
721 1426 914 1480 decem
941 1434 1001 1481 et
1023 1442 1228 1482 novem
1254 1426 1395 1497 dies,
1427 1425 1769 1504 Zagarolae
1796 1427 1859 1481 in
1890 1425 2158 1483 confiniis

282 1506 498 1563 Romae
525 1508 778 1581 perfecta
807 1517 894 1563 est
925 1505 1007 1586 ²).
1071 1507 1272 1583 Neque
1297 1512 1429 1565 talis
1460 1510 1739 1564 correctio
1766 1499 2157 1582 supplementa

283 1608 398 1645 non
427 1591 686 1659 admisit,
731 1608 876 1666 quae
909 1591 1073 1664 plura
1108 1591 1443 1664 prodierunt
1467 1593 1693 1646 iteratis
1722 1591 2067 1647 editionibus
2094 1603 2155 1646 et

284 1675 646 1729 correctoriis
673 1673 930 1745 adjectis.
1015 1670 1379 1730 Examinatis
1406 1683 1596 1730 autem
1622 1674 2060 1749 antiquioribus,
2086 1685 2153 1730 ut

279 1755 500 1812 Veneta
535 1749 616 1831 (a.
653 1756 825 1812 1755.
863 1757 920 1811 4.
964 1763 1114 1812 auct.
1141 1752 1201 1810 J.
1227 1755 1297 1812 B.
1329 1760 1405 1815 du
1432 1756 1664 1812 Hamel.
1693 1753 1764 1811 T.
1791 1754 1834 1810 1.
1863 1754 1934 1812 Π.
1964 1775 2038 1812 ex
2060 1766 2155 1832 ty·-

277 1838 592 1916 pograpliia
634 1836 1065 1914 Balleoniana),
1117 1847 1177 1893 et
1216 1841 1627 1896 recentissimis
1670 1839 2045 1909 editionibus,
2090 1849 2157 1894 ut

278 1921 748 1980 Francosnrtensi
775 1941 862 1998 ap.
882 1920 1156 1979 Andreae
1183 1923 1443 1997 aliisque,
1474 1931 1629 1978 certo
1653 1938 1987 1996 persuasum
2012 1921 2157 1979 mihi

279 2014 396 2075 est,
424 2015 648 2060 textum
671 2004 1120 2074 clementinum,
1167 2006 1266 2079 qui
1292 2015 1565 2081 receptus
1594 2013 1713 2074 est,
1754 2013 1812 2059 et
1838 2024 1875 2060 a
1898 2023 2009 2081 quo
2038 2006 2155 2061 dis-

281 2087 482 2141 cedere
508 2088 664 2141 nullo
692 2096 858 2160 pacto
887 2088 1023 2141 licet
1047 2087 1109 2140 in
1132 2089 1385 2143 manuali
1413 2087 1693 2158 editione,
1734 2088 1883 2161 apud
1906 2106 2023 2143 vem
2038 2086 2153 2143 Es·

279 2168 801 2225 emendatissimum
825 2178 884 2223 et
910 2170 1417 2244 castigatissimum
1443 2168 1761 2225 exhibitum
1787 2188 1927 2226 esse.
1979 2167 2155 2227 Hunc

277 2254 462 2327 igitur
487 2252 718 2325 sequuti
745 2269 936 2306 sumus
961 2253 1351 2324 potissimum,
1376 2270 1493 2308 non
1522 2270 1693 2307 caeca
1722 2253 2035 2326 cupiditate
2058 2272 2155 2308 re-

277 2352 410 2389 rum
452 2349 760 2404 novarum,
812 2334 910 2388 sed
953 2333 1188 2389 fundato
1205 2374 1224 2404 ,
1278 2336 1573 2411 solidoque
1613 2335 1853 2409 judicio.
1939 2333 2157 2391 Nostra

278 2434 416 2472 vero
468 2417 744 2491 principis
792 2416 1004 2471 codicis
1051 2412 1247 2471 Latini
1286 2420 1537 2473 varietas
1588 2418 1855 2473 lectionis
1896 2417 2157 2491 subjecta

279 2510 367 2554 est
407 2500 656 2575 margini
693 2500 876 2553 instar
901 2501 1397 2557 commentationis
1426 2503 1689 2571 criticae,
1734 2500 1807 2556 ad
1834 2500 2155 2556 exercenda

275 2584 515 2657 ingenia
537 2583 662 2637 veri
689 2582 953 2636 amantia.

277 2766 498 2808 mentum
525 2766 810 2811 continens.
874 2762 1116 2821 Ejusdem
1144 2765 1268 2811 anni
1295 2770 1373 2811 est
1398 2766 1562 2825 major
1592 2766 1777 2825 editio,
1820 2778 1947 2823 quae
1987 2765 2155 2812 tribu

281 2830 454 2875 Tomis
471 2831 711 2877 universa
730 2830 890 2879 Biblia
909 2831 1273 2889 complectitur.

413 2898 468 2955 1)
503 2899 580 2943 Cf.
599 2898 828 2955 inprimis
847 2899 1028 2946 librum
1049 2900 1154 2945 suis
1182 2901 1492 2957 temporibus
1521 2902 1624 2949 late
1646 2901 1984 2959 divulgatum,
2014 2914 2152 2947 nunc

280 2976 404 3011 vero
425 2978 525 3011 una
545 2966 652 3011 fere
671 2980 784 3011 cum
798 2966 1012 3013 Sixtinis
1033 2966 1217 3024 bibliis,
1238 2981 1451 3023 quorum
1470 2970 1701 3027 exempla
1718 2969 1869 3015 hodie
1888 2968 1942 3013 in
1964 2966 2151 3013 biblio·-

278 3032 438 3077 thecis
459 3030 670 3088 publicis
690 3032 946 3079 rarissima
965 3038 1098 3093 sunt,
1120 3034 1381 3082 oblivione
1402 3037 1647 3094 sepultum
1661 3067 1674 3094 ‚
1696 3036 1936 3093 seriptum
1956 3036 2017 3080 ab
2038 3034 2149 3079 An-

278 3098 364 3156 glo
387 3098 619 3143 THOMAS
643 3100 820 3143 JAMES
833 3129 850 3159 ,
884 3099 1000 3145 bibl.
1021 3102 1328 3159 Bodlejanae
1350 3103 1659 3151 oxoniensis
1677 3102 1839 3159 primo
1860 3102 2149 3159 praefecto:

279 3166 479 3211 Bellum
499 3164 699 3223 Populo
717 3167 824 3211 sive
848 3167 1133 3213 Concordia
1153 3170 1351 3217 discors
1374 3171 1520 3217 Sia-ts·
1538 3170 1595 3215 V.
1616 3176 1670 3215 et
1696 3170 1968 3215 Clementis
1998 3168 2150 3213 VIII.

277 3235 424 3280 eirca
443 3233 906 3292 Hieronymianam
926 3234 1206 3280 editionem.
1242 3238 1403 3283 Loud.
1425 3239 1570 3283 160⁰.
1590 3240 1638 3282 4.

413 3301 464 3357 2)
487 3300 620 3345 ldem
633 3302 829 3347 videtur
840 3314 944 3346 van
953 3300 1122 3346 Essae'o.
1139 3304 1478 3351 Cf.historiam
1490 3304 1756 3351 bibliorum
1772 3303 2084 3349 Sixtinorum
2102 3310 2151 3348 et

283 3367 712 3415 Clementinorum
723 3368 952 3425 inprimis
967 3367 1112 3414 docte
1123 3371 1391 3427 etcopiose
1403 3372 1637 3429 scriptam
1657 3372 1710 3416 in
1730 3371 1860 3417 libro
1876 3384 1887 3415 :
1910 3380 2025 3415 vax
2040 3370 2163 3423 Ess‚

273 3443 537 3493 pragmat.
551 3436 670 3481 brit.
688 3434 867 3481 Gen-h.
879 3435 924 3480 d.
947 3434 1417 3497 Vulgum-Tabim.
1430 3440 1577 3485 1824.
1588 3441 1635 3485 8.
1646 3451 1693 3497 p.
1707 3438 1802 3483 263
1816 3451 1891 3495 sq.
1906 3451 1952 3495 p.
1969 3439 2064 3482 844
2076 3449 2151 3493 sq.
