2376 3925
268 171 337 220 3⁰

340 275 420 316 24.
456 272 562 316 Ait:
576 267 765 314 Etiam!
778 268 847 312 Et
858 282 971 314 cum
986 269 1177 313 intras-

730 163 1272 218 MATTHAEUS.
1345 162 1516 214 CAP.
1557 163 1742 212 17.18.

1247 267 1392 312 datur
1411 264 1547 310 mola
1566 263 1848 310 asinariain
1864 262 1999 309 collo
2023 265 2159 323 ejus,

272 343 350 386 set
368 339 421 384 in
444 339 658 395 domum,
672 335 939 392 praevenit
955 348 1071 381 eum
1087 334 1177 379 Je-
1249 335 1303 379 et
1319 331 1638 389 demergatur
1656 331 1711 376 in
1722 330 2030 388 protundum
2043 344 2160 376 ma-

275 420 377 465 sus,
420 406 615 451 dicens:
657 403 789 455 Quid
832 403 925 448 tibi
957 401 1176 458 videtur,

276 473 480 519 Simon?
516 472 679 528 Reges
708 472 902 527 terrae,
944 482 974 514 a
1001 468 1176 524 quibus

275 539 528 595 accipiunt
560 539 801 584 tributum
828 536 913 582 vel
942 533 1178 581 censum?

274 621 305 652 a
327 605 441 652 liliis
462 605 595 650 suis?
616 618 683 651 an
703 607 762 650 ab
783 602 996 648 alienis?

343 674 423 717 25.
460 673 529 717 Et
559 672 647 718 ille
678 670 831 716 dixit:
870 670 944 714 Ab
980 667 1177 714 alienis.

274 740 423 786 Dixit
441 739 518 785 illi
536 743 701 789 Jesus:
735 737 875 793 Ergo
895 735 1045 782 liberi
1062 736 1182 781 sunt

276 808 381 854 filii.

343 876 425 920 26.
462 875 527 918 Ut
544 872 709 917 autem
736 883 843 915 non
866 869 1180 916 scandalize-

274 949 417 987 mus0
434 952 541 998 eos,
563 937 690 984 vade
710 937 771 982 ad
790 951 947 996 mare,
970 939 1022 983 et
1038 938 1181 984 mitte

278 1009 499 1062 hamum3
522 1008 573 1051 et
591 1019 704 1050 eum
722 1004 937 1062 piscem,
971 1005 1057 1060 qui
1074 1005 1182 1062 pri-

277 1087 387 1120 mus
406 1071 716 1130 ascenderit,
737 1071 894 1128 tolle3
928 1073 981 1116 et
1004 1073 1181 1128 aperto

280 1153 370 1186 ore
382 1139 510 1198 ejus,
520 1138 755 1184 invenies
766 1140 1001 1184 staterem
1015 1152 1029 1195 ;
1042 1138 1183 1184 illum

278 1220 498 1266 sumens,
520 1205 583 1252 da
602 1205 675 1252 eis
695 1218 789 1264 pro
811 1219 891 1251 me
912 1207 965 1251 et
980 1207 1049 1252 te.

525 1367 566 1414 C
582 1363 694 1413 ΑΡ.
752 1363 946 1414 XVIII.

283 1463 353 1504 De
385 1460 639 1504 humilitate
668 1467 716 1503 et
744 1461 975 1504 scandalo.
1043 1460 1187 1502 Pan-

282 1515 392 1558 bola
412 1516 467 1558 de
495 1531 575 1558 ove
604 1518 799 1571 perdita.
860 1515 1101 1558 Sermones
1129 1515 1186 1556 de

284 1573 581 1624 castigatione
616 1573 843 1622 fraterna,
876 1574 931 1613 de
971 1570 1185 1624 ligatione

282 1633 331 1670 et
358 1627 579 1670 solutione
619 1629 666 1670 in
694 1630 830 1670 terris
865 1631 999 1680 atque
1030 1625 1185 1669 coelis.

284 1685 355 1726 De
373 1685 505 1726 venia
524 1684 823 1726 inferentibus
850 1683 1062 1736 injuriam
1078 1683 1187 1724 dan-

286 1740 358 1781 da.
453 1739 684 1782 Pax-abela
721 1741 776 1782 de
823 1753 930 1792 rege
969 1740 1187 1782 rationem

496 1797 678 1838 ineunte
700 1810 798 1838 cum
818 1797 975 1838 servis.

350 1894 397 1936 1.
434 1883 525 1936 ‘²111
566 1891 656 1936 illa
691 1891 819 1937 hora
867 1891 1194 1937 accesserunt

286 1958 517 2017 discipuli
568 1958 630 2005 ad
682 1960 712 2005 J
715 1973 881 2017 esum,
938 1958 1188 2004 dicentes:

287 2026 435 2084 Quis,
464 2028 609 2083 putas
622 2056 637 2085 ‚
672 2027 837 2083 major
857 2027 934 2071 est
954 2024 1008 2070 in
1026 2036 1190 2081 regno

286 2092 546 2137 coelorum
558 2092 579 2135 ’ἒ

353 2159 399 2201 2.
436 2156 504 2201 Et
533 2157 787 2203 advocans
822 2158 971 2203 Jesus
1000 2169 1192 2213 parvu-

284 2225 405 2283 lum,
420 2224 595 2268 statuit
610 2237 723 2269 eum
740 2224 795 2269 in
812 2224 979 2269 medio
996 2237 1190 2283 eorum,

354 2292 399 2335 3.
418 2287 505 2335 'Et
523 2289 677 2336 dixit:
705 2292 865 2337 Amen
892 2290 1005 2337 dico
1025 2292 1192 2351 vobis,

283 2358 386 2403 nisi
413 2358 653 2404 conversi
682 2358 907 2417 fueritis,
935 2361 988 2404 et
1006 2359 1192 2406 efficia-

282 2425 409 2471 mini
428 2425 557 2471 sicut
577 2425 792 2485 parvuli,
814 2439 921 2472 non
939 2426 1193 2473 intrabitis

283 2494 339 2539 in
359 2507 574 2551 regnum
595 2492 897 2539 coelorume.

352 2563 399 2606 4.
431 2562 740 2617 Quicumque
752 2574 875 2619 ergo
888 2561 1193 2608 humiliave-

284 2628 353 2672 rit
371 2642 425 2675 se
447 2628 578 2675 sicut
596 2628 835 2687 parvulus
856 2628 981 2686 iste3
1012 2629 1095 2676 hic
1114 2631 1195 2676 est

285 2696 451 2751 major
471 2696 525 2742 in
545 2710 706 2755 regno
728 2696 1005 2742 coelorum.

354 2764 400 2806 5.
435 2762 505 2808 Et
521 2765 607 2820 qui
624 2764 902 2822 susceperit
914 2776 1195 2820 unumpar-

284 2827 459 2874 vulum
477 2830 627 2877 talem
644 2833 699 2879 in
717 2832 922 2879 nomine
942 2843 1083 2889 mec,
1112 2843 1194 2877 me

289 2896 513 2952 suscipit.

357 2964 403 3007 6.
442 2962 542 3014 Qui
571 2966 735 3010 autem
772 2964 1197 3013 scandalizaverit

287 3043 444 3075 unum
463 3029 523 3075 de
542 3030 740 3087 pusillis
758 3033 869 3079 istis
881 3066 895 3093 ,
928 3034 1014 3091 qui
1042 3034 1095 3079 in
1112 3046 1195 3079 me

290 3096 525 3155 credunt3
555 3097 762 3154 expedit
792 3100 840 3145 ei
853 3130 868 3159 ‚
904 3104 961 3146 ut
980 3114 1194 3158 suspen-

336 3200 351 3218 θ
371 3204 403 3231 c.
420 3196 457 3236 3,
476 3195 534 3230 15.
582 3191 604 3219 ‘1
619 3203 657 3231 v.
676 3197 796 3231 1-9.
822 3194 949 3233 Maro.
967 3200 1005 3239 9,
1022 3196 1194 3233 33-49.
1261 3198 1298 3233 8.
1323 3196 1446 3235 Hebr.
1473 3201 1510 3239 1,
1536 3201 1597 3235 14.

287 3240 389 3277 Luc.
407 3244 443 3281 9,
462 3242 634 3277 46—50.
682 3247 699 3266 θ
718 3252 749 3278 c.
770 3244 829 3283 19,
847 3242 907 3278 14.

404 3388 517 3443 Cap.
549 3386 707 3429 xvn.
767 3391 835 3428 24.
870 3400 968 3429 cum
994 3372 1214 3433 intrasset
1243 3390 1433 3433 domum.

292 3456 429 3494 regno
458 3443 693 3485 coelorum.

776 3445 817 3483 7.
850 3443 906 3483 ab
942 3441 1194 3495 scandali„
1225 3445 1334 3489 ibid.
1370 3446 1535 3489 homini
1566 3460 1650 3511 per
1675 3460 1818 3499 quem.

1244 401 1316 446 ris
1327 389 1380 445 s.

1313 467 1360 511 7.
1396 467 1503 512 Vae
1519 465 1707 510 mundo
1729 463 2159 510 ascandalislNe-

1249 545 1390 580 cesse
1412 535 1489 578 est
1509 532 1670 591 enim,
1690 534 1747 577 ut
1766 531 1977 578 veniant
2005 545 2158 578 scan-

1249 600 1384 658 dala3
1440 601 1789 646 verumtamen
1827 613 1923 645 vae
1959 599 2161 644 homini

1247 668 1341 728 illi,
1363 681 1454 725 per
1474 681 1622 724 quem
1641 666 1932 714 scandalum
1949 667 2112 712 venit.

1315 754 1362 798 8.
1402 753 1458 798 Si
1495 754 1662 798 autem
1696 763 1874 797 manus
1911 752 2020 809 tua,
2072 750 2163 796 vel

1248 833 1338 878 pes
1358 822 1473 866 tuus
1505 818 1814 865 scandalizat
1841 820 1918 874 te;
1957 816 2160 864 abscide

1251 901 1381 946 eum,
1398 889 1450 932 et
1467 887 1663 944 projice
1681 888 1770 931 abs
1790 883 1862 930 te!
1884 886 2074 930 bonum
2091 884 2160 930 ti-

1248 955 1301 1003 bi
1320 956 1398 1001 est
1421 954 1484 1000 ad
1511 954 1667 1000 vitam
1694 950 1897 1009 ingredi
1926 951 2160 1010 debilem,

1250 1022 1336 1069 vel
1357 1021 1611 1078 claudum,
1641 1033 1788 1076 quam
1816 1017 1937 1064 duas
1959 1031 2163 1079 manus,

1251 1089 1338 1136 vel
1357 1088 1482 1134 duos
1502 1087 1657 1145 pedes
1670 1086 1938 1132 habentem
1953 1085 2089 1132 mitti
2108 1086 2164 1132 in

1252 1157 1422 1214 ignem
1442 1157 1756 1201 aeternume.

1321 1225 1366 1267 9.
1401 1222 1470 1267 Et
1497 1221 1543 1268 si
1578 1220 1754 1268 oculus
1791 1223 1908 1266 tuus
1947 1219 2164 1266 scanda-

1251 1289 1374 1335 lizat
1392 1290 1471 1346 te;
1495 1301 1618 1334 erue
1640 1303 1771 1347 eum,
1785 1290 1836 1334 et
1855 1287 2046 1345 projice
2066 1289 2164 1333 abs

1253 1355 1326 1402 te!
1350 1358 1537 1402 bonum
1554 1355 1648 1402 tibi
1667 1357 1745 1401 est
1764 1369 1875 1402 cum
1895 1367 1994 1400 uno
2007 1354 2162 1400 oculo

1253 1424 1308 1469 in
1331 1423 1485 1469 vitam
1504 1423 1715 1481 intrare,
1727 1435 1873 1479 quam
1889 1421 2013 1467 duos
2034 1435 2164 1467 ocu-

1252 1491 1333 1536 los
1353 1491 1622 1536 habentem
1645 1489 1782 1536 mitti
1805 1489 1860 1534 in
1879 1489 2167 1546 gehennam

1254 1571 1404 1616 ignis.

1323 1628 1403 1670 10.
1447 1623 1649 1671 Videte!
1706 1639 1772 1671 ne
1829 1624 2166 1671 contemnatis

1257 1706 1412 1738 unum
1431 1705 1499 1738 ex
1515 1693 1596 1738 his
1621 1692 1850 1750 pusillium
1881 1691 1989 1736 dico
2025 1691 2168 1736 enim

1256 1761 1432 1806 vobis:
1481 1759 1612 1812 Quia
1647 1753 1858 1817 angeli'*
1895 1771 2073 1804 eorum
2110 1759 2165 1804 in

1259 1827 1418 1874 coelis
1445 1840 1642 1885 semper
1671 1825 1851 1873 vident
1868 1825 2048 1873 faciem
2064 1826 2167 1872 Pa·-

1258 1896 1351 1941 tris
1371 1895 1488 1954 mei,
1509 1895 1594 1951 qui
1612 1894 1667 1940 in
1687 1894 1846 1940 coelis
1865 1895 1958 1940 est.

1326 1982 1406 2025 11.
1441 1980 1596 2025 Venit
1615 1978 1749 2025 enim
1765 1977 1926 2024 Filius
1946 1978 2168 2025 hominis

1261 2046 1479 2104 salvare,
1504 2046 1638 2103 quod
1655 2045 1880 2104 perierat
1888 2040 1919 2091 ἰ.

1327 2115 1407 2159 12.
1448 2113 1578 2166 Quid
1621 2113 1768 2159 vobis
1821 2112 2020 2159 videtur
2034 2114 2056 2159 2⁸
2114 2113 2171 2159 Si

1259 2181 1453 2227 fuerint
1469 2180 1622 2227 alicui
1641 2182 1841 2226 centum
1861 2177 2004 2239 oves,
2017 2182 2068 2225 et
2083 2193 2169 2226 er-

1260 2248 1453 2293 raverit
1468 2260 1572 2292 una
1591 2260 1660 2293 ex
1680 2247 1782 2304 eis;
1811 2260 1986 2293 nonne
2003 2247 2169 2293 relin-

1261 2316 1368 2372 quit
1396 2314 1678 2372 nonaginta
1695 2320 1882 2360 novem
1901 2314 1957 2360 in
1975 2315 2169 2361 monti-

1260 2385 1369 2441 bus,
1393 2385 1444 2428 et
1461 2382 1602 2428 vadit
1618 2394 1863 2439 quaerere
1885 2394 2018 2441 eam,
2041 2394 2171 2438 quae

1262 2450 1484 2497 erravit?

1329 2519 1410 2563 13.
1443 2517 1514 2562 Et
1531 2517 1576 2563 si
1594 2516 1882 2576 contigerit,
1896 2518 1952 2562 ut
1961 2516 2170 2562 inveni-

1262 2587 1314 2630 at
1333 2598 1467 2641 eam3
1507 2598 1654 2630 amen
1674 2584 1787 2630 dico
1815 2584 1990 2630 vobis:
2037 2584 2170 2636 Quia

1263 2651 1447 2709 gaudet
1473 2664 1625 2709 super
1655 2664 1767 2697 eam
1790 2651 1949 2709 magis
1967 2682 1982 2711 ,
2021 2664 2173 2708 quam

1261 2732 1414 2776 super
1449 2718 1732 2776 nonaginta
1778 2731 1991 2777 novem,
2041 2730 2170 2775 quae

1261 2799 1368 2831 non
1388 2788 1704 2831 erraverunt.
1861 2830 1878 2849 ‚

1329 2854 1410 2897 14.
1448 2852 1532 2899 Sic
1550 2866 1658 2899 non
1687 2855 1765 2899 est
1790 2853 2030 2899 voluntas
2049 2854 2168 2899 ante

1260 2921 1461 2967 Patrem
1473 2923 1714 2979 vestrum,
1734 2921 1818 2977 qui
1828 2920 1882 2966 in
1902 2920 2062 2967 coelis
2071 2924 2170 2980 est,

1260 2990 1317 3033 ut
1334 2990 1512 3045 pereat
1529 3001 1658 3033 unus
1681 2987 1742 3033 de
1762 2988 1958 3045 pusillis
1977 2988 2105 3034 istis.

1329 3056 1409 3101 15.
1447 3055 1503 3101 Si
1520 3056 1686 3101 autem
1716 3056 2008 3113 peccaverit
2035 3056 2090 3101 in
2116 3058 2171 3102 te

1307 3146 1336 3182 ἰ
1350 3150 1449 3188 Luc..
1468 3154 1528 3193 17,
1547 3154 1582 3189 2.
1637 3156 1663 3185 ὅ·
1682 3162 1716 3189 c.
1733 3153 1770 3194 5,
1788 3154 1847 3187 29.
1865 3156 1927 3189 30.
1983 3149 2002 3177 ἦ
2020 3151 2086 3189 Ps.
2107 3156 2173 3195 33,

1661 3192 1677 3222 ι·
1697 3209 1729 3234 c.
1753 3201 1791 3239 9,
1818 3201 1876 3234 ιε.
1923 3196 2027 3236 Luc.
2055 3200 2115 3241 ιε,
2134 3202 2178 3239 4,

1265 3247 1430 3291 sqq.19,
1448 3248 1506 3281 ιο.
1538 3248 1561 3282 ι
1580 3242 1685 3282 Tim.
1705 3248 1742 3287 1,
1760 3231 1817 3281 15.

1545 3389 1728 3433 XVIII.
1789 3395 1832 3433 3.
1863 3393 2095 3435 intrabitis
2125 3394 2178 3436 in

1903 3452 1944 3489 8.
1977 3447 2174 3491 clodum.

290 3500 330 3539 9.
352 3512 436 3539 uno
459 3497 585 3541 oculo
607 3498 751 3553 (deest
766 3497 902 3549 eum).
942 3500 1009 3539 12.
1027 3496 1272 3552 relinquet.
1313 3502 1380 3541 13.
1401 3499 1615 3551 gaudebit
1632 3512 1771 3555 super
1787 3511 1858 3542 ea.
