<?xml version="1.0" encoding="UTF-8"?>
<!DOCTYPE html PUBLIC "-//W3C//DTD XHTML 1.0 Transitional//EN"
    "http://www.w3.org/TR/xhtml1/DTD/xhtml1-transitional.dtd">
<html xmlns="http://www.w3.org/1999/xhtml" xml:lang="en" lang="en">
 <head>
  <title>
</title>
<meta http-equiv="Content-Type" content="text/html;charset=utf-8" />
  <meta name='ocr-system' content='tesseract 3.04.00' />
  <meta name='ocr-capabilities' content='ocr_page ocr_carea ocr_par ocr_line ocrx_word'/>
</head>
<body>
  <div class='ocr_page' id='page_1' title='image "./novumtestamentu01flecgoog_0033.png"; bbox 0 0 2376 3925; ppageno 0'>
   <div class='ocr_carea' id='block_1_1' title="bbox 621 164 2077 212">
    <p class='ocr_par' dir='ltr' id='par_1_1' title="bbox 621 164 2077 212">
     <span class='ocr_line' id='line_1_1' title="bbox 621 164 2077 212; baseline 0 -2"><span class='ocrx_word' id='word_1_1' title='bbox 621 166 1174 210; x_wconf 70' lang='lat' dir='ltr'>COMMENTA‘rlo</span> <span class='ocrx_word' id='word_1_2' title='bbox 1234 167 1652 212; x_wconf 71' lang='lat' dir='ltr'>ISAooech.</span> <span class='ocrx_word' id='word_1_3' title='bbox 1882 164 2077 210; x_wconf 75' lang='lat' dir='ltr'>xxm</span> 
     </span>
    </p>
   </div>
   <div class='ocr_carea' id='block_1_2' title="bbox 185 294 2087 3180">
    <p class='ocr_par' dir='ltr' id='par_1_2' title="bbox 185 294 2076 618">
     <span class='ocr_line' id='line_1_2' title="bbox 325 294 2076 371; baseline 0 -21"><span class='ocrx_word' id='word_1_4' title='bbox 325 295 682 371; x_wconf 77' lang='lat' dir='ltr'><strong>Argumenta.</strong></span> <span class='ocrx_word' id='word_1_5' title='bbox 719 296 972 368; x_wconf 77' lang='lat' dir='ltr'>cupitum</span> <span class='ocrx_word' id='word_1_6' title='bbox 1005 313 1122 352; x_wconf 80' lang='lat' dir='ltr'>van</span> <span class='ocrx_word' id='word_1_7' title='bbox 1147 294 1411 352; x_wconf 71' lang='lat' dir='ltr'>Eeoiana</span> <span class='ocrx_word' id='word_1_8' title='bbox 1434 296 1559 352; x_wconf 72' lang='lat' dir='ltr'>fere</span> <span class='ocrx_word' id='word_1_9' title='bbox 1580 297 1775 352; x_wconf 75' lang='lat' dir='ltr'>omnia</span> <span class='ocrx_word' id='word_1_10' title='bbox 1800 304 1925 352; x_wconf 79' lang='lat' dir='ltr'>tum</span> <span class='ocrx_word' id='word_1_11' title='bbox 1948 313 2076 350; x_wconf 86' lang='lat' dir='ltr'>mu·-</span> 
     </span>
     <span class='ocr_line' id='line_1_3' title="bbox 190 377 2076 450; baseline -0.001 -16"><span class='ocrx_word' id='word_1_12' title='bbox 190 379 452 434; x_wconf 72' lang='lat' dir='ltr'>tavimus</span> <span class='ocrx_word' id='word_1_13' title='bbox 465 417 484 447; x_wconf 87' lang='lat'>‚</span> <span class='ocrx_word' id='word_1_14' title='bbox 533 378 807 450; x_wconf 82' lang='lat' dir='ltr'>ampliora</span> <span class='ocrx_word' id='word_1_15' title='bbox 831 379 955 434; x_wconf 85' lang='lat' dir='ltr'>illie</span> <span class='ocrx_word' id='word_1_16' title='bbox 981 377 1314 447; x_wconf 75' lang='lat' dir='ltr'>reddentes,</span> <span class='ocrx_word' id='word_1_17' title='bbox 1350 377 1445 434; x_wconf 86' lang='lat' dir='ltr'>hic</span> <span class='ocrx_word' id='word_1_18' title='bbox 1486 377 1919 446; x_wconf 68' lang='lat' dir='ltr'>conuehentes,</span> <span class='ocrx_word' id='word_1_19' title='bbox 1953 387 2076 432; x_wconf 79' lang='lat' dir='ltr'>tum</span> 
     </span>
     <span class='ocr_line' id='line_1_4' title="bbox 187 457 2075 536; baseline -0.002 -19"><span class='ocrx_word' id='word_1_20' title='bbox 187 461 438 516; x_wconf 86' lang='lat' dir='ltr'>meliore</span> <span class='ocrx_word' id='word_1_21' title='bbox 462 457 782 516; x_wconf 76' lang='lat' dir='ltr'><strong>Latinitate</strong></span> <span class='ocrx_word' id='word_1_22' title='bbox 808 461 1144 516; x_wconf 76' lang='lat' dir='ltr'>donavimus</span> <span class='ocrx_word' id='word_1_23' title='bbox 1160 500 1179 530; x_wconf 92' lang='lat'><strong>‚</strong></span> <span class='ocrx_word' id='word_1_24' title='bbox 1220 461 1375 536; x_wconf 86' lang='lat' dir='ltr'>quod</span> <span class='ocrx_word' id='word_1_25' title='bbox 1408 478 1477 516; x_wconf 76' lang='lat' dir='ltr'>ea</span> <span class='ocrx_word' id='word_1_26' title='bbox 1502 462 1791 517; x_wconf 79' lang='lat' dir='ltr'>emendari</span> <span class='ocrx_word' id='word_1_27' title='bbox 1828 469 1886 515; x_wconf 90' lang='lat' dir='ltr'>et</span> <span class='ocrx_word' id='word_1_28' title='bbox 1907 478 2075 533; x_wconf 75' lang='lat' dir='ltr'>pone</span> 
     </span>
     <span class='ocr_line' id='line_1_5' title="bbox 185 541 1803 618; baseline 0 -20"><span class='ocrx_word' id='word_1_29' title='bbox 185 542 348 600; x_wconf 75' lang='lat' dir='ltr'>haud</span> <span class='ocrx_word' id='word_1_30' title='bbox 375 541 602 598; x_wconf 85' lang='lat' dir='ltr'>difficili</span> <span class='ocrx_word' id='word_1_31' title='bbox 627 544 886 618; x_wconf 82' lang='lat' dir='ltr'>negotio,</span> <span class='ocrx_word' id='word_1_32' title='bbox 913 551 971 599; x_wconf 89' lang='lat' dir='ltr'>et</span> <span class='ocrx_word' id='word_1_33' title='bbox 999 543 1192 600; x_wconf 82' lang='lat' dir='ltr'>deberi</span> <span class='ocrx_word' id='word_1_34' title='bbox 1218 545 1699 600; x_wconf 79' lang='lat' dir='ltr'>intellexeramus.</span> <span class='ocrx_word' id='word_1_35' title='bbox 1728 573 1803 584; x_wconf 89' lang='lat'>—-</span> 
     </span>
    </p>

    <p class='ocr_par' dir='ltr' id='par_1_3' title="bbox 189 623 2073 950">
     <span class='ocr_line' id='line_1_6' title="bbox 323 623 2072 703; baseline 0 -23"><span class='ocrx_word' id='word_1_36' title='bbox 323 623 452 680; x_wconf 79' lang='lat' dir='ltr'>Iam</span> <span class='ocrx_word' id='word_1_37' title='bbox 475 627 750 680; x_wconf 88' lang='lat' dir='ltr'>lectiones</span> <span class='ocrx_word' id='word_1_38' title='bbox 777 627 1097 696; x_wconf 69' lang='lat' dir='ltr'>variante3‚</span> <span class='ocrx_word' id='word_1_39' title='bbox 1135 644 1210 682; x_wconf 83' lang='lat' dir='ltr'>ex</span> <span class='ocrx_word' id='word_1_40' title='bbox 1235 645 1345 703; x_wconf 86' lang='lat' dir='ltr'>quo</span> <span class='ocrx_word' id='word_1_41' title='bbox 1375 643 1587 702; x_wconf 79' lang='lat' dir='ltr'>genere</span> <span class='ocrx_word' id='word_1_42' title='bbox 1614 628 1760 695; x_wconf 85' lang='lat' dir='ltr'>sint,</span> <span class='ocrx_word' id='word_1_43' title='bbox 1802 643 1875 680; x_wconf 90' lang='lat' dir='ltr'>ne</span> <span class='ocrx_word' id='word_1_44' title='bbox 1898 627 2072 680; x_wconf 74' lang='lat' dir='ltr'>nimis</span> 
     </span>
     <span class='ocr_line' id='line_1_7' title="bbox 189 707 2073 783; baseline -0.001 -19"><span class='ocrx_word' id='word_1_45' title='bbox 189 709 383 764; x_wconf 88' lang='lat' dir='ltr'>obiter</span> <span class='ocrx_word' id='word_1_46' title='bbox 405 707 656 782; x_wconf 77' lang='lat' dir='ltr'>praefati</span> <span class='ocrx_word' id='word_1_47' title='bbox 679 726 804 764; x_wconf 88' lang='lat' dir='ltr'>esse</span> <span class='ocrx_word' id='word_1_48' title='bbox 829 708 1150 778; x_wconf 77' lang='lat' dir='ltr'>videamur,</span> <span class='ocrx_word' id='word_1_49' title='bbox 1177 727 1543 783; x_wconf 72' lang='lat' dir='ltr'>exponamus.</span> <span class='ocrx_word' id='word_1_50' title='bbox 1615 708 1739 773; x_wconf 80' lang='lat' dir='ltr'>Quo</span> <span class='ocrx_word' id='word_1_51' title='bbox 1768 707 2073 764; x_wconf 78' lang='lat' dir='ltr'>dilucidius</span> 
     </span>
     <span class='ocr_line' id='line_1_8' title="bbox 189 790 2073 867; baseline -0.001 -21"><span class='ocrx_word' id='word_1_52' title='bbox 189 791 341 860; x_wconf 89' lang='lat' dir='ltr'>hoc,</span> <span class='ocrx_word' id='word_1_53' title='bbox 375 792 544 865; x_wconf 84' lang='lat' dir='ltr'>quale</span> <span class='ocrx_word' id='word_1_54' title='bbox 571 792 678 860; x_wconf 85' lang='lat' dir='ltr'>sit,</span> <span class='ocrx_word' id='word_1_55' title='bbox 715 792 1105 867; x_wconf 72' lang='lat' dir='ltr'>intelligetur,</span> <span class='ocrx_word' id='word_1_56' title='bbox 1142 791 1291 848; x_wconf 73' lang='lat' dir='ltr'>huno</span> <span class='ocrx_word' id='word_1_57' title='bbox 1328 794 1549 866; x_wconf 76' lang='lat' dir='ltr'>copiam</span> <span class='ocrx_word' id='word_1_58' title='bbox 1570 793 1740 865; x_wconf 80' lang='lat' dir='ltr'>juvat</span> <span class='ocrx_word' id='word_1_59' title='bbox 1765 791 1829 846; x_wconf 89' lang='lat' dir='ltr'>in</span> <span class='ocrx_word' id='word_1_60' title='bbox 1854 790 2073 846; x_wconf 70' lang='lat' dir='ltr'>claues</span> 
     </span>
     <span class='ocr_line' id='line_1_9' title="bbox 197 872 1995 950; baseline -0.001 -22"><span class='ocrx_word' id='word_1_61' title='bbox 197 873 561 928; x_wconf 76' lang='lat' dir='ltr'>distribuere.</span> <span class='ocrx_word' id='word_1_62' title='bbox 645 872 734 927; x_wconf 86' lang='lat' dir='ltr'>Ad</span> <span class='ocrx_word' id='word_1_63' title='bbox 757 872 899 928; x_wconf 79' lang='lat' dir='ltr'>haee</span> <span class='ocrx_word' id='word_1_64' title='bbox 925 874 1048 928; x_wconf 82' lang='lat' dir='ltr'>fere</span> <span class='ocrx_word' id='word_1_65' title='bbox 1073 893 1291 950; x_wconf 75' lang='lat' dir='ltr'>genera</span> <span class='ocrx_word' id='word_1_66' title='bbox 1314 883 1659 932; x_wconf 74' lang='lat' dir='ltr'>revocantur</span> <span class='ocrx_word' id='word_1_67' title='bbox 1682 891 1897 930; x_wconf 81' lang='lat' dir='ltr'>omnes.</span> <span class='ocrx_word' id='word_1_68' title='bbox 1922 902 1995 912; x_wconf 91' lang='grc'>---</span> 
     </span>
    </p>

    <p class='ocr_par' dir='ltr' id='par_1_4' title="bbox 191 953 2083 2255">
     <span class='ocr_line' id='line_1_10' title="bbox 323 953 2075 1032; baseline 0.001 -22"><span class='ocrx_word' id='word_1_69' title='bbox 323 953 366 1010; x_wconf 90' lang='lat'>1.</span> <span class='ocrx_word' id='word_1_70' title='bbox 413 953 565 1010; x_wconf 83' lang='lat' dir='ltr'><strong>Sunt</strong></span> <span class='ocrx_word' id='word_1_71' title='bbox 602 959 1093 1032; x_wconf 70' lang='lat' dir='ltr'>transpositiones</span> <span class='ocrx_word' id='word_1_72' title='bbox 1127 957 1433 1014; x_wconf 77' lang='lat' dir='ltr'>vorborum</span> <span class='ocrx_word' id='word_1_73' title='bbox 1480 965 1541 1012; x_wconf 83' lang='lat' dir='ltr'>et</span> <span class='ocrx_word' id='word_1_74' title='bbox 1577 957 1813 1014; x_wconf 74' lang='lat' dir='ltr'>dicendi</span> <span class='ocrx_word' id='word_1_75' title='bbox 1831 956 2075 1026; x_wconf 83' lang='lat' dir='ltr'>forma-</span> 
     </span>
     <span class='ocr_line' id='line_1_11' title="bbox 195 1036 2078 1115; baseline -0.002 -21"><span class='ocrx_word' id='word_1_76' title='bbox 195 1057 348 1106; x_wconf 79' lang='lat' dir='ltr'>rum,</span> <span class='ocrx_word' id='word_1_77' title='bbox 375 1039 730 1105; x_wconf 67' lang='lat' dir='ltr'>omissiones,</span> <span class='ocrx_word' id='word_1_78' title='bbox 759 1040 1221 1115; x_wconf 70' lang='lat' dir='ltr'>inser-tionesque</span> <span class='ocrx_word' id='word_1_79' title='bbox 1248 1039 1512 1100; x_wconf 72' lang='lat' dir='ltr'>leviores.</span> <span class='ocrx_word' id='word_1_80' title='bbox 1578 1036 1669 1094; x_wconf 74' lang='lat' dir='ltr'>Eo</span> <span class='ocrx_word' id='word_1_81' title='bbox 1696 1038 2078 1111; x_wconf 69' lang='lat' dir='ltr'>discrepantia</span> 
     </span>
     <span class='ocr_line' id='line_1_12' title="bbox 191 1119 2077 1197; baseline -0.001 -19"><span class='ocrx_word' id='word_1_82' title='bbox 191 1129 258 1178; x_wconf 89' lang='lat' dir='ltr'>ut</span> <span class='ocrx_word' id='word_1_83' title='bbox 295 1122 362 1176; x_wconf 91' lang='lat' dir='ltr'>in</span> <span class='ocrx_word' id='word_1_84' title='bbox 412 1120 674 1176; x_wconf 81' lang='lat' dir='ltr'>omnibus</span> <span class='ocrx_word' id='word_1_85' title='bbox 717 1123 1002 1177; x_wconf 82' lang='lat' dir='ltr'>versionis</span> <span class='ocrx_word' id='word_1_86' title='bbox 1036 1119 1321 1197; x_wconf 72' lang='lat' dir='ltr'>vulgatae</span> <span class='ocrx_word' id='word_1_87' title='bbox 1366 1121 1690 1190; x_wconf 79' lang='lat' dir='ltr'>codicibus,</span> <span class='ocrx_word' id='word_1_88' title='bbox 1742 1122 1841 1195; x_wconf 86' lang='lat' dir='ltr'>qui</span> <span class='ocrx_word' id='word_1_89' title='bbox 1888 1127 2077 1176; x_wconf 77' lang='lat' dir='ltr'>aetate</span> 
     </span>
     <span class='ocr_line' id='line_1_13' title="bbox 193 1199 2075 1280; baseline -0.001 -22"><span class='ocrx_word' id='word_1_90' title='bbox 193 1204 380 1260; x_wconf 91' lang='lat' dir='ltr'>multo</span> <span class='ocrx_word' id='word_1_91' title='bbox 409 1203 684 1258; x_wconf 87' lang='lat' dir='ltr'>inferiore</span> <span class='ocrx_word' id='word_1_92' title='bbox 713 1211 847 1258; x_wconf 88' lang='lat' dir='ltr'>sunt</span> <span class='ocrx_word' id='word_1_93' title='bbox 871 1205 1095 1278; x_wconf 85' lang='lat' dir='ltr'>scripti,</span> <span class='ocrx_word' id='word_1_94' title='bbox 1115 1207 1361 1262; x_wconf 74' lang='lat' dir='ltr'>saeculis</span> <span class='ocrx_word' id='word_1_95' title='bbox 1380 1204 1608 1280; x_wconf 85' lang='lat' dir='ltr'>quidem</span> <span class='ocrx_word' id='word_1_96' title='bbox 1628 1201 1737 1258; x_wconf 88' lang='lat' dir='ltr'>XI.</span> <span class='ocrx_word' id='word_1_97' title='bbox 1752 1200 1889 1258; x_wconf 81' lang='grc' dir='ltr'>ΧΠ.</span> <span class='ocrx_word' id='word_1_98' title='bbox 1910 1199 2075 1260; x_wconf 83' lang='lat' dir='ltr'>X111.</span> 
     </span>
     <span class='ocr_line' id='line_1_14' title="bbox 194 1284 2074 1365; baseline -0.001 -24"><span class='ocrx_word' id='word_1_99' title='bbox 194 1296 254 1341; x_wconf 89' lang='lat' dir='ltr'>et</span> <span class='ocrx_word' id='word_1_100' title='bbox 279 1286 675 1362; x_wconf 79' lang='lat' dir='ltr'>sequentibus,</span> <span class='ocrx_word' id='word_1_101' title='bbox 692 1285 1158 1361; x_wconf 76' lang='lat' dir='ltr'>frequentissima</span> <span class='ocrx_word' id='word_1_102' title='bbox 1185 1297 1273 1344; x_wconf 87' lang='lat' dir='ltr'>est</span> <span class='ocrx_word' id='word_1_103' title='bbox 1298 1284 1481 1365; x_wconf 76' lang='lat' dir='ltr'>l),itu</span> <span class='ocrx_word' id='word_1_104' title='bbox 1496 1305 1605 1342; x_wconf 83' lang='lat' dir='ltr'>nec</span> <span class='ocrx_word' id='word_1_105' title='bbox 1630 1287 1693 1342; x_wconf 90' lang='lat' dir='ltr'>in</span> <span class='ocrx_word' id='word_1_106' title='bbox 1714 1295 1911 1342; x_wconf 70' lang='lat' dir='ltr'>nostro</span> <span class='ocrx_word' id='word_1_107' title='bbox 1928 1285 2074 1340; x_wconf 86' lang='lat' dir='ltr'>libro</span> 
     </span>
     <span class='ocr_line' id='line_1_15' title="bbox 193 1366 2078 1444; baseline 0.001 -20"><span class='ocrx_word' id='word_1_108' title='bbox 193 1387 347 1426; x_wconf 79' lang='lat' dir='ltr'>rara.</span> <span class='ocrx_word' id='word_1_109' title='bbox 415 1366 717 1442; x_wconf 80' lang='lat' dir='ltr'>Exempla,</span> <span class='ocrx_word' id='word_1_110' title='bbox 743 1378 808 1426; x_wconf 88' lang='lat' dir='ltr'>ut</span> <span class='ocrx_word' id='word_1_111' title='bbox 837 1371 1006 1425; x_wconf 85' lang='lat' dir='ltr'>nimis</span> <span class='ocrx_word' id='word_1_112' title='bbox 1035 1372 1235 1442; x_wconf 76' lang='lat' dir='ltr'>multa,</span> <span class='ocrx_word' id='word_1_113' title='bbox 1262 1369 1461 1427; x_wconf 72' lang='lat' dir='ltr'>odiosa</span> <span class='ocrx_word' id='word_1_114' title='bbox 1488 1377 1651 1441; x_wconf 79' lang='lat' dir='ltr'>sunt3</span> <span class='ocrx_word' id='word_1_115' title='bbox 1694 1370 1897 1444; x_wconf 76' lang='lat' dir='ltr'>quavis</span> <span class='ocrx_word' id='word_1_116' title='bbox 1925 1369 2078 1425; x_wconf 79' lang='lat' dir='ltr'>enim</span> 
     </span>
     <span class='ocr_line' id='line_1_16' title="bbox 193 1449 2077 1529; baseline 0.001 -23"><span class='ocrx_word' id='word_1_117' title='bbox 193 1455 412 1529; x_wconf 72' lang='lat' dir='ltr'>pagina</span> <span class='ocrx_word' id='word_1_118' title='bbox 452 1453 720 1527; x_wconf 76' lang='lat' dir='ltr'>reperies.</span> <span class='ocrx_word' id='word_1_119' title='bbox 803 1449 892 1508; x_wconf 76' lang='lat' dir='ltr'>Ito</span> <span class='ocrx_word' id='word_1_120' title='bbox 926 1472 976 1508; x_wconf 89' lang='lat' dir='ltr'>e.</span> <span class='ocrx_word' id='word_1_121' title='bbox 1013 1473 1062 1508; x_wconf 90' lang='lat' dir='ltr'>c.</span> <span class='ocrx_word' id='word_1_122' title='bbox 1095 1462 1158 1510; x_wconf 80' lang='lat' dir='ltr'>et</span> <span class='ocrx_word' id='word_1_123' title='bbox 1200 1455 1503 1524; x_wconf 83' lang='lat' dir='ltr'>omissum,</span> <span class='ocrx_word' id='word_1_124' title='bbox 1555 1461 1755 1510; x_wconf 79' lang='lat' dir='ltr'>autem</span> <span class='ocrx_word' id='word_1_125' title='bbox 1800 1453 2077 1508; x_wconf 78' lang='lat' dir='ltr'>insertum</span> 
     </span>
     <span class='ocr_line' id='line_1_17' title="bbox 196 1532 2077 1609; baseline -0.001 -19"><span class='ocrx_word' id='word_1_126' title='bbox 196 1553 612 1609; x_wconf 83' lang='lat' dir='ltr'>saepenumero</span> <span class='ocrx_word' id='word_1_127' title='bbox 642 1543 746 1590; x_wconf 81' lang='lat' dir='ltr'>est.</span> <span class='ocrx_word' id='word_1_128' title='bbox 830 1532 990 1592; x_wconf 78' lang='lat' dir='ltr'>Haec</span> <span class='ocrx_word' id='word_1_129' title='bbox 1019 1538 1158 1594; x_wconf 77' lang='lat' dir='ltr'>talia</span> <span class='ocrx_word' id='word_1_130' title='bbox 1186 1537 1461 1593; x_wconf 84' lang='lat' dir='ltr'>debentur</span> <span class='ocrx_word' id='word_1_131' title='bbox 1495 1537 1755 1595; x_wconf 82' lang='lat' dir='ltr'>incuriae</span> <span class='ocrx_word' id='word_1_132' title='bbox 1792 1544 1853 1592; x_wconf 81' lang='lat' dir='ltr'>et</span> <span class='ocrx_word' id='word_1_133' title='bbox 1883 1551 2077 1592; x_wconf 71' lang='lat' dir='ltr'>socor-</span> 
     </span>
     <span class='ocr_line' id='line_1_18' title="bbox 199 1613 2080 1695; baseline -0.002 -21"><span class='ocrx_word' id='word_1_134' title='bbox 199 1619 328 1674; x_wconf 81' lang='lat' dir='ltr'>diae</span> <span class='ocrx_word' id='word_1_135' title='bbox 353 1617 690 1674; x_wconf 76' lang='lat' dir='ltr'>scribarum.</span> <span class='ocrx_word' id='word_1_136' title='bbox 773 1613 1092 1678; x_wconf 81' lang='lat' dir='ltr'>Fatendum</span> <span class='ocrx_word' id='word_1_137' title='bbox 1125 1620 1357 1695; x_wconf 79' lang='lat' dir='ltr'>quidem</span> <span class='ocrx_word' id='word_1_138' title='bbox 1382 1628 1500 1689; x_wconf 72' lang='lat' dir='ltr'>ent,</span> <span class='ocrx_word' id='word_1_139' title='bbox 1524 1620 1645 1676; x_wconf 72' lang='lat' dir='ltr'>vim</span> <span class='ocrx_word' id='word_1_140' title='bbox 1672 1617 1939 1672; x_wconf 78' lang='lat' dir='ltr'>dictionis</span> <span class='ocrx_word' id='word_1_141' title='bbox 1976 1633 2080 1690; x_wconf 77' lang='lat' dir='ltr'>ge-</span> 
     </span>
     <span class='ocr_line' id='line_1_19' title="bbox 201 1699 2081 1779; baseline -0.001 -24"><span class='ocrx_word' id='word_1_142' title='bbox 201 1703 441 1756; x_wconf 75' lang='lat' dir='ltr'>nuinum</span> <span class='ocrx_word' id='word_1_143' title='bbox 479 1699 571 1756; x_wconf 83' lang='lat' dir='ltr'>his</span> <span class='ocrx_word' id='word_1_144' title='bbox 596 1702 926 1776; x_wconf 85' lang='lat' dir='ltr'>plerumque</span> <span class='ocrx_word' id='word_1_145' title='bbox 951 1720 1066 1758; x_wconf 88' lang='lat' dir='ltr'>non</span> <span class='ocrx_word' id='word_1_146' title='bbox 1094 1704 1335 1779; x_wconf 81' lang='lat' dir='ltr'>attingi3</span> <span class='ocrx_word' id='word_1_147' title='bbox 1378 1702 1477 1758; x_wconf 86' lang='lat' dir='ltr'>sed</span> <span class='ocrx_word' id='word_1_148' title='bbox 1504 1711 1697 1758; x_wconf 72' lang='lat' dir='ltr'>temen</span> <span class='ocrx_word' id='word_1_149' title='bbox 1715 1699 1885 1771; x_wconf 76' lang='lat' dir='ltr'>hujus</span> <span class='ocrx_word' id='word_1_150' title='bbox 1908 1700 2081 1754; x_wconf 77' lang='lat' dir='ltr'>etiam</span> 
     </span>
     <span class='ocr_line' id='line_1_20' title="bbox 203 1779 2078 1858; baseline -0.002 -20"><span class='ocrx_word' id='word_1_151' title='bbox 203 1785 438 1858; x_wconf 81' lang='lat' dir='ltr'>regulae</span> <span class='ocrx_word' id='word_1_152' title='bbox 488 1801 604 1838; x_wconf 89' lang='lat' dir='ltr'>non</span> <span class='ocrx_word' id='word_1_153' title='bbox 658 1782 862 1838; x_wconf 78' lang='lat' dir='ltr'>desunt</span> <span class='ocrx_word' id='word_1_154' title='bbox 911 1787 1297 1858; x_wconf 78' lang='lat' dir='ltr'>exceptiones.</span> <span class='ocrx_word' id='word_1_155' title='bbox 1384 1783 1471 1840; x_wconf 86' lang='lat' dir='ltr'>cf.</span> <span class='ocrx_word' id='word_1_156' title='bbox 1519 1803 1569 1838; x_wconf 89' lang='lat' dir='ltr'>e.</span> <span class='ocrx_word' id='word_1_157' title='bbox 1616 1802 1663 1838; x_wconf 85' lang='lat' dir='ltr'>c.</span> <span class='ocrx_word' id='word_1_158' title='bbox 1702 1779 1840 1836; x_wconf 85' lang='lat' dir='ltr'>Luc.</span> <span class='ocrx_word' id='word_1_159' title='bbox 1882 1781 1943 1850; x_wconf 88' lang='lat'>8,</span> <span class='ocrx_word' id='word_1_160' title='bbox 1980 1780 2078 1836; x_wconf 80' lang='lat'>25.</span> 
     </span>
     <span class='ocr_line' id='line_1_21' title="bbox 205 1860 2081 1944; baseline -0.002 -24"><span class='ocrx_word' id='word_1_161' title='bbox 205 1865 487 1922; x_wconf 79' lang='lat' dir='ltr'>Audiatur</span> <span class='ocrx_word' id='word_1_162' title='bbox 523 1865 594 1922; x_wconf 81' lang='lat' dir='ltr'>ad</span> <span class='ocrx_word' id='word_1_163' title='bbox 625 1864 770 1921; x_wconf 81' lang='lat' dir='ltr'>haec</span> <span class='ocrx_word' id='word_1_164' title='bbox 796 1884 914 1921; x_wconf 80' lang='lat' dir='ltr'>vox</span> <span class='ocrx_word' id='word_1_165' title='bbox 939 1863 998 1922; x_wconf 91' lang='lat' dir='ltr'>J.</span> <span class='ocrx_word' id='word_1_166' title='bbox 1026 1864 1152 1922; x_wconf 75' lang='lat' dir='ltr'>Alb.</span> <span class='ocrx_word' id='word_1_167' title='bbox 1181 1866 1463 1944; x_wconf 69' lang='lat' dir='ltr'>Bengelc‘‚</span> <span class='ocrx_word' id='word_1_168' title='bbox 1490 1865 1632 1920; x_wconf 78' lang='lat' dir='ltr'>clari</span> <span class='ocrx_word' id='word_1_169' title='bbox 1666 1873 1725 1918; x_wconf 91' lang='lat' dir='ltr'>et</span> <span class='ocrx_word' id='word_1_170' title='bbox 1759 1879 1897 1918; x_wconf 83' lang='lat' dir='ltr'>vere</span> <span class='ocrx_word' id='word_1_171' title='bbox 1930 1860 2081 1918; x_wconf 85' lang='lat' dir='ltr'>chri-</span> 
     </span>
     <span class='ocr_line' id='line_1_22' title="bbox 205 1946 2081 2026; baseline -0.002 -22"><span class='ocrx_word' id='word_1_172' title='bbox 205 1949 382 2005; x_wconf 80' lang='lat' dir='ltr'>stiani</span> <span class='ocrx_word' id='word_1_173' title='bbox 409 1951 741 2023; x_wconf 79' lang='lat' dir='ltr'>interpretis</span> <span class='ocrx_word' id='word_1_174' title='bbox 759 1989 780 2020; x_wconf 84' lang='lat'>,</span> <span class='ocrx_word' id='word_1_175' title='bbox 815 1951 941 2025; x_wconf 85' lang='lat' dir='ltr'>qui:</span> <span class='ocrx_word' id='word_1_176' title='bbox 999 1969 1239 2026; x_wconf 84' lang='lat' dir='ltr'>„neque</span> <span class='ocrx_word' id='word_1_177' title='bbox 1264 1950 1382 2005; x_wconf 84' lang='lat' dir='ltr'>ullu</span> <span class='ocrx_word' id='word_1_178' title='bbox 1407 1949 1689 2015; x_wconf 68' lang='lat' dir='ltr'>varietate,</span> <span class='ocrx_word' id='word_1_179' title='bbox 1720 1946 1939 2020; x_wconf 87' lang='lat' dir='ltr'>inquit,</span> <span class='ocrx_word' id='word_1_180' title='bbox 1964 1953 2081 2001; x_wconf 78' lang='lat' dir='ltr'>tom</span> 
     </span>
     <span class='ocr_line' id='line_1_23' title="bbox 203 2031 2083 2109; baseline -0.003 -21"><span class='ocrx_word' id='word_1_181' title='bbox 203 2034 402 2108; x_wconf 78' lang='lat' dir='ltr'>gravis</span> <span class='ocrx_word' id='word_1_182' title='bbox 448 2042 568 2103; x_wconf 86' lang='lat' dir='ltr'>est,</span> <span class='ocrx_word' id='word_1_183' title='bbox 597 2041 663 2087; x_wconf 90' lang='lat' dir='ltr'>ut</span> <span class='ocrx_word' id='word_1_184' title='bbox 698 2032 830 2087; x_wconf 86' lang='lat' dir='ltr'>inde</span> <span class='ocrx_word' id='word_1_185' title='bbox 864 2035 1166 2109; x_wconf 79' lang='lat' dir='ltr'>religionis</span> <span class='ocrx_word' id='word_1_186' title='bbox 1203 2050 1423 2089; x_wconf 75' lang='lat' dir='ltr'>summo</span> <span class='ocrx_word' id='word_1_187' title='bbox 1446 2031 1719 2105; x_wconf 78' lang='lat' dir='ltr'>pendeat,</span> <span class='ocrx_word' id='word_1_188' title='bbox 1752 2046 1937 2104; x_wconf 85' lang='lat' dir='ltr'>neque</span> <span class='ocrx_word' id='word_1_189' title='bbox 1964 2037 2083 2083; x_wconf 80' lang='lat' dir='ltr'>tam</span> 
     </span>
     <span class='ocr_line' id='line_1_24' title="bbox 201 2112 2081 2189; baseline -0.002 -19"><span class='ocrx_word' id='word_1_190' title='bbox 201 2117 350 2171; x_wconf 85' lang='lat' dir='ltr'>levis</span> <span class='ocrx_word' id='word_1_191' title='bbox 380 2116 528 2185; x_wconf 83' lang='lat' dir='ltr'>ullu,</span> <span class='ocrx_word' id='word_1_192' title='bbox 571 2123 638 2170; x_wconf 91' lang='lat' dir='ltr'>ut</span> <span class='ocrx_word' id='word_1_193' title='bbox 672 2117 886 2171; x_wconf 78' lang='lat' dir='ltr'>veritus</span> <span class='ocrx_word' id='word_1_194' title='bbox 921 2114 1251 2189; x_wconf 82' lang='lat' dir='ltr'>Apostolica</span> <span class='ocrx_word' id='word_1_195' title='bbox 1278 2134 1393 2171; x_wconf 88' lang='lat' dir='ltr'>non</span> <span class='ocrx_word' id='word_1_196' title='bbox 1420 2117 1498 2172; x_wconf 88' lang='lat' dir='ltr'>sit</span> <span class='ocrx_word' id='word_1_197' title='bbox 1524 2112 1894 2188; x_wconf 74' lang='lat' dir='ltr'>praeferenda</span> <span class='ocrx_word' id='word_1_198' title='bbox 1920 2114 2081 2167; x_wconf 77' lang='lat' dir='ltr'>vitiis</span> 
     </span>
     <span class='ocr_line' id='line_1_25' title="bbox 199 2198 736 2255; baseline -0.006 -1"><span class='ocrx_word' id='word_1_199' title='bbox 199 2198 632 2255; x_wconf 72' lang='lat' dir='ltr'>librariorum.“</span> <span class='ocrx_word' id='word_1_200' title='bbox 663 2228 736 2239; x_wconf 89' lang='lat'>-</span> 
     </span>
    </p>

    <p class='ocr_par' dir='ltr' id='par_1_5' title="bbox 205 2279 2087 3180">
     <span class='ocr_line' id='line_1_26' title="bbox 331 2279 2082 2351; baseline -0.003 -14"><span class='ocrx_word' id='word_1_201' title='bbox 331 2279 404 2337; x_wconf 89' lang='lat'>11.</span> <span class='ocrx_word' id='word_1_202' title='bbox 447 2279 798 2337; x_wconf 77' lang='lat' dir='ltr'>Mutationes</span> <span class='ocrx_word' id='word_1_203' title='bbox 842 2298 1106 2351; x_wconf 78' lang='lat' dir='ltr'>casuum,</span> <span class='ocrx_word' id='word_1_204' title='bbox 1158 2299 1525 2339; x_wconf 81' lang='lat' dir='ltr'>numerorum</span> <span class='ocrx_word' id='word_1_205' title='bbox 1576 2282 1639 2335; x_wconf 82' lang='lat' dir='ltr'>in</span> <span class='ocrx_word' id='word_1_206' title='bbox 1688 2280 2082 2346; x_wconf 76' lang='lat' dir='ltr'>substantivis,</span> 
     </span>
     <span class='ocr_line' id='line_1_27' title="bbox 205 2361 2082 2438; baseline -0.003 -18"><span class='ocrx_word' id='word_1_207' title='bbox 205 2376 528 2438; x_wconf 81' lang='lat' dir='ltr'>temporum</span> <span class='ocrx_word' id='word_1_208' title='bbox 551 2365 614 2419; x_wconf 89' lang='lat' dir='ltr'>in</span> <span class='ocrx_word' id='word_1_209' title='bbox 637 2364 858 2435; x_wconf 84' lang='lat' dir='ltr'>verbis,</span> <span class='ocrx_word' id='word_1_210' title='bbox 898 2366 1343 2438; x_wconf 80' lang='lat' dir='ltr'>compositorum</span> <span class='ocrx_word' id='word_1_211' title='bbox 1365 2365 1429 2419; x_wconf 88' lang='lat' dir='ltr'>in</span> <span class='ocrx_word' id='word_1_212' title='bbox 1456 2362 1741 2436; x_wconf 76' lang='lat' dir='ltr'>simplicia</span> <span class='ocrx_word' id='word_1_213' title='bbox 1768 2361 1965 2417; x_wconf 87' lang='lat' dir='ltr'>crebro</span> <span class='ocrx_word' id='word_1_214' title='bbox 1991 2378 2082 2415; x_wconf 89' lang='lat' dir='ltr'>re-</span> 
     </span>
     <span class='ocr_line' id='line_1_28' title="bbox 205 2442 2083 2523; baseline -0.004 -20"><span class='ocrx_word' id='word_1_215' title='bbox 205 2448 531 2523; x_wconf 84' lang='lat' dir='ltr'>periuntur,</span> <span class='ocrx_word' id='word_1_216' title='bbox 549 2464 718 2521; x_wconf 77' lang='lat' dir='ltr'>saepe</span> <span class='ocrx_word' id='word_1_217' title='bbox 735 2447 984 2522; x_wconf 81' lang='lat' dir='ltr'>quidem,</span> <span class='ocrx_word' id='word_1_218' title='bbox 1011 2448 1127 2503; x_wconf 90' lang='lat' dir='ltr'>imo</span> <span class='ocrx_word' id='word_1_219' title='bbox 1151 2442 1485 2522; x_wconf 61' lang='lat' dir='ltr'>plemmklue</span> <span class='ocrx_word' id='word_1_220' title='bbox 1515 2454 1715 2503; x_wconf 74' lang='lat' dir='ltr'>contro</span> <span class='ocrx_word' id='word_1_221' title='bbox 1742 2444 2083 2520; x_wconf 72' lang='lat' dir='ltr'>elegantium</span> 
     </span>
     <span class='ocr_line' id='line_1_29' title="bbox 208 2527 2083 2601; baseline -0.003 -14"><span class='ocrx_word' id='word_1_222' title='bbox 208 2532 422 2587; x_wconf 77' lang='lat' dir='ltr'>latinae</span> <span class='ocrx_word' id='word_1_223' title='bbox 459 2530 739 2586; x_wconf 80' lang='lat' dir='ltr'>orationis</span> <span class='ocrx_word' id='word_1_224' title='bbox 776 2530 996 2601; x_wconf 76' lang='lat' dir='ltr'>sactae,</span> <span class='ocrx_word' id='word_1_225' title='bbox 1037 2530 1137 2589; x_wconf 72' lang='lat' dir='ltr'>ned</span> <span class='ocrx_word' id='word_1_226' title='bbox 1169 2531 1244 2587; x_wconf 83' lang='lat' dir='ltr'>ad</span> <span class='ocrx_word' id='word_1_227' title='bbox 1285 2530 1571 2587; x_wconf 80' lang='lat' dir='ltr'>veriorem</span> <span class='ocrx_word' id='word_1_228' title='bbox 1604 2527 1855 2583; x_wconf 82' lang='lat' dir='ltr'>indolem</span> <span class='ocrx_word' id='word_1_229' title='bbox 1890 2532 2083 2582; x_wconf 69' lang='lat' dir='ltr'>textu·</span> 
     </span>
     <span class='ocr_line' id='line_1_30' title="bbox 210 2610 2085 2689; baseline -0.004 -20"><span class='ocrx_word' id='word_1_230' title='bbox 210 2615 410 2689; x_wconf 81' lang='lat' dir='ltr'>graeci</span> <span class='ocrx_word' id='word_1_231' title='bbox 443 2612 806 2686; x_wconf 78' lang='lat' dir='ltr'>aperiendam</span> <span class='ocrx_word' id='word_1_232' title='bbox 841 2632 1065 2689; x_wconf 82' lang='lat' dir='ltr'>graves.</span> <span class='ocrx_word' id='word_1_233' title='bbox 1148 2613 1239 2669; x_wconf 89' lang='lat' dir='ltr'>Ad</span> <span class='ocrx_word' id='word_1_234' title='bbox 1267 2610 1491 2669; x_wconf 74' lang='lat' dir='ltr'>Graeco</span> <span class='ocrx_word' id='word_1_235' title='bbox 1532 2612 1628 2667; x_wconf 80' lang='lat' dir='ltr'>vel</span> <span class='ocrx_word' id='word_1_236' title='bbox 1664 2610 1848 2665; x_wconf 86' lang='lat' dir='ltr'>denuo</span> <span class='ocrx_word' id='word_1_237' title='bbox 1882 2626 2085 2681; x_wconf 77' lang='lat' dir='ltr'>perve-</span> 
     </span>
     <span class='ocr_line' id='line_1_31' title="bbox 211 2688 2085 2773; baseline -0.002 -21"><span class='ocrx_word' id='word_1_238' title='bbox 211 2694 478 2773; x_wconf 73' lang='lat' dir='ltr'>stiganda</span> <span class='ocrx_word' id='word_1_239' title='bbox 514 2696 610 2751; x_wconf 80' lang='lat' dir='ltr'>vel</span> <span class='ocrx_word' id='word_1_240' title='bbox 646 2695 1032 2753; x_wconf 76' lang='lat' dir='ltr'>confirmanda</span> <span class='ocrx_word' id='word_1_241' title='bbox 1069 2698 1164 2752; x_wconf 79' lang='lat' dir='ltr'>vel</span> <span class='ocrx_word' id='word_1_242' title='bbox 1204 2694 1553 2753; x_wconf 75' lang='lat' dir='ltr'>emendando</span> <span class='ocrx_word' id='word_1_243' title='bbox 1584 2692 1727 2749; x_wconf 77' lang='lat' dir='ltr'>haec</span> <span class='ocrx_word' id='word_1_244' title='bbox 1762 2692 1902 2747; x_wconf 77' lang='lat' dir='ltr'>talia</span> <span class='ocrx_word' id='word_1_245' title='bbox 1935 2688 2085 2749; x_wconf 73' lang='lat' dir='ltr'>houd</span> 
     </span>
     <span class='ocr_line' id='line_1_32' title="bbox 211 2766 2085 2854; baseline -0.001 -21"><span class='ocrx_word' id='word_1_246' title='bbox 211 2779 412 2854; x_wconf 78' lang='lat' dir='ltr'>exigui</span> <span class='ocrx_word' id='word_1_247' title='bbox 447 2777 715 2852; x_wconf 82' lang='lat' dir='ltr'>ponderis</span> <span class='ocrx_word' id='word_1_248' title='bbox 752 2789 902 2835; x_wconf 85' lang='lat' dir='ltr'>sunt.</span> <span class='ocrx_word' id='word_1_249' title='bbox 987 2777 1056 2835; x_wconf 91' lang='lat' dir='ltr'>V.</span> <span class='ocrx_word' id='word_1_250' title='bbox 1099 2780 1253 2836; x_wconf 90' lang='lat' dir='ltr'>inter</span> <span class='ocrx_word' id='word_1_251' title='bbox 1290 2780 1405 2835; x_wconf 78' lang='lat' dir='ltr'>alia</span> <span class='ocrx_word' id='word_1_252' title='bbox 1440 2774 1580 2833; x_wconf 88' lang='lat' dir='ltr'>Luc.</span> <span class='ocrx_word' id='word_1_253' title='bbox 1626 2776 1686 2844; x_wconf 88' lang='lat'>8,</span> <span class='ocrx_word' id='word_1_254' title='bbox 1720 2774 1777 2829; x_wconf 88' lang='grc'>3.</span> <span class='ocrx_word' id='word_1_255' title='bbox 1804 2775 1889 2831; x_wconf 72' lang='lat' dir='ltr'>eis</span> <span class='ocrx_word' id='word_1_256' title='bbox 1917 2766 2085 2848; x_wconf 77' lang='lat' dir='ltr'>(apo-</span> 
     </span>
     <span class='ocr_line' id='line_1_33' title="bbox 207 2857 2087 2940; baseline -0.005 -21"><span class='ocrx_word' id='word_1_257' title='bbox 207 2859 428 2940; x_wconf 80' lang='lat' dir='ltr'>stolis).</span> <span class='ocrx_word' id='word_1_258' title='bbox 513 2857 601 2915; x_wconf 90' lang='lat' dir='ltr'>De</span> <span class='ocrx_word' id='word_1_259' title='bbox 632 2880 742 2936; x_wconf 78' lang='lat' dir='ltr'>qua</span> <span class='ocrx_word' id='word_1_260' title='bbox 768 2863 1038 2932; x_wconf 84' lang='lat' dir='ltr'>lectione,</span> <span class='ocrx_word' id='word_1_261' title='bbox 1065 2861 1445 2935; x_wconf 79' lang='lat' dir='ltr'>locupletibus</span> <span class='ocrx_word' id='word_1_262' title='bbox 1473 2857 1714 2915; x_wconf 72' lang='lat' dir='ltr'>testibus</span> <span class='ocrx_word' id='word_1_263' title='bbox 1739 2857 1999 2931; x_wconf 80' lang='lat' dir='ltr'>probato,</span> <span class='ocrx_word' id='word_1_264' title='bbox 2028 2865 2087 2909; x_wconf 88' lang='lat' dir='ltr'>et</span> 
     </span>
     <span class='ocr_line' id='line_1_34' title="bbox 209 2940 2087 3019; baseline -0.005 -18"><span class='ocrx_word' id='word_1_265' title='bbox 209 2946 476 3001; x_wconf 81' lang='lat' dir='ltr'>examine</span> <span class='ocrx_word' id='word_1_266' title='bbox 503 2942 698 3019; x_wconf 77' lang='lat' dir='ltr'>digna,</span> <span class='ocrx_word' id='word_1_267' title='bbox 723 2964 780 3001; x_wconf 84' lang='lat' dir='ltr'>v.</span> <span class='ocrx_word' id='word_1_268' title='bbox 817 2943 1015 3001; x_wconf 65' lang='grc' dir='ltr'>ναῖεν.</span> <span class='ocrx_word' id='word_1_269' title='bbox 1042 2947 1104 3001; x_wconf 88' lang='lat' dir='ltr'>in</span> <span class='ocrx_word' id='word_1_270' title='bbox 1124 2943 1197 3001; x_wconf 92' lang='lat' dir='ltr'>N.</span> <span class='ocrx_word' id='word_1_271' title='bbox 1218 2942 1288 2999; x_wconf 88' lang='grc' dir='ltr'>Τ.</span> <span class='ocrx_word' id='word_1_272' title='bbox 1316 2943 1389 2999; x_wconf 75' lang='lat' dir='ltr'>ad</span> <span class='ocrx_word' id='word_1_273' title='bbox 1418 2941 1473 2996; x_wconf 95' lang='lat' dir='ltr'>h.</span> <span class='ocrx_word' id='word_1_274' title='bbox 1499 2943 1561 3011; x_wconf 88' lang='lat' dir='ltr'>l.‚</span> <span class='ocrx_word' id='word_1_275' title='bbox 1590 2942 1689 3016; x_wconf 83' lang='lat' dir='ltr'>qui</span> <span class='ocrx_word' id='word_1_276' title='bbox 1714 2948 1904 2997; x_wconf 77' lang='lat' dir='ltr'>tamen</span> <span class='ocrx_word' id='word_1_277' title='bbox 1936 2940 2087 2995; x_wconf 77' lang='lat' dir='ltr'>mole</span> 
     </span>
     <span class='ocr_line' id='line_1_35' title="bbox 210 3023 2085 3101; baseline -0.005 -18"><span class='ocrx_word' id='word_1_278' title='bbox 210 3027 540 3096; x_wconf 76' lang='lat' dir='ltr'>contendit,</span> <span class='ocrx_word' id='word_1_279' title='bbox 581 3028 966 3101; x_wconf 82' lang='lat' dir='ltr'>apostolorum</span> <span class='ocrx_word' id='word_1_280' title='bbox 1000 3028 1351 3083; x_wconf 87' lang='lat' dir='ltr'>mentionem</span> <span class='ocrx_word' id='word_1_281' title='bbox 1373 3042 1489 3081; x_wconf 89' lang='lat' dir='ltr'>non</span> <span class='ocrx_word' id='word_1_282' title='bbox 1523 3043 1648 3081; x_wconf 85' lang='lat' dir='ltr'>esse</span> <span class='ocrx_word' id='word_1_283' title='bbox 1684 3023 1899 3079; x_wconf 78' lang='lat' dir='ltr'>fuctum</span> <span class='ocrx_word' id='word_1_284' title='bbox 1933 3030 2085 3077; x_wconf 81' lang='lat' dir='ltr'>unte.</span> 
     </span>
     <span class='ocr_line' id='line_1_36' title="bbox 213 3103 2085 3180; baseline -0.006 -14"><span class='ocrx_word' id='word_1_285' title='bbox 213 3108 299 3167; x_wconf 81' lang='lat' dir='ltr'>cf.</span> <span class='ocrx_word' id='word_1_286' title='bbox 326 3130 384 3165; x_wconf 80' lang='lat' dir='ltr'>v.</span> <span class='ocrx_word' id='word_1_287' title='bbox 423 3110 474 3164; x_wconf 90' lang='lat' dir='ltr'>l.</span> <span class='ocrx_word' id='word_1_288' title='bbox 501 3106 686 3165; x_wconf 86' lang='lat' dir='ltr'>Recte</span> <span class='ocrx_word' id='word_1_289' title='bbox 711 3107 940 3167; x_wconf 76' lang='lat' dir='ltr'>Scholz.</span> <span class='ocrx_word' id='word_1_290' title='bbox 970 3103 1146 3172; x_wconf 74' lang='grc' dir='ltr'><em>αὐτοῖς</em></span> <span class='ocrx_word' id='word_1_291' title='bbox 1172 3110 1238 3165; x_wconf 88' lang='lat' dir='ltr'>in</span> <span class='ocrx_word' id='word_1_292' title='bbox 1262 3117 1488 3167; x_wconf 83' lang='lat' dir='ltr'>textum</span> <span class='ocrx_word' id='word_1_293' title='bbox 1510 3108 1775 3177; x_wconf 77' lang='lat' dir='ltr'>admisit,</span> <span class='ocrx_word' id='word_1_294' title='bbox 1810 3104 1961 3180; x_wconf 87' lang='lat' dir='ltr'>quod</span> <span class='ocrx_word' id='word_1_295' title='bbox 1988 3104 2085 3157; x_wconf 79' lang='lat' dir='ltr'>‹le-</span> 
     </span>
    </p>
   </div>
   <div class='ocr_carea' id='block_1_3' title="bbox 219 3318 2089 3455">
    <p class='ocr_par' dir='ltr' id='par_1_6' title="bbox 219 3318 2089 3455">
     <span class='ocr_line' id='line_1_37' title="bbox 349 3318 2089 3386; baseline -0.004 -15"><span class='ocrx_word' id='word_1_296' title='bbox 349 3327 404 3386; x_wconf 84' lang='lat'>1)</span> <span class='ocrx_word' id='word_1_297' title='bbox 444 3326 890 3384; x_wconf 74' lang='lat' dir='ltr'>Transponitiones</span> <span class='ocrx_word' id='word_1_298' title='bbox 914 3330 965 3374; x_wconf 88' lang='lat' dir='ltr'>et</span> <span class='ocrx_word' id='word_1_299' title='bbox 985 3327 1287 3376; x_wconf 74' lang='lat' dir='ltr'>omissiones</span> <span class='ocrx_word' id='word_1_300' title='bbox 1312 3331 1578 3375; x_wconf 85' lang='lat' dir='ltr'>verborum</span> <span class='ocrx_word' id='word_1_301' title='bbox 1598 3337 1837 3382; x_wconf 79' lang='lat' dir='ltr'>perquam</span> <span class='ocrx_word' id='word_1_302' title='bbox 1858 3318 2089 3376; x_wconf 72' lang='lat' dir='ltr'>vulgare·</span> 
     </span>
     <span class='ocr_line' id='line_1_38' title="bbox 219 3385 2089 3455; baseline -0.004 -15"><span class='ocrx_word' id='word_1_303' title='bbox 219 3408 329 3441; x_wconf 73' lang='lat' dir='ltr'>esse</span> <span class='ocrx_word' id='word_1_304' title='bbox 351 3394 406 3440; x_wconf 88' lang='lat' dir='ltr'>in</span> <span class='ocrx_word' id='word_1_305' title='bbox 428 3394 682 3440; x_wconf 72' lang='lat' dir='ltr'>codicibus</span> <span class='ocrx_word' id='word_1_306' title='bbox 703 3394 898 3441; x_wconf 80' lang='lat' dir='ltr'>biblicis</span> <span class='ocrx_word' id='word_1_307' title='bbox 918 3395 1108 3455; x_wconf 70' lang='lat' dir='ltr'>latinis,</span> <span class='ocrx_word' id='word_1_308' title='bbox 1132 3396 1257 3444; x_wconf 82' lang='lat' dir='ltr'>vidit</span> <span class='ocrx_word' id='word_1_309' title='bbox 1277 3398 1499 3443; x_wconf 59' lang='lat' dir='ltr'>senooz</span> <span class='ocrx_word' id='word_1_310' title='bbox 1520 3392 1573 3438; x_wconf 79' lang='lat' dir='ltr'>in</span> <span class='ocrx_word' id='word_1_311' title='bbox 1590 3392 1626 3437; x_wconf 93' lang='lat' dir='ltr'>l.</span> <span class='ocrx_word' id='word_1_312' title='bbox 1648 3392 1766 3439; x_wconf 71' lang='lat' dir='ltr'>bibl.</span> <span class='ocrx_word' id='word_1_313' title='bbox 1787 3388 1909 3436; x_wconf 61' lang='lat' dir='ltr'>brit.</span> <span class='ocrx_word' id='word_1_314' title='bbox 1924 3385 2089 3432; x_wconf 68' lang='lat' dir='ltr'>Reice.</span> 
     </span>
    </p>
   </div>
   <div class='ocr_carea' id='block_1_4' title="bbox 221 3461 1769 3559">
    <p class='ocr_par' dir='ltr' id='par_1_7' title="bbox 221 3461 1769 3559">
     <span class='ocr_line' id='line_1_39' title="bbox 221 3461 1769 3559; baseline 0.014 -54"><span class='ocrx_word' id='word_1_315' title='bbox 221 3475 268 3519; x_wconf 77' lang='lat' dir='ltr'>p.</span> <span class='ocrx_word' id='word_1_316' title='bbox 287 3463 351 3508; x_wconf 72' lang='lat'>45</span> <span class='ocrx_word' id='word_1_317' title='bbox 370 3484 444 3497; x_wconf 90' lang='lat'>—</span> <span class='ocrx_word' id='word_1_318' title='bbox 459 3463 540 3507; x_wconf 73' lang='lat'>49.</span> <span class='ocrx_word' id='word_1_319' title='bbox 563 3461 816 3521; x_wconf 73' lang='lat' dir='ltr'>(Leipzig,</span> <span class='ocrx_word' id='word_1_320' title='bbox 835 3464 985 3511; x_wconf 76' lang='lat'>1823.</span> <span class='ocrx_word' id='word_1_321' title='bbox 1005 3461 1078 3521; x_wconf 82' lang='lat'>8.)</span> <span class='ocrx_word' id='word_1_322' title='bbox 1705 3524 1732 3559; x_wconf 84' lang='lat'><em>2</em></span> <span class='ocrx_word' id='word_1_323' title='bbox 1750 3526 1769 3545; x_wconf 50' lang='lat'>0</span> 
     </span>
    </p>
   </div>
  </div>
 </body>
</html>
