2376 3925
324 177 422 228 162
842 175 1237 228 JOANNES.

323 280 402 325 xit
419 279 520 326 eia:
540 281 601 325 In
619 279 717 324 hoc
736 278 871 324 enim
888 277 1119 325 mirabile
1136 279 1233 337 est,

324 346 443 403 quia
478 358 571 392 voa
607 345 843 404 nescitis,
879 346 1014 392 unde
1051 345 1144 404 ait,
1180 348 1236 392 et

324 412 524 470 aperuit
541 426 683 459 meon
705 413 911 470 oeulou;

391 497 472 541 31.
509 495 735 543 seimane
753 498 947 556 autem,
974 497 1091 553 quia
1107 509 1230 552 pec-

324 564 521 609 catores
559 563 697 609 Deua
729 576 834 609 non
870 563 1034 621 audit3
1066 562 1157 608 aed
1186 562 1231 608 si

322 629 431 686 qni·
442 630 540 676 Dei
558 630 723 677 cultor
742 633 835 690 eut,
848 633 900 676 et
920 629 1232 676 voluntatem

323 697 433 754 ejus
451 697 590 756 facit,
611 698 743 743 hune
763 697 983 743 exaudit.

390 782 469 826 32.
490 780 743 828 Anaeculo
762 793 869 825 non
892 782 969 826 est
987 780 1227 839 auditum,

320 847 438 904 quia
482 847 592 906 quis
631 847 829 904 aperuit
874 846 1051 895 oculos
1091 848 1230 894 caeci

318 915 454 972 nati3

386 995 466 1040 33.
501 995 603 1040 nini
631 997 766 1040 esset
790 994 875 1040 hie
900 1007 931 1040 a
949 995 1091 1054 Deo,
1119 1008 1228 1042 non

317 1063 518 1119 poterat
535 1063 705 1108 faeere
724 1061 1007 1118 quidquam.

384 1147 463 1190 34.
498 1145 887 1204 Responderunt
912 1147 963 1192 et
989 1146 1230 1192 dixerunt

318 1213 389 1261 ei:
410 1214 469 1258 In
486 1205 744 1272 peceatia'*
762 1215 912 1260 natus
932 1227 986 1259 ea
996 1212 1159 1260 totus!
1177 1214 1230 1258 et

316 1284 373 1328 tu
390 1280 543 1328 doces
562 1281 693 1328 nos!
710 1280 780 1327 Et
798 1275 1087 1338 ejecerunt?
1112 1293 1228 1327 eum

316 1350 474 1396 foras.

385 1433 465 1478 35.
499 1430 709 1477 Audivit
724 1431 893 1489 Iesus,
916 1431 1033 1487 quia
1050 1429 1222 1487 ejece-

314 1500 436 1544 runt
453 1511 567 1544 eum
584 1499 752 1554 sorau
784 1499 837 1542 et
862 1510 975 1542 eum
992 1497 1224 1542 invenia-

316 1567 395 1612 set
422 1578 562 1624 enm,
604 1563 733 1610 dixit
752 1563 828 1609 ei:
868 1563 949 1610 Tu
975 1563 1140 1610 credin
1168 1563 1224 1610 in

314 1632 499 1679 Filium
516 1631 647 1678 Dei}

384 1715 464 1760 36.
498 1712 779 1771 Respondit
822 1711 937 1773 ine,
976 1713 1029 1759 et
1064 1711 1222 1760 dixit:

318 1782 443 1836 Quis
463 1782 557 1840 est,
577 1777 820 1827 Domine!
852 1781 910 1826 ut
939 1779 1141 1827 credam
1168 1779 1225 1826 in

316 1849 463 1896 eum?

380 1935 461 1981 37.
495 1932 565 1980 Et
582 1931 713 1981 dixit
730 1933 780 1979 ei
797 1933 974 1980 Jews:
1003 1931 1072 1979 Et
1090 1930 1224 1978 vidi-

314 2002 382 2049 sti
406 2014 547 2059 eum,
586 2005 639 2046 et
666 2000 753 2057 qui
777 2000 1003 2057 loquitur
1038 2001 1222 2057 tecum,

312 2069 421 2125 ipae
442 2069 533 2113 eat.

383 2152 463 2196 38.
498 2150 565 2194 At
580 2148 671 2194 ille
689 2148 787 2193 ait:
820 2148 1013 2207 Credo,
1041 2148 1223 2195 Domi-

313 2214 403 2263 ne!
425 2218 477 2263 et
494 2214 766 2274 procidens
786 2215 1021 2262 adoravit
1039 2229 1169 2261 eum.

380 2315 460 2359 39.
494 2311 565 2358 Et
590 2310 722 2359 dixit
744 2312 923 2358 Jenua:
954 2314 1015 2358 In
1031 2312 1222 2371 judici-

312 2372 430 2429 uml·
459 2392 557 2440 ego
586 2378 642 2426 in
666 2378 801 2426 hune
826 2379 1065 2426 mundum
1083 2381 1219 2440 veni,

310 2452 371 2496 ut
386 2448 473 2509 qui
489 2460 598 2495 non
609 2446 802 2507 vident,
813 2446 1045 2506 videant;
1066 2449 1117 2493 et
1134 2448 1222 2505 qui

312 2518 504 2576 vident,
525 2513 665 2563 eaeei
681 2516 818 2561 fiant.

378 2604 461 2648 40.
494 2600 565 2647 Et
610 2598 881 2646 audierunt
916 2598 1115 2656 quidam
1152 2612 1221 2648 ex

310 2669 614 2729 Phia-ineis,
653 2666 739 2725 qui
768 2680 879 2713 eum
909 2666 1021 2725 ipso
1054 2668 1217 2727 erant,

313 2737 365 2781 et
392 2736 631 2783 dixerunt
660 2734 731 2783 ei:
763 2734 1013 2791 Numquid
1042 2734 1095 2780 et
1119 2746 1219 2780 nos

314 2802 453 2849 caeci
472 2805 671 2850 numus}

376 2887 455 2932 41.
493 2886 638 2933 Dixit
666 2888 739 2933 eia
769 2889 944 2934 Jesus:
985 2887 1040 2933 Si
1078 2884 1220 2932 caeci

313 2950 509 3011 esu-etia,
528 2966 636 2999 non
655 2954 907 3001 haberetis
926 2956 1214 3013 peccatum5

310 3034 445 3065 nunc
467 3032 589 3065 vero
610 3018 800 3067 dicitis:
817 3022 947 3074 Quia
967 3018 1216 3067 videmus!

312 3089 571 3145 peccatum
593 3088 815 3133 vestrum
831 3090 1015 3136 manet.

353 3210 378 3239 ε
394 3204 462 3242 Ρ..
490 3207 559 3245 55,
579 3206 640 3243 18.
703 3201 725 3229 ²·
743 3202 793 3241 cf.
810 3215 850 3242 v.
875 3208 912 3243 2.
977 3200 995 3231 ἰ
1013 3205 1063 3243 cr.
1082 3218 1123 3245 v.
1150 3210 1215 3243 22.

310 3248 331 3279 Β
350 3250 399 3289 cf.
421 3264 455 3287 c.
474 3255 511 3295 3,
530 3253 700 3289 19—21.

1310 175 1480 228 cAP.
1520 175 1673 226 9.10.

1604 292 1776 344 ΟΑΡ.
1831 294 1903 346 X.

1552 378 1703 418 astare
1723 377 1942 420 narratio.
1965 377 2220 430 Christum,

1529 431 1617 472 ’um
1638 430 1884 480 fatentem,
1903 429 2118 490 lapidare
2137 449 2221 478 vo-

1601 484 1706 530 lunt
1721 485 1903 531 Judaei.

1300 375 1370 416 De
1380 374 1498 416 bono

1299 443 1346 473 ιο
1367 429 1457 472 Dei

1363 582 1412 626 1.
1445 582 1638 640 Amen,
1685 592 1836 626 amen
1882 581 1995 629 dico
2034 585 2213 630 vobis:

1299 647 1398 699 Qui
1407 660 1514 693 non
1524 647 1681 693 intrat
1698 660 1790 705 per
1801 648 1987 695 ostium
2003 649 2058 696 in
2070 651 2216 698 ovile

1298 715 1486 774 ovium,
1507 714 1596 761 aed
1614 715 1845 762 ascendit
1865 715 2066 763 aliunde
2079 747 2096 777 ,
2117 717 2214 764 ille

1295 784 1379 828 fur
1399 784 1476 828 est
1497 783 1549 827 et
1564 781 1724 839 latren

1363 849 1410 894 2.
1446 849 1531 905 qui
1541 851 1708 895 autem
1717 849 1876 896 intrat
1884 863 1976 908 per
1987 844 2206 909 ostium1,

1294 917 1470 974 pastor
1489 917 1569 962 est
1588 917 1774 962 ovium.

1363 985 1410 1028 3.
1461 983 1593 1029 Huie
1631 982 1868 1029 ostiarius
1915 985 2105 1045 aperit,
2157 989 2207 1032 et

1295 1062 1420 1097 oven
1441 1061 1619 1096 vocem
1639 1050 1750 1107 ejus
1770 1050 1992 1110 audiunt,
2006 1054 2059 1097 et
2077 1065 2203 1109 pro-

1294 1118 1432 1175 prian
1461 1129 1586 1164 oves
1617 1118 1770 1164 vocat
1795 1116 2121 1178 nominatim,
2157 1122 2208 1166 et

1295 1183 1462 1230 educit
1481 1177 1584 1230 ean'.

1359 1253 1406 1296 4.
1441 1249 1640 1298 Etcum
1658 1251 1891 1308 proprias
1921 1263 2040 1297 oves
2071 1253 2205 1300 emi-

1292 1318 1434 1376 serit,
1447 1320 1564 1365 ante
1583 1330 1668 1364 ean
1681 1317 1843 1375 vadit3
1857 1320 2038 1364 etovea
2057 1319 2205 1367 illum

1292 1388 1598 1444 sequuntur,
1642 1384 1760 1442 quia
1807 1385 1979 1431 sciunt
2023 1399 2204 1434 vocem

1293 1465 1420 1509 ejus.

1357 1522 1404 1564 5.
1422 1518 1659 1565 Alienum
1674 1519 1836 1565 autem
1853 1531 1962 1564 non
1973 1532 2199 1578 aequuu-

1289 1586 1399 1645 tur,
1429 1585 1519 1632 aed
1537 1587 1740 1645 fugiunt
1755 1588 1813 1632 ab
1834 1598 1922 1643 eo;
1953 1587 2075 1643 quia
2093 1601 2200 1634 non

1291 1654 1549 1700 noverunt
1571 1666 1748 1700 vocem
1765 1652 2067 1700 alienorum.

1359 1723 1406 1766 6.
1440 1721 1552 1767 Boe
1588 1720 1916 1780 proverbium
1959 1720 2092 1768 dixit
2126 1722 2198 1769 eia

1289 1789 1468 1846 Jesun3
1501 1787 1582 1834 illi
1609 1791 1778 1835 autem
1795 1801 1904 1836 non
1937 1801 2197 1848 cognove-

1295 1857 1432 1915 runt,
1454 1855 1574 1912 quid
1591 1855 1888 1912 loqueretur
1907 1854 1998 1902 eia.

1358 1925 1406 1969 7.
1439 1923 1587 1972 Dixit
1623 1935 1748 1983 ergo
1783 1921 1857 1969 eis
1889 1921 2074 1970 iterum
2107 1923 2194 1970 Je-

1291 2003 1405 2037 nun:
1442 1992 1632 2051 Amen,
1679 2003 1828 2037 amen
1864 1989 1978 2037 dico
2024 1991 2194 2037 vobis:

1291 2056 1424 2110 Quia
1442 2071 1538 2117 ego
1560 2071 1670 2104 aum
1690 2058 1874 2103 ostium
1893 2056 2086 2104 ovium!

1357 2125 1404 2169 8.
1442 2126 1647 2185 Omnes,
1661 2126 1910 2182 quotquot
1929 2128 2196 2183 venerunt,

1287 2192 1476 2238 tuream
1504 2194 1623 2241 nunt
1647 2194 1698 2239 et
1724 2192 1979 2251 latrones,
2009 2194 2061 2239 et
2089 2205 2194 2238 non

1288 2258 1557 2306 audierunt
1576 2272 1666 2306 eo·
1687 2272 1828 2306 ovea.

1356 2329 1403 2371 9.
1437 2326 1590 2385 Egon
1619 2340 1730 2372 aum
1757 2325 1966 2373 ostium!
2000 2339 2090 2385 per
2115 2340 2194 2372 me

1289 2392 1334 2438 ai
1362 2394 1475 2450 quis
1501 2393 1788 2453 introierit,
1809 2392 2118 2451 salvabitur3
2148 2395 2198 2440 et

1287 2460 1628 2521 ingredietur,
1677 2464 1729 2508 et
1779 2460 2094 2519 egredietur,
2147 2464 2197 2507 et

1285 2540 1472 2586 pascua
1489 2528 1735 2575 inveniet.

1353 2596 1434 2641 10.
1468 2596 1574 2641 Fur
1592 2608 1700 2641 non
1719 2594 1886 2654 venit,
1914 2592 2021 2641 nisi
2037 2596 2094 2640 ut
2110 2595 2194 2640 fu-

1283 2664 1450 2722 retur,
1481 2666 1532 2709 et
1547 2664 1758 2721 mactet,
1789 2663 1841 2707 et
1859 2661 2064 2719 perdat3
2095 2674 2194 2719 ego

1285 2728 1404 2776 veni
1417 2760 1432 2787 ,
1452 2732 1509 2776 ut
1529 2730 1679 2776 vitam
1697 2729 1944 2788 habeant,
1964 2731 2017 2775 et
2033 2730 2196 2775 abun-

1285 2795 1484 2843 dantius
1506 2796 1738 2844 habeant.

1350 2865 1432 2909 11.
1466 2863 1582 2922 Ego
1631 2877 1742 2910 sum
1786 2865 1961 2921 pastor
2003 2862 2194 2909 bonus!

1282 2930 1454 2980 Bonus
1466 2936 1490 2961 ⁰
1516 2933 1692 2989 pastor
1711 2931 1931 2977 animam
1949 2942 2090 2977 suam
2109 2928 2196 2975 dat

1283 3011 1379 3057 pro
1402 2997 1581 3046 ovibus
1602 2998 1733 3057 ιιιὶες

1351 3068 1432 3111 12.
1468 3065 1812 3113 mercenariu·
1832 3066 2018 3125 autem,
2039 3066 2091 3110 et
2109 3064 2198 3121 qui

1328 3160 1344 3189 ²
1361 3160 1412 3198 cf.
1431 3172 1470 3199 V.
1487 3166 1524 3200 7.
1579 3169 1610 3188 '¹⁸
1627 3159 1774 3199 Matth.
1793 3163 1855 3204 23,
1874 3162 2046 3197 14—16.
2102 3166 2126 3185 ¹¹
2147 3157 2200 3195 cf.

1283 3219 1316 3245 c.
1334 3209 1406 3251 14,
1431 3210 1468 3246 6.
1531 3215 1550 3235 ⁰
1566 3208 1645 3245 Jes.
1672 3211 1747 3251 40,
1776 3211 1835 3244 11.
1877 3206 2026 3243 Enoch.
2045 3208 2118 3248 84,
2137 3209 2200 3243 23.

1281 3258 1344 3297 3⁷,
1361 3256 1422 3291 2².

424 3402 534 3457 Cap.
562 3394 652 3438 IX.
710 3400 780 3439 32-
814 3400 919 3450 quia
940 3400 1123 3452 aperuit
1142 3402 1256 3455 quin·
1315 3405 1385 3443 40.
1417 3416 1480 3445 ex
1497 3402 1754 3459 pharisaei·
1775 3400 2194 3458 (omiss-quidam)-

308 3454 371 3495 Χ.
447 3462 488 3500 4.
520 3456 742 3499 secuntur·
817 3456 858 3495 6.
890 3454 1014 3495 dixit
1038 3453 1150 3497 illis.
1229 3460 1269 3497 8.
1300 3457 1380 3498 aed
1401 3471 1502 3500 non.
1583 3462 1649 3500 ss-
1682 3458 1841 3501 ovibu·
1861 3456 2037 3513 (omin.
2061 3455 2194 3509 auia)-

312 3515 379 3552 12-
412 3508 713 3556 mercenarius
734 3507 903 3562 (omiss.
925 3510 1110 3563 autem).
