2376 3925
343 136 440 194 312

342 238 524 283 nistrat
543 238 702 293 Deus;
735 238 787 283 ut
813 236 866 281 in
897 235 1126 280 omnibus
1145 233 1242 278 ho-

341 305 633 351 norificetur
651 303 788 349 Deus
809 315 900 361 per
909 302 1082 347 Jesum
1095 300 1243 346 Chri-

344 374 472 417 stum
485 402 500 429 ‚
532 370 614 417 cui
631 372 709 417 est
727 369 892 428 gloria
911 370 961 415 et
979 368 1244 425 imperium

346 440 400 484 in
419 436 619 483 saecula
637 436 970 494 saeculorum,
993 436 1166 481 Amen.

409 522 490 565 12.
535 518 850 565 Charissimi!
897 518 1058 565 nolite
1093 530 1244 575 pere-

342 586 536 645 grinari
553 586 608 632 in
627 588 860 645 fervore,
889 586 975 642 qui
993 584 1056 631 ad
1077 586 1245 630 tenta-

341 656 533 700 tionem
557 654 699 701 vobis
721 656 799 712 lit,
826 652 970 710 quasi
993 652 1118 697 novi
1147 651 1246 696 ali-

343 721 462 780 quid
484 721 626 768 vobis
647 721 934 778 contingat3

411 823 492 869 13.
527 821 616 867 sed
645 819 1071 867 communicantes
1097 819 1247 865 chri-

346 889 410 936 sti
449 888 766 947 passionibus
808 887 1076 947 gaudetev,
1113 889 1170 934 ut
1198 889 1249 934 et

341 957 397 1001 in
415 955 729 1003 revelatione
758 954 954 1013 gloriae
983 954 1096 1014 ejus
1121 968 1247 1013 gau-

343 1023 500 1070 deatis
521 1022 822 1069 exultantes.

410 1108 490 1151 14.
539 1106 594 1152 Si
631 1105 1013 1164 exprobramini
1058 1106 1113 1152 in
1149 1117 1247 1151 no-

340 1174 476 1219 mine
499 1173 703 1232 Christi,
725 1174 861 1220 beati
883 1174 1051 1231 eritis3
1083 1186 1249 1231 quon-

342 1242 444 1287 iam
461 1242 597 1298 quod
615 1244 692 1287 est
711 1241 942 1301 honoris,
964 1241 1176 1299 gloriae,
1200 1242 1251 1286 et

345 1309 545 1355 virtutis
564 1309 689 1368 Dei,
719 1310 771 1355 et
798 1309 885 1365 qui
904 1312 982 1355 est
1001 1308 1109 1366 ejus
1132 1307 1248 1365 Spi-

343 1378 489 1435 ritus,
511 1390 662 1435 super
683 1389 775 1422 vos
794 1376 1082 1434 requiescit.

411 1480 492 1521 15.
529 1478 687 1522 Nemo
718 1478 884 1521 autem
916 1478 1137 1521 vestrum
1156 1488 1248 1531 pa-

343 1544 496 1589 tiatur
524 1546 580 1588 ut
607 1542 885 1600 homicida,
915 1545 1003 1587 aut
1030 1544 1140 1601 fur,
1162 1544 1249 1587 aut

343 1610 640 1669 maledicus,
666 1612 754 1655 aut
781 1608 1064 1656 alienorum
1091 1622 1249 1669 appe-

342 1678 482 1724 titor.

411 1765 491 1808 16.
531 1763 585 1810 Si
620 1764 786 1809 autem
821 1764 878 1807 ut
915 1737 1275 1819 Christianus.

345 1844 450 1876 non
479 1832 768 1888 erubescat3
806 1829 1055 1888 glorificet
1086 1830 1251 1874 autem

347 1900 504 1944 Deum
526 1898 578 1943 in
598 1897 696 1944 isto
717 1897 938 1943 nomine.

417 1985 496 2028 17.
534 1982 785 2036 Quoniam
821 1985 1016 2038 tempus
1055 1982 1157 2038 est,
1197 1980 1253 2024 ut

345 2050 554 2106 incipiat
567 2048 810 2105 judicium
829 2061 859 2092 a
880 2048 1029 2093 domo
1040 2047 1151 2098 Dei.
1196 2045 1250 2091 Si

348 2117 512 2159 autem
533 2115 745 2171 primum
763 2127 793 2159 a
812 2114 986 2169 nobis3
1009 2113 1117 2169 quis
1137 2112 1249 2156 finis

346 2194 548 2238 eorum,
578 2180 663 2237 qui
681 2192 787 2225 non
807 2180 1020 2226 credunt
1035 2177 1132 2223 Dei
1158 2191 1249 2224 ev-

347 2261 408 2293 an
414 2247 549 2304 gelio
561 2247 584 2291 ’ἓ

413 2333 493 2376 18.
521 2331 589 2377 Et
609 2329 654 2377 si
666 2330 832 2389 justus
847 2329 936 2376 vix
955 2328 1249 2388 salvabitur,

345 2400 527 2458 impius
543 2402 594 2446 et
611 2402 867 2458 peccator,
879 2397 960 2444 ubi
975 2399 1249 2460 parebunt?

414 2503 494 2546 19.
530 2503 702 2558 ltaque
722 2503 774 2546 et
789 2499 869 2558 hi,
890 2499 975 2556 qui
994 2499 1251 2557 patiuntur

351 2568 624 2614 secundum
643 2566 948 2614 voluntatem
971 2567 1093 2625 Dei,
1117 2565 1253 2613 fideli

349 2635 580 2682 Creatori
590 2633 942 2681 commendent
959 2634 1150 2680 animas
1163 2646 1250 2679 su-

350 2702 478 2747 asin
498 2701 790 2750 benefactis.

394 2816 414 2832 ⁹
433 2821 466 2842 c.
489 2815 522 2850 1.
540 2814 577 2847 6.
599 2823 682 2859 sqq.
713 2809 807 2847 Act.
825 2813 863 2852 5,
881 2813 945 2846 41.

687 132 1100 185 EPISTULA
1141 128 1394 181 PETRI
1436 130 1477 179 1.
1549 127 1715 179 cAP.
1752 128 1803 177 4.
1824 128 1872 178 5.

1611 273 1780 327 CAP.
1840 274 1910 325 V.

1312 372 1523 416 Senior-ss
1548 374 1687 416 verbo
1718 375 1767 414 et
1794 370 2009 427 exemplo
2042 387 2225 427 gregem

1314 431 1401 473 Dei
1420 433 1635 485 pascant,
1666 427 1736 469 his
1760 427 1969 481 juniores
1994 430 2094 472 sint
2122 432 2223 471 sub·

1316 486 1415 527 diti.
1474 484 1695 525 Hortatur
1730 496 1898 532 omnes,
1936 486 1988 524 ut
2016 484 2223 535 humiles.

1444 540 1598 587 sobrii,
1618 538 1731 581 forti
1752 540 1897 581 animo
1918 541 2092 581 vivant.

1382 635 1430 679 1.
1467 631 1709 679 seniores
1728 645 1873 691 ergo,
1892 632 1983 689 qui
2000 632 2057 678 in
2080 635 2221 679 vobis

1314 703 1459 759 sunt,
1492 702 1733 758 obsecro,
1765 700 2046 745 consenior
2076 704 2125 746 et
2145 704 2220 747 te-

1315 768 1405 814 stis
1444 766 1634 813 Christi
1668 766 1991 826 passionum,
2042 768 2131 823 qui
2174 772 2223 813 et

1316 835 1444 893 ejus,
1483 847 1611 891 quae
1647 832 1701 879 in
1736 835 1908 879 futuro
1946 834 2222 881 revelanda

1316 905 1410 961 est,
1431 900 1626 961 gloriae
1646 900 2062 947 communicator.

1383 971 1430 1014 2.
1464 968 1662 1015 Pascite
1676 998 1691 1027 ,
1739 968 1825 1026 qui
1868 968 1921 1013 in
1958 969 2109 1015 vobis
2148 972 2221 1015 est

1316 1050 1523 1095 gregem
1548 1034 1711 1095 Deiw,
1751 1034 2082 1093 providentes
2117 1050 2221 1081 non

1318 1105 1509 1162 coacte,
1530 1102 1619 1149 sed
1639 1104 1917 1160 spontanee
1945 1102 2219 1148 secundum

1316 1171 1501 1229 Deum,
1523 1184 1687 1227 neque
1706 1169 1869 1227 turpis
1886 1169 2016 1215 lucri
2034 1171 2219 1227 gratia,

1316 1238 1406 1284 sed
1427 1237 1745 1292 voluntarie3

1384 1306 1431 1350 3.
1466 1318 1629 1362 neque
1678 1304 1732 1351 ut
1781 1302 2137 1350 dominantes-³
2170 1305 2217 1351 in

1316 1372 1494 1431 cleris,
1520 1371 1611 1419 sed
1630 1372 1793 1419 forma
1810 1372 1933 1417 facti
1962 1372 2134 1430 gregis
2156 1385 2219 1420 ex

1315 1453 1502 1486 animo.

1381 1509 1431 1552 4.
1458 1507 1527 1553 Et
1546 1520 1657 1553 cnm
1676 1505 1971 1563 apparuerit
1988 1506 2215 1563 princeps

1315 1576 1573 1632 pastorum
1586 1604 1601 1632 ,
1621 1572 1912 1631 percipietis
1932 1573 2214 1619 immarces-

1317 1642 1515 1688 cibilem
1535 1640 1729 1700 gloriae
1750 1653 2015 1687 coronam.

1384 1712 1431 1754 5.
1453 1708 1711 1767 Similiter,
1723 1706 2097 1767 adolescentes,
2111 1710 2213 1753 sub-

1318 1776 1408 1823 diti
1419 1777 1583 1822 estote
1602 1774 1890 1821 senioribus
1903 1773 1913 1820 !
1926 1776 2115 1821 Omnes
2132 1788 2214 1821 au-

1315 1846 1417 1889 tem
1435 1843 1651 1889 invicem
1670 1840 2011 1888 humilitatem
2028 1842 2213 1888 insinu-

1318 1908 1421 1957 ate!
1452 1910 1569 1968 quia
1598 1910 1733 1955 Deus
1762 1910 1999 1967 superbis
2018 1908 2214 1967 resistit,

1317 1977 1583 2025 humilibus
1604 1979 1767 2024 autem
1789 1977 1874 2022 dat
1894 1978 2125 2035 gratiam.

1384 2048 1432 2091 6.
1466 2044 1811 2090 Humiliamini
1838 2043 2002 2102 igitur
2021 2047 2111 2092 sub
2130 2057 2214 2102 po-

1316 2113 1447 2159 tenti
1464 2121 1613 2157 mmu
1632 2112 1746 2170 Dei,
1766 2114 1823 2157 ut
1840 2125 1939 2158 vos
1959 2113 2155 2159 exaltet
2169 2113 2216 2158 in

1315 2182 1543 2237 tempore
1564 2179 1888 2225 visitationis.

1382 2249 1431 2292 7.
1467 2249 1679 2292 Omnem
1714 2246 2099 2294 solicitudinem
2134 2260 2215 2292 ve-

1317 2315 1469 2360 stram
1490 2314 1819 2372 projicientes
1840 2314 1897 2360 in
1916 2327 2217 2375 eum,quon-

1316 2382 1417 2428 iam
1435 2382 1533 2439 ipsi
1553 2394 1674 2428 cura
1694 2383 1771 2427 est
1792 2381 1854 2427 de
1878 2383 2044 2428 vobis.

1385 2451 1433 2494 8.
1476 2448 1645 2495 Sobrii
1682 2450 1864 2507 estote,
1905 2451 1959 2495 et
1984 2448 2217 2507 vigilate3

1319 2515 1437 2573 quia
1452 2516 1773 2564 adversarius
1794 2518 1968 2561 vester
2000 2515 2219 2562 diabolus

1315 2586 1571 2639 tamquam
1620 2583 1705 2628 leo
1760 2583 1975 2640 rugiens
2032 2581 2217 2637 circuit,

1319 2662 1585 2708 quaerens,
1606 2663 1755 2706 quem
1773 2648 2009 2709 devoret,

1386 2719 1431 2762 9.
1469 2717 1551 2764 cui
1577 2716 1800 2763 resistite
1828 2718 1994 2763 fortes
2022 2717 2078 2762 in
2106 2715 2216 2768 fide;

1365 2814 1395 2834 Ψ
1412 2807 1507 2846 Act.
1524 2811 1586 2853 20,
1603 2810 1665 2846 28.
1714 2813 1742 2833 ⁸
1755 2807 1859 2844 Luc.
1876 2811 1940 2851 22,
1957 2811 2021 2847 2⁵·
2037 2809 2097 2846 ὦ.

463 2954 575 3010 Cap.
604 2956 686 2998 lv.
744 2961 794 2999 11
836 2958 885 2999 in
915 2955 1113 2999 saecula.
1151 2954 1294 2997 Amen
1322 2957 1467 3010 (deest
1493 2954 1815 3009 saeculorum).
1875 2959 1945 2998 12.
1977 2955 2219 3000 carinium

348 3011 457 3056 ibid.
486 3012 805 3053 temtationem.
867 3016 934 3054 13.
963 3017 1016 3054 ut
1042 3017 1089 3053 et
1116 3012 1165 3053 in
1190 3009 1528 3066 revelationem.
1597 3016 1665 3054 14.
1697 3012 1907 3064 quoniam
1936 3011 2110 3064 gloriae
2140 3007 2221 3051 Dei

352 3069 540 3122 spiritus
568 3067 616 3106 in
641 3067 770 3108 vobis
797 3068 1040 3120 requiescit
1066 3068 1122 3109 ab
1150 3065 1256 3108 aliis
1282 3065 1623 3121 blasphematus
1643 3079 1670 3108 a
1687 3066 1815 3109 vobis
1843 3071 1997 3109 autem
2014 3065 2219 3109 homi-ifi-

351 3128 479 3166 catus
498 3120 596 3177 (sic,
616 3123 775 3164 demut
797 3122 936 3164 verba
953 3123 1071 3175 quod
1091 3126 1162 3164 est
1190 3121 1372 3165 honoris
1388 3147 1447 3155 —
1464 3127 1511 3164 et
1526 3124 1711 3165 virtutis
1727 3147 1786 3155 —
1802 3128 1851 3165 et
1879 3123 1957 3176 qui
1986 3126 2062 3165 est
2088 3119 2217 3173 ejus).

355 3183 422 3221 15.
453 3192 581 3220 nemo
598 3177 717 3218 enim
742 3181 938 3220 vestrum
968 3180 1173 3231 patiatur
1201 3179 1331 3229 quasi
1359 3178 1593 3221 homicida.
1652 3183 1719 3221 17.
1751 3181 1933 3232 tempus
1958 3184 2011 3220 ut
2036 3176 2221 3241 incipiat

356 3235 499 3288 (deest
517 3230 634 3285 est);
654 3229 762 3273 ibid.
783 3233 840 3274 de
861 3232 994 3273 domu
1011 3235 1126 3282 Dei3
1145 3232 1256 3275 ibid.
1278 3235 1353 3286 qui
1373 3235 1490 3274 finis.
1553 3238 1619 3278 19.
1648 3236 1803 3287 itaque
1820 3239 1869 3276 et
1888 3233 1953 3275 bii
1968 3233 2103 3288 (sic);
2122 3229 2220 3273 ibid.

353 3289 678 3331 commendant.

353 3343 479 3396 (nic).
555 3347 597 3386 3.
626 3342 706 3385 sed
743 3341 1004 3384 tumefacti
1041 3344 1181 3394 gregi.

791 3285 850 3328 V.
908 3291 950 3329 2.
981 3289 1056 3340 qui
1075 3293 1146 3330 est
1161 3290 1211 3329 in
1231 3289 1381 3338 vobis3
1410 3288 1518 3332 ibid.
1540 3305 1629 3332 non
1648 3293 1829 3332 coactos
1850 3289 1933 3332 sed
1953 3293 2221 3344 spontaneae

1261 3348 1302 3385 4.
1332 3345 1747 3388 inmarcescibilem.
1824 3349 1867 3387 5.
1896 3345 2219 3388 adulescentes.

353 3401 392 3437 τ.
424 3397 798 3446 sollicitudinen3
817 3394 928 3439 ibid.
947 3397 1238 3450 proicientes.
1298 3403 1339 3441 8.
1370 3399 1554 3452 vigilate
1588 3403 1734 3455 (deest
1758 3400 1847 3454 et).
1904 3403 1949 3444 9.
1978 3401 2123 3444 fortes
2140 3396 2218 3438 fiale

356 3453 375 3497 s
383 3455 503 3496 eiecit
518 3454 603 3507 in).
