2376 3925
305 123 525 208 XXXI-v
737 159 1279 206 coMMENTATlo
1335 157 1753 204 ISAGOGIGA.

311 286 496 367 (quod
527 300 723 347 tamen
752 290 836 346 ibi
873 307 948 344 ne
968 297 1160 364 potest
1185 288 1414 363 quidem
1440 283 1853 365 demonstrari)
1882 287 2178 342 obscurio-

307 393 430 430 rem
465 375 768 428 lectionem
801 371 1236 448 praeferendam
1268 389 1394 426 esse
1422 369 1797 444 expeditiori,
1834 368 1985 445 quod
2007 366 2179 442 hujus

307 456 536 531 quidem
569 455 771 528 facile,
818 457 984 512 illius
1014 455 1193 510 multo
1236 453 1533 509 difficilius
1568 452 1855 527 originem
1890 461 2177 507 monstra-

305 556 478 593 vens.
505 567 577 578 -

431 617 704 677 Ceterum
763 619 976 674 deloco
1012 619 1039 672 l
1075 616 1162 672 Jo.
1192 615 1251 688 5,
1280 619 1335 673 7.
1363 619 1416 674 8.
1444 638 1479 675 a
1504 616 1697 675 verbis
1724 619 1785 673 in
1814 614 1967 672 coelo
1996 631 2177 690 usque

308 703 380 759 ad
417 705 481 758 in
517 711 686 759 terra
720 703 802 756 ita
837 709 1180 755 conventum
1220 709 1308 756 est
1332 720 1368 756 a
1392 699 1648 758 Semlero
1685 697 2180 773 Griesbachioque

305 789 457 843 inter
482 787 640 842 viros
670 785 898 839 critices
923 784 1160 856 peritos,
1176 792 1243 838 ut
1264 782 1435 856 hujus
1462 783 1777 858 particulae
1802 781 2181 855 posteriorem

305 871 654 943 minimeque
697 867 1070 939 apostolicam
1113 867 1400 942 originem
1455 866 1809 942 argumentis
1870 880 2180 937 exponere,

305 952 461 1007 idem
486 952 565 1005 sit
593 967 662 1004 ae
687 957 824 1022 post
844 946 1160 1003 Homerum
1187 949 1439 1004 scribere
1465 947 1719 1005 Iliadem.
1805 943 1922 1003 Sed
1955 945 2067 1000 hoe
2092 954 2183 1000 ta-

307 1051 437 1088 men
476 1030 546 1085 de
575 1029 758 1086 nihilo
795 1049 909 1086 non
939 1039 1056 1100 est,
1094 1050 1269 1107 quum
1301 1030 1393 1088 his
1420 1031 1612 1088 verbis
1642 1038 1835 1086 careat
1858 1036 2055 1082 noster
2084 1046 2182 1083 co-

309 1114 440 1185 dex,
469 1114 696 1169 sacculo
725 1111 820 1168 Vl.
843 1132 898 1187 p.
930 1110 1061 1169 Chr.
1091 1123 1390 1185 exaratus,
1418 1113 1552 1168 inde
1578 1129 1791 1168 novum
1814 1109 2035 1184 pondus
2063 1109 2183 1166 dis-

304 1196 697 1271 putationibus
725 1195 795 1250 de
821 1193 1116 1252 authentia
1143 1197 1448 1252 verborum
1474 1194 1734 1272 neganda
1758 1191 2047 1248 accedere.

432 1277 552 1336 Sed
588 1277 731 1335 haee
764 1278 1056 1335 sufficiant
1098 1280 1387 1353 exempla,
1425 1281 1557 1335 aliis
1593 1277 1765 1333 facile
1794 1274 2084 1352 augenda,
2132 1276 2185 1330 si

308 1363 475 1418 nobis
509 1358 622 1417 hoc
654 1363 1010 1436 propositum
1053 1361 1287 1431 fuisset,
1323 1363 1554 1435 plenum
1573 1360 2001 1435 perfectumque
2026 1375 2186 1412 com-

309 1446 653 1500 mentarium
692 1447 958 1499 criticum
1004 1453 1175 1519 atque
1221 1445 1583 1520 exegeticum
1623 1443 1713 1498 his
1749 1439 2187 1516 Prolegomenis

313 1528 498 1583 edere.
571 1527 736 1592 Quod
763 1545 798 1582 a
826 1527 1066 1610 con-silio
1093 1525 1364 1582 editionis
1390 1527 1671 1582 manualis
1699 1524 1866 1581 debet
1889 1543 2015 1579 esse
2041 1525 2187 1578 alie-

311 1629 466 1666 num.
553 1607 672 1666 Sed
697 1609 795 1685 qui
820 1627 888 1664 ea
914 1617 1166 1679 utentur,
1194 1607 1300 1666 hos
1326 1609 1667 1684 sperandum
1694 1615 1801 1678 est,
1829 1606 1901 1663 ad
1926 1605 2067 1662 haec
2091 1614 2189 1661 ta-

313 1695 393 1748 lia
416 1709 532 1748 non
556 1711 728 1769 aegre
751 1692 1040 1748 redituros
1069 1709 1211 1748 esse.
1284 1691 1413 1748 Jam
1440 1711 1615 1769 quum
1641 1693 1788 1746 alius
1816 1707 1932 1744 non
1959 1690 2035 1744 sit
2058 1697 2187 1744 toto

313 1777 450 1832 orbe
475 1778 708 1852 cognito
735 1775 808 1831 ad
830 1774 984 1832 hune
1011 1775 1163 1831 diem
1187 1774 1359 1850 hujus
1380 1776 1666 1833 versionis
1690 1773 1872 1828 codex
1894 1773 2191 1848 antiquior

313 1869 370 1914 et
411 1861 796 1934 praestantior
825 1855 916 1937 ¹),
966 1875 1032 1914 eo
1067 1868 1306 1934 regatur
1344 1867 1403 1914 et
1441 1856 1943 1914 circumscribatur
1982 1855 2191 1911 critica

313 1942 557 1999 facultas
599 1950 658 1997 et
702 1960 794 1998 ars
828 1944 890 1998 in
925 1944 1106 1998 latino
1139 1951 1305 1998 textu
1341 1941 1675 1997 exercenda.
1762 1935 2005 1995 Codices
2034 1939 2191 1994 enim

314 2026 523 2100 plebeji
555 2024 866 2099 vulgatae,
897 2026 995 2098 qui
1019 2033 1152 2079 sunt
1177 2025 1494 2093 innumeri,
1530 2031 1597 2077 ut
1620 2022 1873 2077 militum
1896 2040 2066 2098 saga,
2106 2024 2190 2078 si·-

311 2109 476 2161 miles
507 2106 616 2161 sibi
643 2124 768 2159 esse
793 2107 996 2160 solent.
1029 2136 1101 2147 -—-

435 2186 740 2257 Diximus,
789 2186 898 2242 hoc
925 2188 1072 2243 libro
1109 2206 1281 2243 manu
1308 2189 1521 2263 scripto
1568 2189 1777 2243 multas
1814 2187 2023 2257 bonas,
2068 2189 2188 2243 imo

313 2270 576 2346 egregias
605 2268 881 2325 lectiones
911 2271 1156 2341 servari,
1194 2272 1468 2345 perutiles
1492 2270 1565 2327 ad
1590 2272 1787 2347 graeci
1812 2276 2008 2325 textus
2031 2272 2191 2326 veri-

313 2360 492 2407 tatem
523 2352 924 2408 inveniendam
959 2360 1018 2407 et
1052 2353 1480 2425 stabiliendam,
1524 2362 1582 2409 et
1606 2354 1785 2409 multo
1813 2356 1925 2427 maj
1934 2354 2052 2409 oris
2076 2352 2193 2411 hoc

311 2443 742 2491 monumentum
781 2453 906 2489 esse
937 2435 1295 2508 faciendum,
1342 2455 1511 2513 quam
1550 2436 1901 2492 recentiores
1957 2434 2190 2493 codices

312 2536 568 2595 graecos.
655 2516 787 2571 Non
811 2536 1036 2589 vereor,
1069 2536 1144 2575 ne
1169 2522 1491 2576 sententiae
1522 2520 1741 2576 veritas
1780 2518 1951 2575 dubia
1987 2518 2190 2575 videa-

310 2610 424 2658 tur.
510 2600 660 2657 Nam
683 2608 908 2656 textum
929 2603 1214 2657 versionis
1244 2598 1495 2674 constat,
1533 2610 1781 2657 testante
1807 2598 2188 2677 Hieronymo,

311 2684 529 2741 factum
555 2702 681 2741 esse
707 2702 782 2740 ex
806 2686 908 2739 illa
931 2686 1295 2756 recensione,
1332 2703 1478 2760 quae
1505 2702 1653 2740 saec.
1680 2681 1777 2739 IV.
1808 2692 2053 2739 exeunte
2091 2703 2191 2740 or-

311 2766 441 2823 bem
468 2766 844 2825 christianum
869 2768 1191 2838 invaserat,
1232 2776 1291 2823 et
1324 2775 1649 2842 nuncupata
1686 2776 1773 2823 est
1800 2765 1999 2828 ἔκδυσις
2025 2764 2190 2837 κοινή,

312 2848 488 2905 editio
533 2853 900 2927 pervulgata,
952 2851 1283 2906 eommunis.
1378 2848 1545 2905 Hanc
1588 2848 1913 2906 emendavit
1955 2848 2191 2927 quidem

309 2928 696 3005 Hieronymus
733 2935 1062 3006 permultis,
1100 2932 1201 2990 sed
1235 2934 1473 2989 minime
1510 2934 1771 2989 omnibus
1800 2932 1975 3005 locis3
2032 2932 2189 2989 haud

311 3014 465 3071 enim
488 3031 672 3088 pauca
694 3016 912 3071 intacta
937 3018 1205 3092 reliquit,
1239 3026 1424 3073 metus
1454 3034 1655 3087 causa,
1691 3032 1766 3071 ne
1791 3016 1853 3069 in
1875 3014 2189 3090 reprehen-

311 3099 532 3155 sionem
563 3098 760 3172 populi
790 3098 1141 3171 incurreret,
1175 3106 1243 3155 nt
1274 3117 1460 3156 novae
1496 3098 1893 3155 translationis
1937 3107 2187 3155 temera-

446 3243 500 3304 1)
537 3244 648 3289 Nisi
682 3246 814 3291 forte
846 3246 1072 3293 codicem
1096 3248 1371 3305 Hispaniae
1394 3248 1763 3294 Cordovenscm
1795 3246 2007 3294 latinum
2035 3246 2189 3295 bibli-

314 3324 424 3357 cum
446 3310 625 3357 eodem
645 3310 760 3357 loco
783 3312 1064 3359 habendum
1087 3316 1373 3375 censueris,
1394 3328 1543 3371 quem
1560 3316 1727 3361 tamen
1746 3326 1897 3359 nemo
1922 3314 2189 3365 doctorum

311 3377 572 3489 hoggpum
609 3377 934 3425 examinavit.
1005 3381 1081 3427 Cf.
1109 3380 1325 3443 Fuscx,
1362 3380 1857 3445 wissenschaftlt‘chc
1886 3380 2039 3429 Reice
2063 3384 2105 3429 1.
2142 3390 2181 3429 ι.

312 3456 359 3499 p.
481 3476 494 3489 .
