2376 3925
549 156 815 208 ACTUS
867 155 1510 208 APOSTOLORUM.

256 273 375 306 sors
406 259 458 304 in
485 271 721 305 sermone
749 259 874 315 isto;
912 271 1001 304 cor
1021 257 1157 304 enim

253 330 397 374 tuum
413 340 517 372 non
538 329 617 372 est
632 328 825 372 rectum
842 338 1012 372 coram
1025 325 1155 370 Deo.

325 411 404 456 22.
438 409 810 457 Poenitentiam
854 409 1024 464 itaque
1061 422 1155 466 age

254 481 319 525 ab
371 478 465 524 hac
515 477 739 534 nequitia
777 478 885 533 tua;
938 477 988 522 et
1028 489 1157 534 roga

252 546 449 604 Deum,
500 544 547 590 si
581 546 711 590 forte
746 543 1030 590 remittatur
1064 543 1157 589 tibi

250 613 379 659 haec
402 612 640 670 cogitatio
662 611 825 657 cordis
846 611 947 668 tui3

325 697 407 741 23.
428 697 482 742 in
501 694 619 741 felle
639 695 772 741 enim
792 693 1155 752 amaritudinis,

254 767 310 810 et
347 762 656 820 obligatione
695 762 970 818 iniquitatis
1009 761 1156 807 video

252 837 307 877 te
329 844 457 876 esse.

328 899 406 942 24.
440 896 769 954 Respondeas
789 895 1157 952 autemSimon,

258 965 409 1010 dixit:
438 964 721 1010 Precamini
752 975 842 1008 vos
871 976 965 1020 pro
990 977 1069 1008 me
1098 961 1160 1006 ad

255 1031 549 1094 Dominum,
581 1033 638 1076 ut
663 1030 799 1076 nihil·
814 1029 985 1075 veniat
1010 1041 1161 1086 super

256 1111 339 1144 me
358 1098 550 1157 horum,
573 1111 699 1154 quae
720 1097 936 1143 dixistis.

327 1184 406 1227 25.
441 1182 509 1226 Et
524 1181 601 1227 illi
623 1181 819 1238 quidem
839 1180 1091 1226 testificati
1111 1181 1163 1226 et

254 1249 419 1296 locuti
437 1251 640 1294 verbum
669 1249 901 1306 Domini,
931 1248 1163 1294 redibant

250 1315 640 1374 lerosolymam,
663 1318 714 1362 et
730 1315 899 1362 multis
929 1315 1160 1373 regioni-

251 1388 349 1431 bus
379 1384 806 1431 Samaritanorum
834 1383 1159 1440 evangeliza-

252 1453 390 1498 bana

326 1520 403 1562 26.
440 1517 663 1575 Angelus
685 1519 848 1563 autem
859 1517 1065 1562 Domini
1078 1517 1159 1562 lo-

254 1589 401 1631 cutus
422 1587 501 1630 est
518 1585 579 1629 ad
598 1584 947 1642 Philippumw,
960 1585 1157 1630 dicens:

254 1654 447 1710 Surge,
478 1654 529 1696 et
562 1649 687 1695 vade
718 1653 896 1695 contra
921 1651 1160 1696 meridia-

249 1733 375 1766 num
394 1718 458 1763 ad
480 1718 637 1773 viam,
669 1729 795 1772 quae
824 1717 1081 1762 descendit
1100 1718 1161 1761 ab

249 1784 534 1832 Ierusalem
551 1783 607 1826 in
618 1783 820 1840 Gazam,
833 1783 957 1828 haec
978 1785 1055 1828 est
1074 1783 1162 1828 de-

249 1855 408 1965 ωῐέξ..
441 1917 511 1962 Et
528 1929 742 1975 surgens
763 1915 899 1962 abiit.
933 1916 1000 1964 Et
1020 1914 1161 1965 ecce!

249 1989 334 2034 vir
352 1985 622 2044 Aethiops,
642 1984 917 2030 Eunuchus
930 2015 944 2043 ,
980 1988 1167 2043 potens.

251 2054 500 2101 candacis
520 2053 729 2111 reginae
741 2052 1059 2111 Aethiopum,
1077 2052 1162 2109 qui

252 2124 367 2170 erat
385 2134 535 2177 super
556 2133 729 2166 omnes
752 2133 903 2178 gazas
924 2120 1054 2179 ejus,
1069 2134 1158 2166 ve-

248 2194 405 2235 nerat
422 2188 635 2234 adorare
655 2188 708 2233 in
727 2187 1033 2244 lerusalem3

323 2274 403 2317 28.
441 2274 493 2317 et
508 2273 859 2317 revertebatur
870 2271 1051 2317 sedens
1072 2284 1158 2316 su-

248 2354 347 2399 per
366 2353 568 2385 currum
587 2352 747 2399 suum,
760 2338 1037 2396 legensque
1052 2340 1158 2383 Isa-

246 2410 354 2456 iam
370 2406 689 2463 Prophetam.

320 2476 401 2519 29.
438 2474 581 2519 Dixit
608 2474 770 2517 autem
804 2472 1018 2529 Spiritus
1037 2472 1158 2517 Phi-

245 2543 418 2600 lippo:
458 2541 654 2586 Accede
684 2543 734 2585 et
766 2540 987 2598 adjunge
1015 2543 1066 2586 te
1096 2539 1160 2585 ad

245 2622 453 2656 currum
470 2608 633 2653 istum.

319 2677 399 2720 30.
441 2677 724 2721 Accurrens
762 2676 925 2721 autem
962 2675 1156 2731 Philip-

246 2756 363 2802 pus,
375 2742 565 2788 audivit
584 2756 698 2787 eum
714 2742 964 2800 legentem
977 2742 1157 2787 Isaiam

246 2810 572 2867 Prophetam,
594 2812 646 2854 et
664 2809 815 2854 dixit:
837 2810 1055 2854 Putasne
1072 2809 1155 2853 in-

244 2877 459 2935 telligis,
482 2890 608 2933 quae
627 2876 787 2932 legis?

322 2947 402 2990 31.
441 2945 539 2996 Qui
562 2943 654 2988 ait:
675 2942 743 2986 Et
762 2942 1014 2997 quomodo
1032 2954 1153 2998 pos-

246 3026 361 3059 sum
374 3043 388 3071 ,
436 3012 479 3057 si
515 3024 619 3056 non
659 3008 838 3065 aliquis
877 3008 1155 3055 ostenderit

297 3112 445 3145 wv.5.

368 3254 483 3308 Gap.
531 3252 661 3294 vm.
749 3256 817 3293 21.

865 3254 915 3293 in
952 3264 1155 3295 sermone
1197 3251 1294 3293 hoc.

1565 160 1662 210 CA
1673 159 1734 209 P.
1773 161 1822 210 8.
2027 162 2126 212 199

1223 259 1375 304 mihi?
1401 261 1714 318 Rogavitque
1741 263 2051 322 Philippum,
2072 267 2127 308 ut

1225 326 1535 386 ascenderet,
1559 330 1609 373 et
1627 329 1825 375 sederet
1843 343 2026 375 secum.

1292 393 1372 438 32.
1414 395 1580 440 Locus
1616 398 1779 441 autem
1817 397 2122 455 Scripturae,

1225 473 1372 516 quam
1407 461 1608 519 legebat
1645 465 1754 508 erat
1788 464 1892 511 hic:
1933 465 2123 524 „Tam-

1226 540 1407 585 „quam
1421 529 1532 574 ovis
1546 529 1610 574 ad
1626 531 1931 576 occisionem
1952 531 2124 576 ductus

1226 597 1366 653 ‚,est,
1397 597 1448 640 et
1473 596 1602 642 sicut
1631 610 1790 654 agnus
1821 612 1989 644 coram
2007 603 2124 644 ton-

1227 660 1412 720 „dente
1450 675 1532 722 se,
1571 663 1682 709 sine
1720 677 1874 723 voce,
1913 666 1983 712 sic
2019 680 2125 710 non

1226 729 1460 788 „aperuit
1478 743 1713 776 ossuum.

1295 797 1374 840 33.
1411 797 1506 855 „In
1556 797 1836 844 humilitate
1887 798 2128 855 judicium

1230 863 1377 922 „ejus
1397 863 1643 910 sublatum
1663 867 1754 910 est.
1825 865 2129 910 Generatio-

1229 943 1381 987 „nem
1401 931 1509 987 ejus
1529 931 1638 989 quis
1659 932 1914 978 enarrabit
1929 963 1942 990 ,
1965 945 2129 989 quon-

1229 997 1365 1055 „iam
1427 998 1634 1044 tolletur
1697 998 1757 1044 de
1817 1001 1957 1045 terra
2026 1000 2132 1045 vita

1230 1062 1470 1122 „ejusfw

1297 1132 1375 1176 34.
1407 1133 1738 1189 Respondens
1767 1137 1934 1179 autem
1950 1133 2129 1180 Eunu-

1230 1197 1350 1243 chus
1368 1199 1620 1258 Philippo,
1644 1199 1794 1244 dixit:
1819 1203 2040 1247 Obsecro
2061 1206 2130 1260 te,

1231 1264 1290 1310 de
1329 1279 1428 1321 quo
1462 1266 1718 1324 Propheta
1756 1267 1876 1314 dicit
1903 1269 2032 1314 hoc?
2071 1269 2131 1314 de

1230 1331 1314 1378 se!
1335 1345 1400 1376 an
1421 1332 1480 1378 de
1501 1333 1602 1378 alio
1624 1334 1826 1390 aliquo?

1297 1401 1376 1445 35.
1412 1401 1660 1456 Aperiens
1690 1404 1854 1447 autem
1872 1401 2131 1460 Philippus

1230 1479 1286 1511 os
1307 1480 1466 1526 suum,
1489 1469 1539 1513 et
1557 1467 1806 1525 incipiens
1827 1482 1856 1513 a
1875 1469 2132 1526 Scriptura

1227 1533 1340 1593 ista,
1365 1535 1736 1593 evangelizavit
1752 1535 1830 1580 illi
1849 1538 2036 1582 Jesum.

1297 1603 1374 1646 36.
1394 1601 1461 1648 Et
1481 1603 1596 1647 dum
1613 1602 1748 1648 irent
1766 1617 1858 1660 per
1878 1603 2026 1662 viam,
2041 1617 2130 1650 ve-

1229 1671 1414 1713 nerunt
1451 1669 1512 1714 ad
1551 1670 1810 1725 quamdam
1848 1683 2044 1729 aquam,
2084 1675 2136 1716 et

1231 1735 1302 1778 ait
1328 1733 1627 1780 Eunuchus:
1665 1735 1799 1781 Ecce
1827 1736 1975 1792 aqua!
2017 1739 2134 1793 quid

1231 1801 1464 1857 prohibet
1481 1816 1560 1847 me
1582 1803 1868 1860 baptizariy
1880 1803 1901 1846 ’.ἃ

1299 1867 1377 1910 37.
1414 1867 1557 1913 Dixit
1581 1872 1747 1913 autem
1772 1869 2056 1926 Philippus:
2080 1871 2132 1916 Si

1232 1934 1395 1980 credis
1424 1947 1489 1979 ex
1515 1937 1625 1979 toto
1657 1935 1827 1995 corde,
1865 1935 1998 1983 licet.
2066 1937 2134 1984 Et

1229 2002 1544 2059 respondens
1581 2003 1680 2049 ait:
1722 2004 1911 2063 Credo,
1949 2004 2132 2051 Filium

1227 2070 1325 2115 Dei
1345 2082 1456 2115 esse
1475 2071 1650 2115 Iesum
1671 2068 1922 2117 Christum
1933 2078 1971 2115 Ζ.

1295 2138 1376 2182 38.
1410 2136 1479 2182 Et
1493 2137 1646 2195 Jussit
1663 2141 1798 2184 stare
1819 2154 2046 2197 currum3
2083 2143 2132 2186 et

1229 2204 1598 2251 descenderunt
1630 2208 1838 2263 uterque
1858 2208 1912 2253 in
1933 2221 2128 2267 aquam,

1226 2272 1503 2331 Philippus,
1526 2275 1577 2318 et
1591 2272 1883 2334 Eunuchus,
1897 2278 1948 2321 et
1966 2276 2128 2333 bapti·

1227 2340 1364 2386 zavit
1384 2354 1511 2385 eum.

1296 2408 1374 2451 39.
1421 2409 1545 2453 Cum
1580 2409 1747 2453 autem
1783 2408 2130 2453 ascendissent

1227 2473 1288 2518 de
1309 2486 1462 2531 aqua,
1497 2474 1711 2531 Spiritus
1739 2474 1945 2518 Domini
1963 2476 2130 2531 rapuit

1226 2540 1534 2599 Philippum,
1566 2542 1616 2586 et
1640 2540 1850 2597 amplius
1879 2552 1985 2585 non
2006 2542 2130 2587 vidit

1227 2622 1340 2653 eum
1359 2607 1650 2653 Eunuchus.
1717 2609 1827 2653 Ibat
1853 2610 2018 2653 autem
2037 2622 2128 2666 per

1225 2674 1359 2720 viam
1377 2688 1518 2720 suam
1537 2674 1775 2733 gaudens.

1291 2744 1373 2788 40.
1406 2742 1666 2800 Philippus
1695 2742 1860 2786 autem
1891 2740 2124 2790 inventus

1225 2812 1302 2854 est
1319 2809 1374 2853 in
1391 2810 1554 2853 Azoto
1566 2838 1580 2866 ‚
1603 2810 1652 2852 et
1669 2808 2012 2865 pertransiens
2033 2825 2123 2857 ev-

1225 2875 1542 2933 angelizabat
1588 2874 1870 2922 civitatibus
1914 2878 2122 2935 cunctis,

1224 2942 1387 2987 donec
1406 2940 1606 2987 veniret
1625 2942 1920 2991 Caesaream
1933 2952 1971 2991 ⁰.

1269 3065 1297 3084 -ν
1311 3057 1392 3094 Jcs.
1410 3061 1477 3101 53,
1506 3062 1541 3095 7.
1588 3066 1612 3095 7
1631 3071 1664 3095 c.
1691 3064 1758 3107 10,
1786 3064 1848 3099 47.
1896 3070 1913 3087 ⁸
1931 3066 1952 3098 1
1971 3060 2060 3096 Joh.
2079 3062 2119 3101 4,

1220 3108 1280 3143 1⁵.
1327 3111 1350 3131 ⁸
1369 3116 1404 3139 c.
1421 3108 1482 3147 21,
1500 3106 1538 3143 8.

1401 3257 1469 3295 25.
1519 3254 1756 3297 rediebant
1792 3252 2119 3305 Hierosolyma.

244 3316 319 3355 23.
351 3308 629 3363 Prophetam
656 3308 856 3350 Esaiam·
926 3311 995 3349 30.
1026 3308 1200 3349 audivit
1227 3306 1380 3359 illum3
1408 3309 1516 3351 ibid.
1543 3310 1740 3353 Esaiam.
1797 3314 1866 3351 32.
1897 3322 2026 3361 quem
2055 3307 2120 3351 le-

248 3368 402 3420 gebat.
462 3366 529 3405 33.
564 3365 895 3415 generationem
913 3361 1179 3412 illiunibz'd.
1201 3376 1230 3405 a
1248 3368 1383 3406 terra.
1439 3369 1509 3407 34.
1539 3365 1627 3408 hoc
1645 3366 1766 3407 dicit.
1823 3368 1892 3407 35.
1921 3365 1978 3405 ab
2001 3364 2120 3406 Scri-

246 3430 403 3478 ptura.
470 3422 541 3461 37.
574 3420 695 3462 «lixit
732 3417 978 3474 Philippus
1000 3420 1384 3475 (dextante-mh
1422 3420 1530 3463 ibid.
1569 3422 1657 3464 Dei
1695 3419 1852 3462 filium.
1919 3423 1987 3463 30.
2018 3421 2124 3465 Ibat

250 3480 389 3522 enim·
