2376 3925
870 165 1151 219 LUCAS.

232 267 369 308 dacis
392 277 473 306 nec
500 264 694 306 Joannis
722 277 807 306 nec
836 264 1011 308 Christi
1046 267 1143 308 vita

233 321 405 376 placet.
470 317 723 362 Peccatrix
756 320 929 364 femina
968 320 1142 364 Christi

532 375 678 430 pedes
704 377 844 428 ungit.

283 485 351 527 .1.
440 483 600 527 ⁰Cum
659 485 823 528 autem
882 483 1143 542 implesset

233 549 412 597 omnia
429 551 591 595 verba
611 563 701 594 sua
716 550 771 595 in
790 563 940 597 aures
958 551 1140 612 plebis,

228 618 451 664 intravit
472 617 834 674 Capharnaum.

304 687 352 730 2.
403 683 727 730 centurionis
766 687 935 731 autem
970 687 1143 744 qu‘us-

230 754 347 798 dam
385 764 566 798 servus
606 751 737 798 male
773 753 963 798 habens
980 785 995 813 ,
1034 757 1146 800 erat

226 820 526 878 moriturus,
548 819 633 876 qui
650 818 729 864 illi
746 822 855 866 erat
872 821 1143 878 pretiosus.

307 897 351 942 3.
386 895 453 940 Et
490 909 603 941 cum
638 895 861 941 audisset
904 897 965 943 de
1001 899 1033 944 J
1036 911 1143 956 esu,

233 963 373 1008 misit
382 961 441 1008 ad
454 977 568 1009 eum
578 963 808 1009 seniores
817 963 1144 1023 Iudaeorum,

232 1043 423 1089 rogans
444 1045 575 1090 eum,
602 1033 656 1076 ut
674 1031 893 1090 veniret,
906 1034 956 1077 et
974 1031 1144 1077 salva-

234 1101 319 1144 ret
336 1111 536 1143 servum
554 1097 603 1154 ej
610 1111 682 1143 us.

303 1167 351 1211 4.
386 1166 453 1210 At
468 1164 545 1210 illi
566 1179 679 1210 cum
696 1165 963 1210 venissent
980 1164 1042 1210 ad
1055 1166 1145 1212 Je-

234 1247 373 1292 sum,
402 1233 654 1290 rogabant
686 1246 799 1278 eum
819 1231 1045 1292 solicite,
1068 1233 1145 1278 di-

234 1303 413 1348 centes
434 1299 483 1345 ei
498 1312 509 1345 :
526 1299 655 1352 Quia
675 1299 855 1358 dignus
875 1302 970 1360 est,
982 1301 1144 1347 uthoc

232 1369 314 1414 illi
333 1370 590 1426 praestes3

303 1439 351 1480 5.
407 1434 574 1493 diligit
620 1434 756 1480 enim
793 1439 997 1493 gentem
1042 1449 1142 1480 no-

232 1507 417 1562 stram,
438 1504 488 1548 et
506 1515 821 1562 synagogam
840 1503 946 1561 ipse
968 1503 1144 1549 aedifi-

237 1570 378 1617 cavit
394 1570 557 1616 nobis.

308 1640 357 1683 6.
392 1639 537 1682 Jesus
567 1639 734 1683 autem
760 1637 865 1684 ibat
884 1651 995 1683 cum
1012 1637 1144 1695 illis;

238 1708 297 1751 et
316 1718 426 1750 cum
440 1705 541 1762 jam
555 1719 662 1751 non
681 1704 835 1762 longe
849 1707 984 1750 esset
1003 1719 1033 1750 a
1053 1705 1146 1749 do-

236 1785 329 1818 mo
343 1803 358 1831 ,
386 1771 519 1817 misit
538 1772 601 1818 ad
621 1786 735 1818 eum
756 1773 997 1817 Centurio
1021 1771 1147 1816 ami-

237 1852 352 1900 cos,
367 1839 534 1884 dicens
549 1853 560 1886 :
572 1839 809 1900 Domine,
821 1838 932 1884 noli
941 1837 1147 1885 vexari!

234 1920 350 1954 non
370 1907 503 1953 enim
520 1921 629 1953 sum
645 1907 827 1966 dignus
842 1937 857 1967 ‚
885 1908 943 1952 ut
960 1909 1050 1953 sub
1069 1909 1149 1952 te—

236 1980 376 2024 ctum
394 1990 557 2022 meum
576 1976 754 2022 intres.

306 2047 352 2090 7.
387 2045 605 2102 Propter
634 2042 769 2100 quod
798 2046 849 2089 et
874 2056 955 2090 me
987 2043 1151 2101 ipsum

234 2124 346 2158 non
374 2125 483 2158 sum
512 2109 723 2169 dignum
760 2110 1029 2157 arbitratus
1042 2143 1056 2169 ,
1096 2114 1152 2157 ut

234 2180 471 2226 venirem
490 2179 553 2225 ad
572 2182 651 2237 te3
682 2177 771 2224 sed
791 2179 869 2225 dic
888 2181 1049 2226 verbo
1063 2210 1078 2239 ,
1100 2181 1152 2225 et

238 2246 498 2293 sanabitur
519 2260 647 2305 puer
664 2259 822 2291 meus.

310 2318 358 2360 8.
392 2316 523 2360 Nam
552 2315 604 2359 et
632 2327 728 2371 ego
756 2314 908 2359 homo
930 2324 1036 2357 sum
1060 2315 1149 2359 sub

238 2384 493 2441 potestate
516 2382 837 2440 constitutus,
850 2380 1040 2427 habens
1060 2381 1151 2426 sub

236 2464 323 2497 me
340 2450 554 2507 militen
596 2452 648 2494 et
672 2448 786 2495 dico
806 2447 949 2494 huic:
987 2446 1151 2493 Vade!

240 2521 297 2565 et
313 2517 476 2563 vadit:
507 2518 560 2563 et
578 2515 691 2562 alii:
719 2515 873 2561 Veni!
906 2516 957 2561 et
982 2516 1151 2561 venit:

241 2586 302 2633 et
320 2598 471 2631 servo
490 2596 632 2630 meo:
654 2583 755 2629 Fac
774 2581 895 2629 hoc!
918 2585 970 2629 et
985 2583 1124 2629 facit.

315 2672 365 2715 9.
402 2669 510 2721 Quo
540 2668 732 2726 audito,
769 2670 917 2713 Jesus
944 2668 1154 2713 miratus

242 2737 356 2793 est3
390 2738 441 2781 et
458 2748 736 2783 conversus
756 2733 1078 2792 sequentibus
1100 2748 1155 2784 se

234 2803 433 2862 turbis,
470 2803 623 2849 dixit:
664 2804 825 2847 Amen
854 2802 967 2848 dico
990 2801 1154 2859 vobis,

236 2871 411 2919 necin
419 2870 580 2917 Israel
598 2872 788 2916 tantam
798 2868 944 2915 fidem
955 2866 1154 2915 inveni!

315 2957 398 3002 1⁰.
432 2956 501 3001 Et
518 2953 745 3013 reversi,
773 2952 863 3009 qui
878 2951 1021 2998 missi
1044 2953 1156 2998 fue-

240 3022 918 3083 rant,domum,invenerunt
934 3032 1156 3080 servum,

244 3091 339 3149 qui
354 3091 641 3149 languerat,
663 3101 856 3134 sanum.

316 3160 399 3204 11.
431 3158 502 3203 Et
535 3158 725 3203 factum
773 3157 871 3201 est:
922 3152 1159 3211 deinceps

296 3261 316 3279 ⁰
336 3266 372 3290 v.
392 3257 540 3290 1—10.
570 3251 716 3289 Matth.
734 3254 771 3293 8,
790 3252 937 3289 5—13.

1223 167 1392 219 GAP.
1428 170 1478 218 7.
2012 171 2114 222 1⁰1

1211 271 1318 316 ibat
1343 271 1398 316 in
1428 270 1708 331 civitatem,
1748 286 1874 329 quae
1901 277 2116 319 vocatur

1210 337 1386 394 Naim3
1427 339 1478 384 et
1502 338 1642 385 ibant
1669 354 1781 386 cum
1801 351 1864 386 eo
1885 339 2116 398 discipuli

1213 405 1343 464 ejus,
1368 406 1418 450 et
1436 407 1582 451 turbs
1601 407 1824 464 copiosa.

1278 487 1360 530 12.
1398 486 1522 531 Cum
1547 488 1712 532 autem
1739 487 2115 545 appropinqua-

1209 554 1292 598 ret
1309 554 1487 610 portae
1509 552 1744 613 civitatis,
1765 554 1904 601 ecce!
1935 554 2116 601 defun-

1212 623 1320 666 ctus
1341 620 1644 666 efferebatur
1662 621 1793 666 filius
1809 622 1988 668 unicus
2007 635 2116 668 ma-

1211 687 1305 732 tris
1325 700 1473 744 suae3
1504 690 1555 732 et
1580 687 1706 734 haec
1725 687 1878 734 vidua
1897 690 2032 746 erat3
2067 692 2118 734 et

1211 757 1359 800 turba
1377 755 1597 800 civitatis
1617 754 1774 800 multa
1792 755 2023 801 camilla.

1281 835 1362 880 13.
1399 835 1559 888 Quam
1579 849 1690 882 cum
1706 834 1923 882 vidisset
1943 835 2117 881 Domi-

1213 915 1309 948 nus
1324 933 1338 960 ,
1377 901 1725 949 misericordia
1760 906 1928 949 motus
1967 915 2118 960 super

1215 983 1341 1026 eam,
1363 967 1497 1016 dixit
1513 969 1616 1016 illi:
1637 970 1758 1017 Noli
1776 970 1922 1016 flere!

1282 1051 1360 1094 14.
1395 1049 1463 1095 Et
1491 1051 1718 1111 accessit,
1759 1054 1810 1098 et
1836 1050 2008 1114 tetigit
2039 1050 2120 1096 lo-

1215 1117 1398 1175 culum,
1423 1117 1511 1175 (Hi
1530 1121 1713 1178 autem,
1727 1119 1812 1176 qui
1829 1120 2118 1176 portabant,

1215 1184 1505 1243 steterunt,)
1521 1191 1572 1230 et
1589 1186 1685 1231 ait:
1707 1185 2018 1232 Adolescens
2030 1184 2041 1232 l
2051 1185 2119 1232 ti-

1216 1251 1266 1297 bi
1286 1251 1417 1309 dico,
1440 1265 1608 1309 surge.

1283 1321 1364 1364 15.
1399 1319 1466 1363 Et
1490 1317 1702 1377 resedit,
1732 1321 1818 1378 qui
1846 1323 1956 1367 erat
1979 1334 2120 1366 mor-

1214 1388 1358 1445 tuus,
1389 1388 1440 1432 et
1469 1387 1637 1444 coepit
1664 1386 1820 1446 loqui.
1889 1387 1957 1434 Et
1989 1387 2123 1434 dedit

1214 1453 1356 1499 illum
1373 1454 1523 1499 matri
1542 1467 1678 1500 suae.

1284 1523 1363 1566 16.
1399 1522 1606 1580 Accepit
1641 1526 1808 1569 autem
1841 1537 2015 1570 omnes
2053 1523 2122 1568 ti-

1213 1602 1354 1646 mor;
1377 1592 1427 1634 et
1442 1590 1828 1647 magnificabant
1845 1591 2025 1651 Deum,
2044 1589 2124 1637 di-

1217 1658 1416 1702 centes:
1459 1657 1590 1709 Quia
1624 1658 1873 1714 propheta
1907 1671 2121 1715 magnus

1217 1723 1444 1768 surrexit
1469 1723 1523 1768 in
1553 1723 1724 1769 nobis!
1765 1727 1816 1769 et
1843 1725 1958 1780 quia
1983 1724 2120 1769 Deus

1217 1789 1446 1835 visitavit
1463 1790 1661 1847 plebem
1681 1790 1843 1837 suam!

1286 1857 1368 1901 17.
1402 1856 1470 1901 Et
1489 1856 1617 1901 exiit
1636 1853 1718 1904 hic
1747 1870 1912 1902 sermo
1932 1857 1988 1903 in
2004 1858 2122 1902 uni-

1217 1937 1420 1971 versam
1455 1923 1698 1969 Iudaeam
1745 1923 1804 1969 de
1843 1938 1905 1972 eo
1920 1955 1935 1985 ,
1982 1925 2034 1972 et
2070 1925 2121 1971 in

1220 2006 1420 2039 omnem
1439 1991 1574 2037 circa
1591 1992 1870 2049 regionem.

1286 2063 1366 2106 18.
1401 2059 1511 2105 PEt
1537 2060 1902 2107 nuntiaverunt
1934 2062 2123 2107 Ioanni

1219 2128 1452 2186 discipuli
1471 2127 1580 2185 ejus
1602 2124 1667 2175 de.
1689 2129 1918 2175 omnibus
1937 2128 2030 2175 his.

1289 2210 1370 2255 19.
1399 2205 1469 2253 Et
1489 2200 1793 2250 convocavit
1814 2200 1940 2246 duos
1961 2199 2020 2245 de
2046 2198 2122 2243 di-

1219 2274 1428 2334 scipulis
1455 2271 1559 2318 suis
1578 2271 1610 2315 J
1614 2282 1824 2327 oannes,
1839 2270 1890 2314 et
1907 2266 2044 2313 misit
2065 2266 2128 2311 ad

1219 2351 1410 2407 Jesum,
1433 2348 1630 2395 dicens:
1645 2350 1724 2395 Tu
1744 2363 1816 2407 es,
1837 2350 1923 2407 qui
1942 2353 2120 2395 ventu-

1218 2429 1308 2463 rus
1327 2417 1414 2461 es?
1433 2429 1498 2462 an
1517 2416 1669 2462 alium
1690 2417 2044 2473 expectamus?

1287 2484 1370 2528 20.
1408 2485 1531 2529 Cum
1567 2486 1734 2529 autem
1771 2482 2035 2529 venissent
2065 2483 2127 2527 ad

1224 2564 1337 2597 eum
1355 2549 1475 2608 viri,
1498 2550 1760 2596 dixerunt:
1784 2552 1814 2595 J
1818 2563 2010 2596 oannes
2029 2549 2127 2595 Ba-

1223 2618 1376 2676 ptista
1393 2618 1530 2663 misit
1547 2631 1643 2663 nos
1663 2617 1727 2664 ad
1744 2620 1813 2676 te,
1835 2617 2033 2663 dicens:
2050 2618 2128 2663 Tu

1225 2698 1297 2744 es,
1319 2683 1404 2742 qui
1424 2689 1667 2732 venturus
1688 2684 1772 2729 es?
1785 2682 2013 2731 analium
2031 2698 2127 2731 ex-

1223 2753 1512 2811 pectamus'!

1291 2821 1372 2865 21.
1395 2819 1476 2877 (In
1494 2819 1604 2875 ipsa
1615 2820 1781 2862 autem
1798 2817 1926 2864 hora
1943 2820 2128 2866 multos

1227 2886 1425 2932 curavit
1443 2898 1471 2930 a
1492 2884 1818 2941 languoribus
1833 2916 1846 2943 ,
1877 2888 1928 2933 et
1945 2887 2127 2945 plagis,

1227 2955 1278 2999 et
1297 2952 1554 3009 spiritibus
1571 2951 1735 3011 malis,
1749 2954 1800 2999 et
1817 2955 1982 3001 caecis
1997 2954 2128 3000 mul-

1226 3021 1290 3067 tis
1313 3018 1524 3065 donavit
1539 3018 1744 3079 visum.)

1295 3088 1376 3131 22.
1411 3085 1481 3131 Et
1497 3087 1828 3148 respondens,
1851 3088 1982 3135 dixit
1999 3083 2128 3133 illis:

1227 3154 1421 3201 Euntes
1447 3155 1736 3202 renuntiate
1755 3154 1972 3213 Ioanni,
2005 3166 2133 3210 quae

1273 3257 1298 3284 r
1315 3260 1356 3288 v.
1373 3252 1540 3289 18-35,
1564 3250 1708 3289 Mutth.
1727 3256 1787 3292 u,
1807 3254 1954 3287 2-19-

364 3401 483 3455 Cap.
510 3398 619 3441 vn.
658 3402 699 3442 6.
718 3400 879 3452 dignus
898 3410 1008 3440 sum.
1052 3402 1093 3441 8.
1116 3402 1165 3440 et
1182 3396 1275 3440 alio
1297 3398 1420 3454 (eie).
1461 3404 1526 3442 11.
1547 3412 1644 3441 cum
1663 3397 1760 3440 illo.
1793 3401 1857 3439 12.
1879 3399 1926 3437 et
1943 3406 2048 3438 ecce
2070 3394 2139 3447 (et

248 3459 468 3512 eranam).
530 3458 599 3496 ¹3.
628 3468 766 3509 super
784 3467 853 3497 cs.
915 3457 981 3496 14.
1013 3453 1294 3497 adulescens.
1355 3460 1422 3498 15.
1458 3456 1534 3507 qui
1551 3454 1719 3496 fuerat.
1781 3455 1844 3493 Π.
1875 3456 1923 3493 et
1950 3462 2136 3493 omnem.

251 3516 323 3556 19.
354 3513 481 3555 misit
502 3511 560 3552 nd
580 3511 831 3553 Dominum.
889 3512 959 3551 21.
990 3511 1163 3553 curavit
1180 3510 1360 3553 multos·
1419 3514 1489 3552 22.
1519 3510 1738 3551 nuntiato-
