2376 3925
329 149 432 200 314
529 148 758 202 EPIST.
794 148 1006 200 PAULI
1041 150 1136 198 AD
1173 145 1712 198 PHILIPPENSES.
1753 149 1903 198 CAP.
1927 151 1973 196 2.
1994 151 2043 199 3.

329 265 503 297 verum
527 253 676 298 etiam
695 254 746 296 et
763 253 878 310 mei,
895 265 960 297 ne
978 251 1232 296 tristitiam
1301 250 1512 294 cundum
1535 250 1806 307 Justitiam‚
1847 264 1974 306 quae
2004 253 2059 297 in
2090 254 2209 311 lege

331 332 482 375 super
501 318 754 364 tristitiam
773 320 1023 364 haberem.

398 388 477 431 28.
512 385 855 431 Festinantius
891 400 1014 444 ergo
1035 384 1148 431 misi
1165 385 1232 429 il-

330 453 449 509 lum,
463 455 518 497 ut
537 452 648 498 viso
671 466 732 498 eo
753 453 936 498 iterum
954 451 1230 511 gaudeatis,

333 524 383 566 et
403 532 497 576 ego
519 518 628 564 sine
647 520 854 566 tristitia
873 520 980 565 sim.

395 589 474 630 29.
511 587 747 644 Excipite
765 587 932 644 itaque
960 585 1102 631 illum
1120 599 1233 631 cum

331 654 466 698 omni
493 654 673 711 gaudio
691 654 746 699 in
764 654 1001 711 Domino,
1024 656 1074 699 et
1093 653 1232 709 ejus-

328 720 464 766 modi
483 734 594 766 cum
613 721 809 766 honore
827 720 1064 765 habetote
1081 734 1096 777 ;

396 789 474 832 30.
524 787 760 844 quoniam
827 789 1034 844 propter
1105 799 1231 844 opus

331 854 515 899 Christi
545 867 698 910 usque
725 854 788 898 ad
815 856 1027 900 mortem
1057 867 1231 900 acces-

329 923 408 978 sit,
430 921 632 966 tradens
653 921 868 965 animam
887 934 1043 980 suam,
1067 925 1118 966 ut
1136 921 1232 966 im-

326 989 490 1044 pleret
517 987 592 1046 id,
624 988 758 1044 quod
787 1001 852 1034 ex
887 989 1028 1034 vobis
1061 989 1233 1034 deerat

330 1067 451 1112 erga
470 1068 633 1100 meum
654 1055 996 1112 obsequiuma.

623 1177 664 1225 C
675 1177 720 1225 A
731 1174 791 1225 Ρ.
846 1177 936 1226 111.

327 1272 470 1316 Nemo
511 1275 642 1316 rebus
677 1273 792 1326 legis
839 1274 1026 1326 gloriari
1095 1279 1228 1316 otest.

327 1328 651 1384 Philippenses
673 1329 879 1372 hortatur
897 1333 1059 1385 aposto
1079 1345 1153 1379 us,
1173 1344 1230 1372 ne

364 1386 567 1426 inimicos
587 1386 732 1427 crucis
757 1385 924 1428 Christi
944 1387 1192 1427 imitentur.

397 1479 440 1520 1.
489 1478 563 1521 De
613 1481 813 1522 caetero
829 1509 842 1535 ,
882 1480 1063 1524 fratres
1111 1479 1228 1536 mei,

328 1544 543 1600 gaudete
560 1543 614 1587 in
633 1544 868 1590 Domino.
921 1545 1112 1590 Eadem
1135 1560 1229 1592 vo—

325 1611 402 1656 bis
442 1610 689 1669 scribere,
727 1611 850 1656 mihi
887 1612 1084 1668 quidem
1124 1627 1228 1658 non

323 1679 548 1736 pigrum,
599 1678 743 1724 vobis
790 1682 956 1726 autem
991 1693 1228 1726 necessa-

323 1745 470 1791 rium.

394 1815 440 1858 2.
475 1813 656 1860 Videte
677 1827 826 1860 canes
838 1807 876 1872 ὅ,
890 1813 1056 1860 videte
1068 1814 1229 1867 malos

328 1881 609 1939 operarios,
631 1881 800 1928 videte
819 1882 1166 1928 concisionem
1176 1890 1211 1927 ⁶.

393 1949 437 1993 3.
474 1949 580 1993 Nos
609 1948 743 1995 enim
771 1962 939 1995 sumus
968 1949 1230 1995 circumci-

327 2016 423 2070 sio,
445 2014 531 2071 qui
551 2016 732 2071 spiritu
751 2016 998 2061 servimus
1018 2018 1128 2061 Deo
1142 2047 1156 2075 ‚
1180 2020 1231 2062 et

326 2081 604 2137 gloriamur
651 2082 705 2124 in
745 2082 944 2126 Christo
980 2084 1130 2140 Jesu,
1181 2086 1232 2128 et

323 2160 432 2192 non
449 2146 503 2191 in
523 2158 674 2191 carne
694 2147 922 2193 fiduciam
941 2143 1229 2195 habentesd.

391 2217 438 2258 4.
453 2213 762 2269 Quamquam
774 2228 870 2272 ego
882 2214 1091 2261 habeam
1103 2230 1230 2263 con-

325 2280 579 2327 fidentiam
617 2284 667 2327 et
710 2281 766 2326 in
811 2295 990 2341 carne3
1038 2284 1081 2329 si
1119 2285 1229 2342 quis

325 2348 452 2395 alius
475 2348 673 2394 videtur
701 2350 954 2396 confidere
982 2350 1037 2395 in
1057 2365 1227 2411 carne,

326 2430 422 2475 ego
442 2415 602 2473 magis
614 2421 648 2460 ε.

390 2487 434 2529 5.
475 2484 808 2530 Circumcisus
830 2487 1010 2531 octavo
1033 2486 1139 2546 die,
1161 2501 1229 2533 ex

324 2564 511 2609 genere
535 2551 706 2610 lsrael,
720 2552 780 2597 de
801 2553 1226 2613 tribuBenjamin,

322 2620 582 2665 Hebraeus
622 2632 687 2665 ex
733 2619 1004 2678 Hebraeis,
1043 2634 1227 2667 secun-

325 2686 440 2731 dum
460 2687 623 2743 legem
641 2686 942 2731 Pharisaeus
952 2679 1006 2745 f,

390 2755 436 2794 6.
501 2754 772 2798 secundum
839 2754 1228 2801 aemulationem

325 2827 672 2876 persequens&r
689 2820 970 2866 Ecclesiam
988 2822 1102 2880 Dei,
1142 2836 1225 2868 se-

370 2920 390 2936 a
410 2917 429 2947 l
451 2912 538 2949 Cor.
559 2917 684 2956 16,17.
733 2914 750 2941 5
767 2914 1050 2955 Je³.56·10.ll.
1099 2924 1116 2943 ‘⁸
1135 2918 1225 2954 Gal.

322 2963 366 2998 5,
396 2962 452 2994 19..
495 2959 611 2995 Rom.
631 2964 698 3001 16,
729 2965 787 2997 17.
835 2962 986 2999 enom.
1005 2967 1050 3006 2,
1077 2966 1134 3001 28.
1163 2974 1224 3009 sq.

325 3005 415 3041 Gal.
434 3008 480 3045 6,
501 3008 558 3041 15.
579 3008 635 3041 16.
660 3004 780 3043 Deut.
801 3012 870 3051 30,
897 3012 932 3046 6.
981 3017 997 3035 θ
1015 3014 1038 3044 2
1057 3008 1144 3047 Cor.
1167 3014 1225 3051 11,

321 3054 379 3088 18.
444 3048 469 3081 f
485 3049 578 3086 Act.
598 3055 658 3093 22,
675 3056 712 3089 3.
735 3064 822 3101 sqq.
885 3060 911 3089 ὃ*
928 3054 1020 3093 Act.
1039 3058 1076 3098 8,
1093 3060 1131 3093 3.
1162 3059 1224 3098 26,

435 3244 546 3298 Cap.
579 3245 640 3286 ΙΙ.
699 3250 766 3289 29.
800 3246 1014 3290 habitote.
1136 3250 1224 3291 111.

1301 321 1393 373 est,
1416 319 1743 362 conversatus
1764 317 1873 362 sine
1894 319 2123 374 querela.

1368 386 1413 428 7.
1451 383 1549 428 Sed
1578 396 1705 439 quae
1734 385 1859 429 mihi
1886 387 2097 432 fuerunt
2130 389 2208 433 lu-

1302 463 1402 509 cra,
1423 451 1547 496 haec
1566 451 1838 497 arbitratus
1860 465 1971 498 sum
1996 460 2211 512 propter

1303 517 1552 563 Christum
1572 517 1888 564 detrimenta.

1368 587 1413 630 8.
1458 586 1814 631 Verumtamen
1862 587 2097 634 existimo
2151 603 2210 633 o-

1298 652 1435 696 mnia
1456 646 1843 698 detrimentum'*
1863 667 1977 700 esse
1997 659 2211 714 propter

1301 719 1603 765 eminentem
1624 719 1889 765 scientiam
1907 721 1938 766 J
1942 735 2030 767 esu
2056 723 2210 769 Chri-

1300 786 1364 831 sti
1400 786 1607 831 Domini
1642 786 1765 844 mei,
1814 792 2024 846 propter
2059 804 2209 846 quem

1300 853 1471 898 omnia
1498 853 1849 900 detrimentum
1876 856 1979 901 feci
1999 859 2049 902 et
2066 858 2208 904 arbi-

1298 923 1426 978 tror,
1446 924 1502 966 ut
1520 923 1763 980 stercora,
1786 925 1842 967 ut
1854 923 2107 969 Christum
2128 925 2207 970 lu-

1300 987 1573 1045 crifaciam‚

1367 1057 1411 1099 9.
1450 1057 1500 1099 et
1518 1054 1754 1100 inveniar
1773 1055 1826 1100 in
1845 1055 1931 1101 illo
1945 1087 1959 1114 ‚
1980 1070 2091 1102 non
2113 1059 2208 1103 ha-

1298 1124 1421 1168 bens
1440 1135 1600 1166 meam
1610 1122 1871 1181 justitiam,
1888 1136 2011 1179 quae
2032 1137 2105 1170 ex
2126 1126 2209 1189 1⁰:

1298 1203 1361 1246 ge
1385 1191 1487 1247 est,
1514 1189 1604 1234 sed
1635 1188 1795 1248 illam,
1827 1203 1950 1246 quae
1982 1203 2045 1236 ex
2072 1187 2208 1238 fidei

1299 1259 1377 1302 est
1396 1255 1582 1300 Christi
1602 1255 1633 1300 J
1636 1269 1747 1313 esu;
1771 1270 1898 1313 quae
1920 1271 1983 1302 ex
2000 1258 2108 1303 Deo
2124 1261 2209 1304 est

1292 1322 1489 1380 justitia
1508 1322 1560 1367 in
1581 1323 1693 1381 fide,

1366 1390 1445 1434 10.
1488 1389 1550 1434 ad
1598 1391 2005 1448 cognoscendum
2040 1392 2204 1451 illum,

1298 1458 1346 1502 et
1376 1457 1613 1502 virtutem
1649 1459 2041 1504 resurrectionis
2070 1461 2201 1517 eius,

1298 1525 1348 1569 et
1375 1516 1700 1570 societateml'
1740 1526 2033 1582 passionum
2064 1526 2201 1572 illius

1298 1591 1637 1648 configuratus
1657 1593 1810 1637 morti
1830 1593 1967 1649 ejus3

1364 1659 1443 1702 11.
1481 1658 1524 1703 si
1554 1671 1652 1714 quo
1680 1659 1832 1704 modo
1860 1672 2121 1706 occurram
2141 1661 2201 1706 ad

1294 1725 1724 1771 resurrectionem
1737 1719 1770 1785 ἶ,
1827 1740 1954 1782 quae
2009 1730 2084 1773 est
2135 1743 2198 1774 ex

1296 1792 1522 1837 mortuis.

1365 1861 1443 1904 12.
1480 1861 1597 1904 Non
1617 1861 1751 1917 quod
1765 1861 1871 1918 jam
1900 1864 2195 1922 acceperim,

1298 1930 1384 1973 aut
1416 1927 1518 1984 Jam
1558 1929 1809 1986 perfectus
1850 1929 1969 1988 sim3
2018 1943 2196 1988 sequor

1298 1997 1479 2052 autem,
1503 1996 1547 2040 si
1576 2010 1674 2053 quo
1694 1997 1845 2042 modo
1867 1999 2192 2056 comprehen-

1298 2061 1489 2118 dam,in
1500 2076 1598 2118 quo
1620 2067 1669 2108 et
1681 2066 2073 2122 comprehensus
2093 2080 2193 2111 sum

1297 2142 1328 2173 a
1348 2129 1548 2175 Christo
1568 2132 1691 2176 Jesu
1702 2138 1753 2175 m.

1366 2198 1443 2241 13.
1473 2196 1700 2243 Fratres!
1724 2211 1819 2255 ego
1841 2212 1921 2245 me
1940 2212 2045 2245 non
2065 2201 2193 2246 arbi-

1295 2266 1405 2309 tror
1427 2265 1897 2322 comprehendissc3
1930 2280 2081 2312 unum
2108 2282 2192 2313 au-

1296 2333 1423 2389 tem,
1472 2346 1597 2387 quae
1638 2332 1835 2388 quidem
1871 2336 2013 2379 retro
2050 2339 2192 2380 sunt'¹

1297 2397 1629 2457 obliviscens,
1668 2399 1733 2444 ad
1770 2414 1830 2445 ea
1868 2414 2021 2459 vero,
2072 2415 2191 2458 quae

1294 2468 1412 2510 sunt
1422 2466 1611 2523 priora,
1626 2467 1906 2513 extendens
1919 2482 1998 2516 me
2018 2469 2190 2527 ipsum,

1362 2534 1439 2575 14.
1477 2532 1539 2577 ad
1575 2533 1873 2579 destinatum
1904 2549 2191 2594 persequor,

1294 2599 1356 2643 ad
1382 2600 1607 2645 bravium
1637 2614 1885 2657 supernae
1920 2604 2191 2649 vocationis

1292 2667 1389 2711 Dei
1408 2667 1461 2711 in
1484 2667 1683 2713 Christo
1704 2669 1841 2713 Jesu.

1361 2736 1440 2778 15.
1480 2733 1791 2791 Quicumque
1822 2749 1947 2793 ergo
1989 2737 2192 2793 perfecti

1294 2813 1480 2857 sumus,
1502 2801 1599 2847 hoc
1622 2802 1925 2858 sentiamus;
1950 2807 2001 2848 et
2018 2803 2061 2848 si
2080 2803 2191 2859 quid

1294 2868 1440 2913 aliter
1462 2868 1661 2927 sapitis,
1694 2872 1745 2913 et
1768 2869 1865 2914 hoc
1897 2870 2041 2916 vobis
2058 2870 2190 2915 Deus

1293 2934 1551 2980 revelabit.

1338 3008 1356 3033 ¹²
1375 3009 1517 3045 Manli.
1536 3012 1595 3052 16,
1613 3013 1673 3047 26.
1692 3014 1751 3047 27.
1800 3007 1815 3035 ἱ
1832 3011 1947 3048 Rom.
1966 3016 2003 3051 3,
2022 3016 2189 3048 21—24.

1289 3054 1311 3080 ³‘
1329 3056 1443 3092 Rom.
1461 3059 1506 3097 8,
1536 3060 1594 3093 17.
1627 3060 1651 3091 2
1670 3056 1759 3093 Cor.
1777 3060 1825 3100 4,
1853 3063 1912 3095 lo.
1962 3057 1977 3083 ι
1994 3062 2017 3094 2
2034 3058 2187 3099 Tium,

1291 3107 1346 3138 11.
1396 3109 1424 3126 ”²
1443 3100 1534 3138 Act.
1552 3106 1613 3145 26,
1630 3106 1687 3141 13.
1708 3114 1793 3151 sqq.
1842 3111 1864 3129 ἢ
1883 3103 1937 3141 cf.
1956 3116 1997 3140 v.
2015 3107 2139 3144 4-6.

1282 3254 1323 3291 3.
1383 3250 1482 3291 Deo
1526 3254 1755 3292 servimus.
1816 3258 1855 3294 5.
1890 3254 2097 3296 Hebreus
2134 3267 2189 3295 ex

319 3302 555 3342 Hebraeis.
617 3304 656 3342 6.
687 3300 930 3353 quaerella.
991 3308 1030 3344 8.
1052 3312 1361 3347 verumtamen
1380 3311 1441 3347 et.
1502 3309 1543 3348 9.
1576 3320 1638 3348 ex
1658 3308 1747 3349 fide
1768 3314 1838 3349 est
1860 3306 2028 3351 Christi
2050 3312 2193 3362 (deest

318 3356 466 3409 Jesu).
529 3360 593 3397 10.
625 3356 684 3395 ad
713 3358 1042 3407 agnoscendum
1068 3358 1209 3402 illum.
1273 3364 1338 3401 12.
1372 3362 1410 3401 si
1443 3362 1804 3415 conprehendam
1834 3365 1881 3405 in
1910 3378 1996 3417 quo
2024 3371 2071 3407 et
2090 3379 2189 3407 eon-

319 3411 581 3461 prehensus.
643 3414 710 3452 13.
741 3411 1172 3464 conpraehendisse3
1206 3414 1313 3458 ibid.
1346 3418 1599 3459 extendens
1622 3430 1689 3459 me
1713 3418 1861 3471 (deest
1879 3420 2063 3474 ipsum).
2128 3425 2187 3463 14-

319 3466 539 3509 brabium.
603 3470 668 3507 15.
700 3464 931 3511 revelavit.
