2376 3925
381 148 482 199 3‘74

713 148 1126 200 EPISTULA
1161 147 1403 202 PETRI
1437 148 1501 198 11.
1576 147 1743 198 cAP.
1782 150 1833 197 1.
1856 150 1908 197 2.

449 254 494 295 9.
534 252 627 296 Cui
645 252 778 296 enim
805 264 910 295 non
939 254 1140 308 praesto
1169 253 1285 295 sunt
1352 250 1510 295 vimus
1540 250 1600 295 de
1630 250 1777 295 coelo
1798 251 2029 310 allatam,
2052 268 2169 299 cum
2187 269 2255 299 es-

383 319 521 376 baec,
536 331 711 365 caecus
724 320 817 375 est,
834 320 885 363 et
895 332 1045 363 manu
1063 321 1281 374 tentans,

381 386 688 431 oblivionem
729 385 984 442 accipiens
1022 385 1283 443 purgatio-

381 454 459 497 nis
483 455 706 498 veterum
726 466 930 498 suorum
951 452 1261 498 delictorum.

447 521 527 563 10.
565 518 910 578 Quapropter,
940 518 1148 565 fratres!
1173 531 1283 563 rna-

381 586 457 643 gis
485 588 726 645 satagite,
765 592 820 632 ut
847 599 936 644 per
965 589 1098 631 bona
1126 598 1284 642 opera

381 658 571 700 certam
617 658 832 701 vestram
879 653 1197 699 vocationem
1234 654 1286 697 et

383 721 684 768 electionem
703 721 913 767 faciatis.
981 721 1118 766 Haec
1149 719 1283 765 enim

382 790 624 835 facientes
637 820 652 847 ,
704 801 807 833 uon
861 787 1132 845 peccabitis
1185 787 1282 832 ali-

383 857 599 915 quando.

447 926 526 969 11.
549 923 631 969 Sic
651 923 784 969 enim
803 922 1113 968 abundanter
1131 921 1282 966 mini-

377 991 615 1039 strabitur
653 991 794 1036 vobis
831 990 1068 1035 introitus
1103 989 1157 1035 in
1196 1001 1282 1033 ae-

379 1065 578 1105 ternum
614 1071 827 1116 regnum
862 1056 1069 1102 Domini
1099 1056 1281 1114 nostri,

381 1130 432 1172 et
453 1126 732 1171 salvatoris
752 1127 872 1171 Jesu
894 1123 1096 1169 Christi.

446 1195 526 1237 12.
547 1194 761 1251 Propter
781 1191 914 1249 quod
933 1191 1169 1247 incipiam
1187 1202 1281 1235 vos

381 1274 578 1317 semper
615 1273 936 1307 commonere
974 1259 1034 1304 de
1082 1258 1158 1303 his
1173 1288 1186 1315 ,
1234 1262 1283 1302 et

380 1329 580 1386 quidem
616 1328 832 1373 scientes
871 1330 922 1373 et
959 1326 1281 1372 confirmatos

377 1410 473 1442 vos
492 1397 546 1441 in
566 1396 821 1453 praesenti
841 1394 1069 1441 veritate.

445 1464 523 1507 13.
590 1462 621 1507 J
625 1464 786 1507 ustum
844 1464 1008 1506 autem
1061 1458 1280 1505 arbitror

376 1529 608 1587 quamdiu
627 1542 735 1573 sum
753 1528 808 1573 in
827 1528 924 1572 hoe
933 1526 1277 1583 tabernaculo,

377 1596 620 1642 suscitare
643 1608 732 1641 vos
753 1594 806 1639 iu
827 1592 1250 1650 commonitione3

443 1666 526 1713 14.
560 1666 726 1710 certus
747 1663 878 1719 quod
913 1661 1064 1707 velox
1093 1663 1169 1707 est
1188 1659 1278 1707 de-

375 1732 562 1791 positio
593 1731 905 1777 tabernaculi
939 1730 1055 1788 mei,
1095 1742 1277 1793 secun-

377 1801 490 1846 dum
509 1799 641 1857 quod
663 1803 714 1845 et
729 1799 974 1844 Dominus
993 1800 1168 1842 noster
1190 1798 1219 1841 J
1223 1810 1278 1841 e-

377 1882 461 1915 sus
485 1868 708 1913 Christus
728 1866 1029 1924 significavit
1046 1864 1182 1909 mibi.

444 1938 522 1980 15.
561 1937 701 1981 Dabo
755 1936 924 1980 autem
973 1945 1178 1991 operam
1229 1936 1279 1977 et

374 2007 666 2059 frequenter
695 2002 881 2048 habere
914 2014 1002 2046 vos
1030 2002 1145 2057 post
1165 2000 1276 2045 obi-

375 2079 477 2114 tum
497 2082 660 2114 meum
676 2099 690 2126 ,
714 2072 766 2112 ut
783 2069 964 2113 horum
983 2067 1277 2113 memoriam

375 2135 586 2181 faciatis.

441 2203 521 2245 16.
557 2201 674 2245 Non
692 2200 826 2245 enim
855 2201 1062 2245 doctas“
1081 2201 1275 2247 fabulas

373 2267 559 2325 secuti,
582 2268 752 2312 notam
771 2267 980 2312 fecimus
1003 2269 1146 2315 vobis
1165 2269 1276 2314 Do-

371 2336 496 2382 mini
514 2335 677 2380 uostri
696 2335 726 2378 J
729 2347 821 2382 esu
832 2335 1018 2381 Christi
1038 2336 1275 2382 virtutem

373 2408 424 2450 et
459 2403 822 2462 praesentiam3
861 2403 951 2448 sed
986 2404 1275 2460 speculato-

371 2487 454 2518 res
474 2471 593 2518 facti
613 2471 747 2516 illius
767 2471 1139 2528 magnitudinis.

440 2541 520 2585 17.
555 2539 818 2596 Accipieus
839 2539 970 2584 enim
998 2552 1027 2583 a
1045 2539 1156 2584 Deo
1176 2539 1275 2585 Pa-

371 2611 448 2652 tre
485 2608 750 2664 honorem,
790 2609 840 2651 et
875 2605 1106 2664 gloriam,
1150 2620 1274 2654 voce

372 2675 577 2732 delapsa
612 2673 673 2719 ad
712 2687 826 2719 eum
859 2673 1206 2730 liuJ‘uscemodi
1246 2688 1275 2720 a

370 2741 634 2798 magnifica
652 2740 841 2799 gloria:
863 2741 994 2800 „Hic
1017 2743 1096 2787 est
1113 2741 1273 2787 Filius

305 2841 316 2850 .
373 2821 550 2865 „meus
571 2808 797 2868 dilectus,
812 2809 974 2864 inquo
995 2809 1116 2854 mihi
1132 2823 1272 2854 com-

372 2874 592 2933 ‚‚placui,
613 2876 774 2932 ipsum
794 2869 1046 2922 audite“b.

440 2942 520 2986 18.
559 2942 626 2986 Et
644 2943 773 2990 hanc
802 2957 981 2990 vocem
1012 2957 1106 2990 nos
1129 2943 1272 2990 audi-

416 3059 436 3075 ·
456 3056 470 3085 1
495 3049 582 3085 Cor.
601 3053 639 3090 2,
659 3055 695 3086 1.
743 3052 760 3078 ὅ
779 3053 922 3088 Manli.
945 3058 1000 3095 Π,
1023 3060 1053 3090 l.
1075 3066 1157 3100 sqq.

1350 329 1515 363 semus
1536 330 1648 362 cum
1666 318 1779 373 ipso
1800 318 1853 362 iu
1868 323 2052 365 monte
2074 330 2255 367 sancto.

1416 386 1497 428 19.
1520 384 1587 428 Et
1599 384 1838 430 habemus
1848 380 2135 433 firmiorem
2151 402 2255 445 pro-

1349 450 1601 508 pheticum
1639 464 1959 511 sermonem3
1998 454 2083 499 cui
2114 458 2255 501 bene-

1350 519 1515 564 facitis
1553 518 1871 564 attendentes
1912 522 2065 576 quasi
2100 522 2256 568 lucer-

1348 599 1446 631 nae
1482 585 1672 631 lucenti
1707 586 1763 631 in
1801 586 2095 645 caliginoso
2134 590 2258 647 loco,

1352 652 1513 698 donec
1544 652 1649 698 dies
1680 653 1957 712 elucescat,
1997 660 2054 701 et
2091 657 2259 703 lucifer

1352 720 1545 765 oriatur
1565 720 1619 765 in
1638 720 1873 766 cordibus
1901 724 2109 769 vestris.

1416 789 1497 833 2⁰.
1523 788 1635 833 Hoc
1653 788 1869 844 primum
1890 788 2255 849 intelligentes,

1349 854 1483 910 quod
1504 855 1667 899 omnis
1687 856 1959 911 prophetia
1972 858 2256 915 Scripturae

1348 922 1555 979 propria
1574 922 1999 979 interpretatione
2020 938 2135 971 non
2156 928 2220 971 fit.

1418 991 1496 1033 21.
1517 990 1633 1034 Non
1654 990 1787 1035 enim
1798 988 2069 1037 voluntate
2090 992 2255 1038 huma-

1349 1068 1415 1100 na
1442 1056 1593 1101 allata
1622 1058 1699 1101 est
1728 1056 1999 1113 aliquando
2034 1061 2255 1117 prophe-

1347 1124 1443 1180 tia3
1474 1124 1558 1168 sed
1590 1124 1781 1180 Spiritu
1810 1128 1985 1171 sancto
2020 1126 2257 1183 inspirati

1349 1190 1505 1236 locuti
1524 1194 1643 1235 sunt
1660 1192 1823 1237 sancti
1838 1192 1939 1238 Dei
1956 1192 2211 1240 homines.

1650 1338 1819 1389 CAP.
1880 1339 1957 1389 Π.

1348 1437 1419 1479 De
1438 1435 1655 1480 falsorum
1690 1438 2013 1492 prophetarum
2046 1455 2196 1495 poena
2212 1453 2251 1482 et

1573 1494 1627 1534 de
1648 1496 1801 1547 pravis
1825 1497 2043 1537 moribus.

1415 1589 1460 1633 1.
1504 1588 1732 1633 Fuerunt
1778 1602 1900 1634 vero
1940 1592 1992 1636 et
2034 1593 2248 1649 pseudo-

1346 1656 1651 1713 prophetaec
1670 1656 1723 1700 in
1743 1655 1933 1713 populo
1948 1688 1963 1716 ,
1984 1658 2120 1705 sicut
2136 1663 2184 1705 et
2200 1661 2247 1704 in

1346 1723 1489 1769 vobis
1526 1726 1675 1768 erunt
1708 1724 1941 1781 magistri
1968 1726 2245 1781 mendaces.

1346 1791 1432 1847 qui
1458 1789 1782 1836 introducent
1812 1796 1978 1837 sectas
2006 1794 2243 1850 perditio-

1344 1857 1441 1916 nis,
1464 1860 1515 1903 et
1534 1872 1671 1917 eum,
1693 1858 1778 1914 qui
1796 1859 1919 1904 emit
1940 1873 2057 1918 eos,
2082 1862 2243 1906 Domi-

1344 1939 1463 1971 num
1492 1928 1705 1984 negant;
1738 1926 2141 1984 superducentes
2158 1930 2243 1974 sibi

1345 1994 1559 2040 celerem
1581 1994 1933 2050 perditionem.

1412 2065 1456 2106 2.
1494 2061 1559 2107 Et
1593 2061 1737 2106 multi
1772 2067 2052 2119 sequentur
2081 2078 2243 2111 eorum

1343 2130 1586 2188 luxurias,
1624 2142 1715 2186 per
1743 2143 1871 2186 quos
1907 2131 1993 2177 via
2024 2133 2244 2179 veritatis

1344 2197 1779 2254 blasphemabitur.
2022 2203 2029 2208 '

1412 2266 1457 2309 3.
1492 2265 1559 2308 Et
1586 2266 1639 2309 in
1669 2265 1886 2310 avaritia
1922 2267 2053 2312 fictis
2090 2269 2243 2313 verbis

1344 2330 1403 2377 de
1437 2332 1577 2377 vobis
1606 2333 2030 2390 negotiabuntur3
2075 2335 2243 2391 quibus

1337 2399 1579 2454 judicium
1594 2399 1699 2456 jam
1719 2397 1843 2446 olim
1865 2414 1975 2446 non
1996 2406 2186 2458 cessat3
2202 2407 2245 2446 et

1342 2466 1557 2522 perditio
1580 2480 1751 2512 eorum
1774 2481 1881 2512 non
1903 2468 2159 2515 dormitat.

1407 2544 1454 2586 4.
1492 2543 1545 2588 Si
1575 2543 1706 2589 enim
1733 2545 1872 2590 Deus
1904 2547 2107 2605 angelis
2138 2562 2243 2604 pec-

1343 2610 1568 2656 cantibus
1598 2623 1701 2656 non
1740 2614 1999 2670 pepercit3
2040 2615 2134 2660 sed
2166 2628 2243 2658 ru-

1343 2677 1571 2724 dentibus
1591 2679 2051 2727 infernidetractos
2074 2683 2129 2727 in
2150 2687 2242 2727 tar-

1340 2747 1500 2790 tarum
1521 2745 1723 2791 tradidit
1743 2748 2049 2795 cruciaudos
2064 2781 2079 2806 ‚
2100 2751 2149 2794 in
2164 2751 2242 2806 ju·

1342 2812 1523 2858 dicium
1541 2814 1810 2858 reservari.

1406 2883 1452 2924 5.
1488 2880 1554 2924 Et
1575 2880 1811 2937 originali
1831 2882 2023 2927 mundo
2042 2896 2144 2928 non
2161 2896 2243 2938 pe·

1339 2948 1525 3004 percit3
1540 2947 1627 2992 sed
1648 2948 1881 2993 octavum
1896 2949 2013 2994 Noe
2027 2950 2243 3006 justitiae

1387 3063 1403 3081 θ
1420 3056 1564 3094 Malth.
1582 3060 1645 3099 24,
1664 3061 1722 3093 11.
1748 3057 1843 3092 Act.
1864 3061 1928 3100 20,
1948 3063 2009 3096 29.
2028 3063 2090 3097 30.

486 3197 600 3251 Cap.
632 3197 666 3238 1.
728 3201 768 3240 9.
799 3205 1041 3253 temptans.
1109 3207 1175 3244 10.
1209 3207 1351 3256 magis
1389 3207 1523 3257 agite.
1556 3239 1563 3242 .
1594 3209 1659 3246 12.
1692 3210 1738 3248 et
1776 3210 2072 3250 confirmatos
2110 3213 2241 3262 (deest

373 3261 488 3307 vos).
571 3257 636 3295 13.
687 3255 898 3307 quandiu.

977 3259 1043 3298 16.
1094 3259 1305 3302 virtutem
1334 3262 1413 3302 sed
1444 3263 1635 3316 (desunt
1660 3262 1800 3304 ver-Im
1828 3267 1877 3304 et
1907 3265 2241 3317 praesentiam).

374 3313 438 3350 17.
494 3309 728 3364 eonplacui
773 3311 954 3360 (desunt
976 3313 1114 3354 verba
1143 3316 1289 3368 ipsum
1320 3316 1509 3371 audite).

1590 3321 1654 3360 19.
1673 3347 1689 3361 ,
1703 3318 2010 3371 profeticum3
2036 3319 2141 3363 ibid.
2172 3320 2241 3361 ad·

371 3365 632 3413 tendentes3
653 3362 760 3406 ibid.
782 3363 994 3406 lucescat.
1052 3371 1120 3408 20.
1153 3369 1493 3422 intellegentes3
1515 3373 1623 3415 ibid.
1646 3374 2070 3427 interpraetatioue-
2187 3374 2239 3416 ΙΙ-

374 3423 411 3457 1.
444 3421 515 3470 qui
540 3421 764 3461 inducent·
823 3423 864 3459 2.

371 3472 648 3523 injusticiam
671 3475 934 3518 cruciandos
955 3479 1187 3518 reservari.
1224 3495 1228 3500 ’

426 3631 433 3654 l

895 3425 941 3461 et
967 3420 1092 3462 multi
1121 3431 1381 3478 sequuntur.
1440 3433 1481 3470 4.
1514 3430 1594 3472 sed
1614 3429 1899 3481 rugientibus
1928 3433 2123 3480 infer-uh
2144 3431 2241 3474 ibid.
