2376 3925
319 157 414 206 3⁰2

537 149 890 204 EPISTULA
927 143 1139 195 PAULI
1172 140 1269 190 AD
1308 133 1651 189 GALATAS.
1694 131 1842 185 CAP.
1866 132 1913 182 5.
1938 131 1988 181 6.

339 202 2198 239 ....-...-.---—-——-——————-—-—--·--

323 269 556 304 seriumne
576 253 832 310 impletur:
856 248 1221 307 „Diligespro-

324 327 546 386 „ximum
567 324 702 367 tuum
723 319 854 364 sicut
872 319 920 360 te
941 312 1191 371 ipsum“³.

393 395 470 436 15.
503 388 650 442 Quod
667 386 711 432 si
731 385 947 431 invicem
965 378 1225 436 mordetis,

1356 242 1436 286 25.
1471 239 1529 284 Si
1548 236 1732 294 spiritu
1750 235 1964 281 vivimus
1980 264 1995 291 ,
2016 233 2199 290 spiritu

1294 310 1345 354 et
1361 304 1687 352 ambulemus.

1361 377 1439 418 26.
1469 374 1588 417 Non
1608 369 1878 416 efficiamur
1898 367 2062 413 inanis
2082 365 2197 423 glo-

331 463 382 506 et
399 455 687 510 comeditis3
711 452 904 509 videte,
925 462 989 494 ne
1010 450 1072 493 ab
1091 445 1227 491 invi-
1294 441 1402 487 riae
1424 439 1613 496 cupidi,
1651 437 1873 482 invicem
1912 446 2198 492 provocan-

329 541 434 573 cem
455 518 840 570 consumamini!

395 594 472 636 16.
508 590 636 635 Dico
668 591 857 634 antem:
895 581 1084 640 Spiritu
1121 593 1227 623 am-

328 660 512 716 bulate,
551 661 604 703 et
639 652 886 702 desideria
923 648 1088 695 carnis'
1124 659 1232 691 non

330 725 614 785 perficietis.

400 796 477 838 1¹1.
503 794 634 837 Caro
657 789 788 834 enim
813 779 1124 840 concupiscit
1143 778 1233 824 ad-

333 873 510 906 versus
539 857 791 915 spiritum3
831 850 1035 908 spiritus
1069 850 1237 892 autem

331 929 571 974 adversus
591 934 822 977 carnem3
841 919 966 963 haec
987 915 1120 962 enim
1141 913 1237 958 sibi

333 996 550 1041 invicem
601 989 959 1042 adversantur,
1025 985 1079 1026 ut
1129 993 1236 1026 non

335 1072 673 1119 quaecumque
696 1055 863 1112 vultis,
875 1052 965 1097 illa
982 1048 1178 1094 faciatis
1187 1052 1235 1090 y.

403 1130 480 1172 18.
520 1125 666 1179 Quod
702 1123 745 1170 si
774 1121 953 1179 spiritu
982 1113 1237 1172 ducimini,

335 1209 440 1242 non
461 1194 580 1240 estis
601 1194 691 1238 sub
712 1191 824 1248 lege
837 1195 876 1233 ⁸.

406 1265 483 1306 19.
497 1260 770 1308 Manifesta
778 1258 895 1302 sunt
906 1256 1071 1301 autem
1084 1264 1240 1310 opera

340 1331 522 1386 carnis,
545 1341 672 1385 quae
692 1326 809 1372 sunt
827 1321 1097 1368 fornicatio
1110 1351 1124 1377 ,
1146 1320 1239 1364 im-

337 1397 596 1454 munditia,
618 1391 940 1451 impudicitia,
960 1387 1181 1442 luxuria,

406 1483 484 1524 20.
521 1477 774 1524 idolorum
794 1474 1028 1530 servitus,
1054 1469 1243 1516 venefi-

338 1549 432 1604 cia,
445 1544 755 1599 inimicitiae,
769 1540 1141 1594 contentiones,
1154 1549 1241 1580 ae-

335 1613 656 1668 mulationes,
679 1610 785 1655 irae
799 1638 814 1667 ,
843 1607 1016 1664 rixae,
1047 1604 1244 1650 dissen-

341 1683 532 1739 siones,
553 1681 738 1735 sectae,

409 1750 487 1793 21.
523 1745 763 1801 invidiae,
779 1739 1064 1796 homicidia,
1079 1737 1244 1784 ebrie-

339 1820 486 1876 tates,
508 1812 918 1868 comessationes,
941 1811 992 1854 et
1008 1807 1086 1852 his
1107 1804 1247 1850 simi-

340 1886 438 1940 lia;
467 1897 594 1940 quae
632 1878 868 1939 praedico
909 1875 1081 1931 vobis,
1117 1870 1248 1918 sic'ut

341 1951 598 2011 praedixi,
655 1945 917 2005 quoniam,
980 1941 1065 1999 qui
1125 1938 1247 1985 talia

344 2020 525 2077 agunt,
557 2028 769 2072 regnum
794 2012 891 2056 Dei
921 2022 1026 2054 non
1061 2020 1245 2053 conse-

345 2087 560 2141 quentur
571 2088 610 2125 ⁶.
780 2073 793 2087 ⁶
873 2074 880 2079 ”

415 2152 491 2194 22.
513 2148 726 2192 Fructus
748 2145 914 2188 autem
935 2140 1150 2197 Spiritus
1171 2140 1249 2184 est

346 2218 578 2271 charitas,
593 2210 843 2269 gaudium,
857 2222 974 2265 pax,
986 2207 1247 2265 patientia,

343 2281 646 2340 benignitas,
685 2276 902 2335 bonitas,
940 2274 1249 2333 longanimi-

343 2354 440 2408 tas,

415 2419 494 2463 23.
529 2411 885 2470 mansuetudo,
906 2410 1026 2456 fides
1040 2440 1054 2468 ‚
1073 2407 1250 2453 mode-

347 2487 470 2545 stia,
500 2481 838 2538 continentia,
861 2478 1077 2525 castitas.
1147 2476 1251 2520 Ad-

347 2566 524 2599 versus
543 2547 831 2608 hujusmodi
849 2560 955 2591 non
975 2547 1050 2591 est
1069 2544 1156 2589 lex
1166 2536 1203 2587 ὖ.

415 2622 492 2665 24.
539 2618 638 2673 Qui
683 2618 850 2662 autem
895 2615 1011 2659 sunt
1049 2610 1251 2667 Christi,

351 2701 553 2733 carnem
573 2699 712 2731 suam
733 2681 1092 2729 crucifixerunt
1105 2686 1128 2709 ⁶
1141 2690 1253 2723 cum

350 2754 486 2798 vitiis
507 2756 559 2799 et
577 2747 1017 2809 concupiscentiis.

398 2869 424 2886 τ
442 2860 588 2897 Matth.
605 2865 673 2902 22,
693 2864 752 2897 39.
772 2862 835 2896 40.
868 2857 982 2892 Rom.
1002 2858 1069 2896 13,
1087 2856 1124 2890 8.
1142 2856 1180 2889 9.
1230 2859 1253 2885 r

349 2908 465 2943 Rom·
484 2909 528 2948 7,
556 2911 618 2941 14.
645 2910 700 2942 15.
727 2910 787 2942 23.
837 2912 854 2928 ι
872 2904 986 2939 Rom.
1003 2904 1048 2941 6,
1075 2905 1137 2936 14.
1167 2909 1253 2945 sqq.

351 2964 372 2979 α
396 2960 406 2989 Ι
433 2953 520 2993 Cpr.
540 2955 577 2992 6,
597 2956 633 2988 9.
653 2957 713 2987 10.
748 2950 858 2997 Eph.
875 2955 914 2991 5,
935 2953 970 2986 5.
1018 2946 1036 2973 ὃ
1053 2951 1073 2982 1
1093 2945 1197 2981 Tim.
1217 2949 1253 2986 1,

351 3006 386 3039 9.
437 3006 451 3024 ²
469 2998 582 3033 Rom.
601 3000 638 3038 6,
655 3000 692 3033 6.

1296 513 1391 568 tes,
1412 507 1629 554 invicem
1651 503 1954 550 invidentes.

1594 638 1635 687 C
1648 635 1761 685 ΑΡ.
1815 635 1908 684 Vl.

1301 739 1446 781 Decet
1472 737 1687 790 adjuvare
1725 733 1855 774 alios.
1918 731 2039 772 Bene
2066 742 2199 781 agen·

1303 796 1405 836 dum
1441 799 1526 834 est.
1601 790 1644 831 A
1680 787 1993 832 seductoribus
2031 798 2197 826 caveas.

1318 847 1489 891 Paulus
1513 847 1693 890 Christo
1712 846 1933 888 crucifixo
1954 841 2183 894 gloriatur.

1371 945 1416 987 1.
1450 938 1680 986 Fratres!
1714 941 1767 984 et
1795 939 1838 983 si
1863 947 2199 994 praeoccupa-

1304 1012 1383 1055 tus
1403 1009 1557 1055 fuerit
1576 1009 1728 1053 homo
1745 1007 1799 1051 in
1819 1003 1981 1059 aliquo
1998 1002 2201 1056 delicto,

1306 1091 1416 1134 vos,
1440 1077 1527 1132 qui
1544 1074 1832 1131 spirituales
1852 1071 1993 1127 estis,
2023 1069 2201 1125 hujus-

1306 1144 1439 1190 modi
1459 1142 1691 1191 instruite
1711 1141 1764 1185 in
1778 1138 1949 1197 spiritu
1962 1136 2203 1190 lenitatis,

1308 1209 1635 1256 considerans
1672 1211 1722 1254 te
1760 1207 1945 1264 ipsum,
1980 1217 2040 1248 ne
2068 1206 2118 1248 et
2149 1206 2203 1246 tu

1307 1277 1533 1324 tenteris.

1376 1347 1422 1389 2.
1459 1344 1601 1390 Alter
1620 1341 1829 1388 alterius
1851 1351 2007 1385 onera
2036 1340 2201 1395 porta-

1308 1417 1377 1471 te,
1388 1414 1441 1508 gt
1448 1413 1521 1458 sic
1535 1410 1663 1456 adim
1668 1408 1869 1466 pleffitis
1888 1407 2050 1464 legem
2063 1405 2199 1450 Chri-

1312 1480 1377 1525 sti
1418 1512 1431 1524 .

1380 1548 1424 1592 3.
1462 1546 1589 1591 Nam
1625 1544 1670 1590 si
1714 1542 1825 1598 quis
1870 1541 2119 1587 existimat
2152 1551 2200 1581 se

1312 1612 1501 1670 aliquid
1523 1625 1635 1657 esse
1649 1641 1663 1669 ‚
1696 1624 1809 1656 cum
1825 1608 1954 1654 nihil
1976 1608 2084 1664 site,
2103 1607 2199 1662 ipse

1314 1695 1367 1727 se
1389 1679 1598 1726 seducit.

1378 1751 1424 1792 4.
1465 1749 1601 1804 Opus
1648 1745 1816 1790 autem
1862 1755 2003 1787 suum
2037 1741 2201 1797 probet

1314 1815 1673 1872 unusquisque,
1693 1813 1743 1857 et
1762 1811 1835 1856 sic
1856 1810 1908 1855 in
1930 1807 2199 1863 semetipso

1316 1884 1508 1928 tantum
1538 1880 1752 1939 gloriam
1784 1877 2012 1933 habebit,
2044 1877 2093 1920 et
2111 1886 2197 1918 non

1314 1951 1369 1996 in
1388 1950 1567 1996 altero.

1382 2021 1427 2063 5.
1465 2015 1814 2071 Unusquisque
1834 2012 1969 2058 enim
1989 2023 2113 2057 onus
2130 2021 2201 2053 su-

1314 2100 1397 2131 um
1418 2074 1696 2142 portabits.

1384 2155 1430 2197 6.
1469 2149 1813 2196 communicet
1850 2148 2018 2192 autem
2038 2144 2106 2201 is,
2132 2141 2202 2197 qui

1319 2220 1657 2266 catechizatur
1680 2217 1853 2272 verbo,
1877 2214 1941 2271 ei,
1957 2212 2040 2269 qui
2060 2225 2113 2255 se
2131 2222 2199 2254 ca-

1314 2288 1551 2343 techizat,
1574 2285 1627 2329 in
1650 2283 1880 2329 omnibus
1900 2279 2047 2326 bonis
2057 2285 2100 2321 ἕ.

1386 2356 1431 2399 7.
1467 2352 1639 2397 Nolite
1655 2362 1826 2397 errare
1841 2362 1854 2405 3
1867 2348 2006 2392 Deus
2026 2358 2127 2390 non
2146 2344 2203 2386 ir-

1319 2422 1527 2467 ridetur.

1386 2491 1431 2532 8.
1471 2488 1610 2540 Quae
1632 2484 1764 2531 enim
1785 2479 2111 2527 seminaverit
2126 2478 2203 2521 ho-

1320 2568 1419 2613 m0‚
1441 2556 1564 2599 haec
1585 2555 1636 2598 et
1663 2553 1841 2606 metet3
1874 2547 2110 2604 quoniam
2136 2541 2205 2598 qui

1322 2622 1535 2669 seminat
1563 2621 1613 2665 in
1645 2631 1796 2665 carne
1827 2629 1946 2673 sna,
1984 2614 2044 2659 de
2074 2621 2203 2658 carne

1322 2692 1373 2735 et
1397 2690 1553 2734 metet
1581 2684 1985 2741 corruptionem3
2020 2681 2101 2737 qui
2130 2690 2203 2722 au-

1321 2761 1419 2803 tem
1440 2756 1653 2801 seminat
1674 2753 1726 2797 in
1747 2750 1945 2807 spiritu,
1967 2749 2029 2795 de
2048 2744 2204 2804 spiritu

1321 2826 1473 2869 metet
1495 2822 1644 2867 vitam
1664 2823 1921 2865 aeternam
1931 2809 1973 2861 ἦ.

1366 2912 1387 2938 ‘¹
1406 2924 1441 2947 c.
1458 2913 1495 2952 5,
1515 2914 1574 2945 14.
1624 2916 1639 2935 θ
1658 2914 1679 2945 1
1701 2906 1792 2943 Cor.
1810 2910 1880 2947 13,
1901 2909 1938 2941 2.
1984 2902 2013 2935 f
2029 2903 2138 2939 Rom.
2156 2902 2205 2935 14.

1322 2964 1380 2995 lo.
1401 2962 1457 2993 12.
1504 2956 1663 2991 eRom.
1682 2958 1750 2996 15,
1777 2958 1838 2990 27.
1872 2956 1893 2989 1
1914 2951 2007 2987 cor.
2026 2956 2071 2991 9,
2098 2952 2149 2984 11.
2191 2941 2207 2966 ¹*

1320 3006 1438 3040 Rom.
1456 3007 1494 3045 8,
1512 3006 1547 3040 6.

466 3112 578 3165 Cap.
610 3109 668 3149 V.
728 3112 792 3149 14.
826 3108 992 3159 diligis.
1049 3111 1120 3160 Ι16.
1142 3105 1411 3147 desiderium
1432 3102 1593 3143 carnis.
1654 3102 1721 3141 17.
1744 3098 1859 3139 enim
1880 3096 2068 3137 invicem
2083 3092 2209 3146 (dent

356 3170 480 3221 sini).

541 3169 606 3207 18.
635 3164 869 3205 ducemini·
924 3167 989 3204 19.
1011 3168 1156 3205 autem
1177 3165 1303 3209 sunt3
1322 3159 1429 3200 ibid.
1452 3160 1571 3199 deest
1589 3155 1887 3208 impudicitia.
1937 3154 2005 3191 21.
2028 3156 2206 3191 comesa·

354 3226 504 3267 tionis.
561 3224 629 3263 22.
661 3223 728 3261 23.
753 3232 860 3273 pax,
880 3216 1215 3269 longanimitas,
1231 3216 1422 3262 bonitas,
1440 3212 1708 3263 benignitas,
1721 3209 1849 3257 fides,
1866 3207 2099 3251 modestia,
2118 3213 2207 3243 con-

1173 3280 1247 3298 um

357 3313 562 3355 tinentia.
591 3309 834 3351 Adversus.
893 3311 960 3348 24.
996 3280 1172 3347 carnem
1196 3280 1522 3346 “crucifixerunt
1558 3300 1643 3353 (sic
1678 3297 1775 3341 alia
1808 3310 1952 3339 mann
1976 3287 2208 3349 suprascri-

355 3374 486 3421 ptum
503 3365 692 3417 exstat).
751 3367 818 3404 25.
850 3364 888 3403 si
909 3363 1096 3403 vivimus
1125 3362 1304 3413 spiritu,
1326 3359 1489 3412 spiritu
1510 3358 1647 3399 etiam
1667 3352 1959 3395 ambulemus.

358 3420 588 3474 spiritales
615 3421 726 3462 estis
764 3418 970 3460 instruite
1009 3416 1278 3468 hujusmodi.

359 3486 398 3515 o.
432 3478 609 3518 verbum
629 3477 685 3518 ei.

2070 3348 2084 3369 r

1337 3417 1377 3455 3.
1409 3426 1508 3455 cum
1540 3413 1601 3455 sit
1626 3408 1753 3453 nihil.
1810 3412 1853 3451 4.
1887 3412 1934 3451 et
1960 3348 2208 3449 nonxallterd:
