2376 3925
411 193 988 247 APOCALYPSIS
1031 195 1399 249 JOANNIS.
1474 200 1642 250 CAP.
1676 202 1864 251 1213.

194 297 461 354 projectus
484 300 562 342 est
578 298 634 343 in
651 300 855 357 terram,
870 301 921 344 et
938 299 1109 357 angeli

195 363 318 421 ejus
339 378 452 410 cum
469 364 560 410 illo
581 364 722 410 missi
741 367 873 411 sunt.

273 432 352 475 10.
387 431 456 476 Et
473 430 642 478 audivi
674 445 848 477 vocem
875 446 1107 491 magnam

189 498 253 542 in
297 497 441 544 coelo
481 498 753 545 dicentem:
793 500 939 546 Nunc
975 502 1108 545 facta

191 567 284 611 est
319 565 471 623 salus,
513 568 564 611 et
601 566 776 625 virtus,
817 569 868 613 et
892 580 1106 625 regnum

189 632 299 677 Dei
337 632 528 689 nostri,
575 636 625 679 et
659 636 882 691 potestas
922 635 1108 680 Christi

190 692 375 757 ejusd3
390 699 505 756 quia
523 700 780 757 projectus
801 704 879 747 cst
897 714 1104 747 accusa-

184 770 284 811 tor
301 768 512 813 fratrum
531 770 839 826 nostrorum,
859 768 944 825 qui
955 782 1105 815 accu-

186 835 374 879 sabat⁶
396 833 513 879 illos
533 838 649 881 ante
671 839 996 893 conspectum
1009 836 1106 883 Dei

185 900 366 946 nostri
385 901 465 947 die
485 916 542 948 ac
561 905 728 947 nocte.

264 969 347 1012 11.
381 968 451 1013 Et
476 969 574 1027 ipsi
600 968 833 1015 vicerunt
851 982 964 1015 eum
981 982 1105 1027 pro-

183 1038 310 1093 pter
340 1038 635 1094 sanguinem
669 1026 865 1095 Agnis,
905 1040 956 1083 et
981 1050 1104 1094 pro-

183 1106 310 1161 pter
347 1104 554 1149 verbum
588 1103 867 1149 testimonii
912 1104 1016 1163 sui,
1055 1107 1106 1149 et

183 1183 302 1215 non
335 1169 626 1215 dilexerunt
651 1170 842 1216 animas
872 1184 990 1216 suas
1016 1184 1104 1216 us-

185 1251 294 1295 que
315 1236 379 1281 ad
396 1239 664 1283 morteme.

264 1305 346 1349 12.
381 1304 660 1361 Propterea
678 1304 960 1365 laetamini,
981 1318 1102 1351 coe-

182 1371 246 1429 li,
283 1373 335 1417 et
371 1372 457 1427 qui
484 1372 724 1435 ¹habitatis
753 1373 807 1418 in
837 1372 927 1419 eis.
994 1374 1102 1417 Vae

183 1442 384 1493 terrae,
423 1441 474 1484 et
508 1437 656 1485 mari!
695 1440 812 1496 quia
844 1439 1103 1487 descendit

185 1505 427 1551 diabolus
463 1506 526 1552 ad
573 1520 693 1566 vos,
737 1508 927 1554 habens
975 1508 1103 1553 iram

181 1586 428 1630 magnam
442 1604 455 1631 ,
477 1574 670 1632 sciens,
691 1576 824 1630 quod
851 1575 1102 1622 modicum

181 1643 392 1696 tempus
412 1638 576 1685 habet.

266 1708 348 1750 13.
383 1706 451 1751 Et
476 1708 736 1761 postquam
768 1706 894 1752 vidit
929 1705 1100 1763 draco,

188 1772 335 1831 quod
363 1771 622 1829 proJectus
653 1775 787 1819 esset
812 1773 868 1817 in
895 1776 1100 1831 terram,

183 1841 492 1898 persecutus
531 1842 607 1884 est
641 1839 933 1899 mulierem,
975 1852 1103 1896 quae

156 1900 164 1908 “
187 1906 398 1966 peperit
416 1906 704 1952 masculum.
841 1942 844 1945 .

266 1976 345 2019 14.
381 1974 449 2019 Et
468 1974 610 2020 datae
641 1976 759 2020 sunt
775 1974 975 2020 mulieri
994 1974 1104 2020 alae

189 2043 326 2088 duae
347 2042 544 2098 aquilae
563 2055 802 2101 magnae,
836 2046 889 2088 ut
910 2043 1107 2088 volaret

184 2110 244 2155 in
273 2110 525 2155 desertum
553 2109 608 2156 in
635 2111 806 2156 locum
828 2123 998 2169 suum,
1019 2109 1104 2155 ubi

191 2177 351 2222 alitur
371 2190 460 2234 per
479 2181 693 2238 tempus,
716 2180 767 2224 et
783 2180 1031 2236 tempora,
1054 2180 1106 2223 et

193 2243 455 2291 dimidium
491 2246 760 2306 temporis,
791 2259 822 2291 a
839 2246 972 2292 facie
992 2258 1104 2291 ser-

193 2311 384 2369 pentis.

266 2381 348 2422 15.
391 2377 461 2424 Et
491 2379 628 2424 misit
662 2391 871 2436 serpens
902 2365 976 2424 'ex
1015 2391 1106 2423 ore

193 2457 293 2490 suo
323 2447 441 2501 post
467 2445 754 2504 mulierem,
784 2459 961 2502 aquam
989 2447 1107 2490 tan-

193 2525 346 2568 quam
365 2513 565 2572 ssumen,
585 2515 642 2558 ut
659 2525 769 2559 eam
787 2513 978 2559 faceret
999 2515 1106 2558 tra-

192 2579 252 2624 hi
271 2592 302 2624 a
321 2579 539 2626 flumine.

267 2646 349 2690 16.
376 2645 444 2691 Et
461 2647 654 2704 adjuvit
669 2650 808 2693 terra
825 2645 1105 2703 mulierem,

195 2716 252 2758 et
272 2714 471 2771 aperuit
496 2715 634 2760 terra
663 2727 720 2760 οι
741 2727 884 2760 suum
897 2745 913 2773 ,
945 2716 998 2759 et
1015 2714 1105 2758 ab-

195 2780 398 2825 sorbuit
413 2775 642 2841 ssumen'5
655 2781 786 2838 quod
805 2781 941 2827 misit
952 2781 1104 2826 draco

195 2846 261 2893 de
283 2858 373 2892 ore
394 2858 502 2893 suo.

241 2921 265 2948 ¹1
284 2933 317 2958 c.
336 2925 395 2964 11,
416 2924 472 2958 15.
520 2929 538 2948 θ
555 2921 676 2959 Hiob.
705 2928 748 2968 1,
775 2927 835 2958 11.
867 2921 990 2956 Zach.
1008 2925 1046 2958 3.
1066 2926 1102 2957 1.

192 2967 378 3056 ῧιίοἱέλ
395 2971 454 3006 31.
500 2965 528 2999 f
545 2981 578 3006 c.
597 2973 634 3012 7,
652 2971 714 3006 14.
761 2974 786 3004 Ε
805 2980 839 3004 c.
859 2971 898 3010 2,
918 2972 978 3005 10.
1027 2965 1047 2992 ¹⁸
1066 2979 1102 3002 c.

1976 204 2077 253 401

1244 301 1325 345 17.
1362 301 1431 345 Et
1448 302 1605 347 iratus
1626 305 1704 353 est
1722 302 1873 349 draco
1894 304 1947 349 in
1966 319 2077 350 mu-

1174 364 1383 424 lierem;
1423 370 1474 413 et
1492 369 1616 415 abiit
1641 371 1814 416 facere
1833 371 2079 428 praelium

1175 446 1288 480 cum
1305 433 1513 491 reliquis
1534 436 1594 481 de
1614 438 1805 483 semine
1826 438 1872 495 ej
1880 451 1935 483 us
1948 469 1962 497 ,
1994 439 2081 495 qui

1175 500 1465 547 custodiunt
1491 502 1723 549 mandata
1750 504 1873 563 Dei,
1914 507 1965 551 et
1982 506 2073 551 ha-

1172 569 1298 614 bent
1316 568 1659 614 testimonium
1677 571 1709 615 J
1712 584 1802 616 esu
1820 572 2023 618 Christi.

1241 638 1321 679 18.
1358 636 1427 681 Et
1477 636 1616 682 stetit
1666 650 1819 694 supra
1870 653 2075 686 arenam

1171 703 1325 747 maris
1336 696 1369 748 1'.

1440 848 1481 897 C
1492 847 1537 897 A
1548 847 1609 899 Ρ.
1663 848 1806 899 XIII.

1173 944 1333 986 Bestia
1370 944 1517 999 Deum
1555 945 1856 1001 blasphemat,
1896 954 2077 991 sanctos

1173 998 1399 1049 debellat;
1433 1002 1582 1045 bestia
1610 1001 1757 1044 altera
1784 1002 1859 1044 illi
1878 1006 2075 1045 maxime

1168 1056 1311 1104 favet,
1326 1069 1487 1109 cogens
1507 1058 1683 1099 adorari
1702 1058 1803 1111 ejus
1819 1060 2073 1111 imaginem.

1237 1151 1285 1192 1.
1330 1148 1399 1194 Et
1442 1148 1547 1195 vidi
1596 1150 1655 1196 de
1692 1152 1820 1197 mari
1868 1152 2076 1199 bestiam

1170 1215 1524 1261 ascendentem
1536 1208 1575 1276 ι’,
1605 1218 1873 1264 habentem
1912 1220 2077 1277 capita

1171 1285 1381 1341 septem,
1405 1285 1457 1328 et
1476 1297 1669 1329 cornua
1690 1284 1860 1331 decem
1872 1278 1905 1342 ²,
1919 1290 1970 1331 et
1988 1299 2073 1332 su·-

1170 1362 1263 1407 per
1284 1362 1475 1395 cornua
1495 1350 1604 1407 eius
1629 1352 1801 1398 decem
1820 1352 2074 1399 diadema-

1169 1420 1247 1476 ta,
1278 1419 1329 1462 et
1356 1430 1507 1475 super
1536 1418 1701 1476 capita
1730 1418 1841 1476 ejas
1868 1420 2077 1466 nomina

1169 1484 1523 1542 blasphemiae.

1237 1554 1284 1598 2.
1318 1552 1388 1597 Et
1404 1553 1584 1611 bestia,
1607 1566 1753 1609 quam
1773 1552 1901 1613 vidi,
1934 1552 2075 1599 simi-

1168 1618 1233 1664 lis
1272 1621 1383 1665 erat
1418 1620 1643 1679 pardom,
1684 1621 1735 1665 et
1770 1620 1925 1677 pedes
1964 1621 2075 1679 ejus

1169 1686 1303 1731 sicut
1319 1685 1473 1743 pedes
1492 1686 1627 1745 ursi,
1658 1688 1709 1733 et
1738 1700 1795 1731 os
1817 1688 1927 1743 eJus
1948 1690 2079 1734 sicut

1171 1764 1231 1797 os
1258 1752 1439 1797 leonis.
1507 1753 1576 1798 Et
1605 1753 1741 1798 dedit
1777 1752 1856 1797 illi
1892 1753 2079 1800 dracon

1171 1818 1408 1864 virtutem
1427 1832 1584 1877 suam,
1599 1823 1651 1865 et
1660 1822 1958 1877 potestatem
1968 1834 2077 1866 ma-

1175 1898 1341 1943 gnam.

1241 1954 1288 1998 3.
1322 1952 1390 1998 Et
1408 1951 1511 1998 vidi
1529 1966 1683 1998 unum
1712 1951 1773 1999 de
1802 1952 2081 2011 capitibuso

1173 2021 1295 2078 suis,
1333 2019 1477 2076 quasi
1508 2020 1729 2066 occisum
1755 2020 1809 2066 in
1836 2024 2078 2080 mortem3

1173 2090 1225 2133 et
1252 2087 1401 2146 plaga
1428 2087 1605 2132 mortis
1636 2087 1745 2145 ejus
1775 2091 1947 2134 curata
1983 2093 2077 2136 est.

1170 2155 1241 2200 Et
1259 2155 1543 2200 admirataP
1574 2157 1651 2201 est
1684 2155 1923 2203 universa
1942 2159 2081 2203 terra

1171 2225 1291 2281 post
1310 2223 1533 2269 bestiam.
2009 2273 2015 2278 ⁵

1238 2293 1287 2335 4.
1321 2291 1391 2336 Et
1417 2291 1761 2336 adoraverunt
1788 2291 2077 2352 draconem,

1119 2359 1122 2364 '
1173 2358 1260 2415 qui
1289 2358 1426 2403 dedit
1452 2361 1753 2416 potestatem
1780 2359 1998 2416 bestiae;
2030 2363 2083 2405 et

1173 2425 1517 2470 adoraverunt
1551 2425 1789 2480 bestiam,
1828 2424 2077 2472 dicentes:

1175 2491 1299 2544 Quis
1320 2490 1497 2536 similis
1518 2491 1740 2536 bestiae?
1765 2493 1817 2536 et
1834 2493 1943 2548 quis
1963 2496 2080 2551 pot-

1175 2557 1273 2603 erit
1293 2570 1519 2614 pugnare
1540 2571 1651 2602 cum
1670 2557 1764 2602 eassl

1242 2627 1287 2668 5.
1322 2623 1391 2668 Et
1410 2623 1578 2669 datum
1606 2626 1683 2670 est
1710 2623 1758 2669 ei
1787 2637 1843 2671 os
1864 2625 2078 2682 loquens

1171 2704 1382 2750 magna,
1413 2693 1464 2737 et
1490 2690 1848 2749 blasphemias;
1880 2695 1932 2738 et
1966 2693 2081 2739 data

1175 2761 1253 2804 est
1271 2759 1319 2805 ei
1330 2760 1552 2816 potestas
1564 2759 1733 2804 facere
1744 2772 1941 2805 menses
1955 2774 2077 2817 qua-

1175 2825 1406 2884 draginta
1424 2826 1565 2871 duos.

1218 2916 1235 2946 ⁸⁴
1250 2919 1331 2957 Jos.
1350 2925 1418 2964 15,
1444 2925 1501 2957 12.
1533 2921 1639 2958 Dan.
1658 2922 1703 2962 8,
1730 2925 1767 2958 3.
1816 2919 1955 2959 *Dm
1976 2927 2020 2964 7,
2040 2928 2076 2960 3.

1172 2977 1257 3014 sqq.
1304 2965 1319 2993 ³
1338 2979 1372 3002 c.
1391 2970 1451 3009 17,
1469 2972 1506 3004 3.
1526 2970 1668 3004 7—12.
1724 2975 1755 2993 Μ
1772 2967 1877 3006 Dan.
1896 2974 1931 3013 7,
1948 2972 2075 3006 4—7.

1170 3021 1193 3039 ¹·
1213 3025 1247 3048 c.
1266 3017 1326 3056 12,
1343 3017 1379 3050 3.
1430 3019 1447 3039 ⁰
1467 3025 1501 3048 c.
1519 3017 1579 3056 17,
1597 3017 1633 3052 9.
1680 3021 1703 3046 P
1726 3025 1759 3050 c.
1777 3019 1837 3058 17,
1854 3018 1891 3052 8.

311 3126 424 3181 Cap.
453 3126 566 3170 XII.
625 3130 667 3170 9.
698 3129 925 3182 proiectus
948 3133 1019 3171 est
1048 3129 1191 3182 (deest
1218 3127 1301 3181 et).
1378 3131 1445 3170 10.
1476 3139 1660 3180 regnum
1688 3127 1870 3170 Domini
1904 3130 2070 3177 nostri;

193 3181 309 3224 ibid.
336 3186 440 3225 ante
468 3187 755 3238 conspectum
784 3185 966 3227 Domini
995 3184 1154 3226 nostri·

1232 3187 1299 3225 11.
1336 3184 1539 3226 vicerunt
1564 3181 1717 3233 illum3
1744 3183 1853 3226 ibid.
1882 3185 2073 3226 animam

201 3248 344 3278 suam.
403 3241 468 3280 13.
501 3239 730 3294 projectus
758 3246 828 3282 est
854 3242 901 3281 in
925 3244 1092 3283 terram
1121 3242 1169 3280 et
1196 3249 1459 3293 persecutus
1485 3242 1569 3281 est.
1631 3244 1698 3281 14.
1728 3239 1791 3280 Et
1818 3239 1951 3280 datae
1970 3245 2073 3282 sunt

199 3293 314 3334 duae
343 3291 440 3335 alae
469 3292 663 3338 mulieri.
733 3299 800 3337 17.
840 3299 888 3337 et
915 3296 990 3348 qui
1019 3295 1186 3336 habent
1215 3294 1516 3336 testimonium
1544 3293 1657 3336 Jesu
1690 3295 1833 3348 (deest
1860 3293 2070 3347 Christi).

199 3351 270 3390 18.
302 3349 527 3392 harenam.

203 3405 320 3446 sicut
339 3406 432 3446 ursi
455 3405 599 3458 (deest
615 3407 796 3461 pedes).

203 3462 252 3500 et
268 3461 516 3502 ammirata.
572 3465 616 3504 4.
647 3463 884 3506 draconem
907 3464 1011 3518 quia
1032 3461 1172 3504 dedit·
1232 3465 1272 3504 5-

202 3513 310 3556 data
328 3521 398 3558 cst
415 3514 487 3558 illi
508 3519 728 3572 potestas·

639 3350 778 3393 xm.
838 3356 875 3392 1.
896 3352 1214 3393 ascendentem
1233 3354 1280 3392 et
1300 3349 1550 3393 habentem.
1608 3354 1649 3392 2.
1674 3353 1722 3391 et
1738 3349 1924 3390 Bestiam
1939 3348 2070 3398 3ibid.

853 3411 896 3449 3.
925 3410 974 3450 et
989 3419 1126 3448 unum
1156 3406 1211 3448 de
1240 3406 1466 3504 capitibus
1496 3406 1591 3448 suis
1622 3405 1767 3458 (deest
1794 3404 1934 3458 vicli„
1962 3404 2071 3447 ibid.

1324 3473 1492 3518 oquens
1519 3473 1680 3513 magna
1697 3458 2009 3514 blasphemiae
2028 3465 2075 3503 et

1570 3577 1673 3621 1³2
