2376 3925
465 224 1024 278 APOCALYPSIS
1067 225 1430 279 JOANNIS.
1503 228 1666 278 CAP.
1706 227 1788 277 14.

185 330 369 390 magni
380 326 429 388 ὂς
451 334 504 377 et
519 343 698 377 vocem
710 360 727 389 ,
748 343 895 387 quam
913 329 1100 389 audivi,

187 399 331 444 sicut
359 396 766 445 citharoedorum
795 397 1102 444 citharizan-

185 465 325 511 tium
343 464 397 510 in
418 464 624 510 citharis
645 464 749 509 suis
759 471 794 509 0.

271 533 316 578 3.
336 531 404 577 Et
421 533 688 577 cantabant
699 531 842 588 quasi
856 530 1105 577 canticum

186 612 392 645 novum
409 600 526 644 ante
546 599 713 644 nedem
725 629 741 657 ,
773 600 824 645 et
842 600 959 644 ante
979 610 1104 653 qua-

186 669 320 713 tuor
339 666 590 723 animalia,
603 668 654 712 et
670 666 927 722 seniores;
943 667 993 710 et
1010 678 1104 709 ne·-

186 746 283 779 mo
304 734 504 790 poterat
523 733 689 779 dicere
709 732 957 779 canticum
969 762 984 790 ,
1004 731 1106 776 nisi

185 800 291 846 illa
309 802 509 846 centum
539 799 870 858 quadraginta
888 800 1105 855 quatuor

183 866 376 925 millia,
396 867 482 922 qui
501 867 654 924 empti
671 868 789 912 sunt
807 866 868 913 de
889 870 1041 912 terra.

265 936 315 980 4.
349 934 418 979 Hi
435 936 568 992 sunt,
579 932 665 990 qui
683 947 795 979 cum
811 932 1104 980 mulieribus

184 1014 306 1047 non
350 1003 468 1046 sunt
511 992 888 1057 coinquinati113
942 999 1103 1058 virgi-

183 1072 322 1115 nes⁶
357 1068 494 1114 enim
529 1069 660 1113 suut.
727 1067 792 1114 Hi
828 1070 1104 1124 sequuntur

186 1138 398 1193 Agnum
418 1147 729 1191 quocumque
750 1134 882 1180 ierit.
915 1134 983 1179 Hi
997 1148 1104 1179 em-

183 1201 271 1261 pti
300 1204 420 1247 sunt
445 1214 513 1247 ex
535 1199 822 1248 hominibus
852 1200 1104 1260 primitiae

185 1270 332 1329 Deo,
354 1270 406 1314 et
421 1268 589 1328 Agno,

265 1338 314 1383 5.
353 1336 406 1381 et
423 1335 478 1380 in
498 1347 588 1380 ore
608 1347 782 1382 eorum
801 1334 920 1380 non·
929 1336 1006 1381 est
1021 1334 1104 1380 in-

185 1404 409 1450 ventum
426 1402 764 1459 mendacium3
780 1402 892 1456 sine
910 1401 1104 1448 macula

188 1470 336 1518 enim
355 1471 474 1515 sunt
490 1472 606 1515 ante
625 1469 862 1515 thronum
880 1469 993 1516 Dei.

265 1540 315 1582 6.
351 1535 420 1582 Et
449 1536 552 1582 vidi
579 1536 791 1583 alterum
809 1527 1106 1595 Angelumf

185 1604 458 1651 volantem
483 1616 576 1660 per
599 1604 817 1649 medium
834 1604 991 1662 coeli,
1012 1603 1104 1649 ha-

181 1671 400 1719 bentem
419 1668 796 1727 Evangeliume
826 1672 1103 1727 aeternum,

184 1741 254 1784 ut
283 1733 666 1793 evangelizaret
693 1734 979 1781 sedentibus
1018 1748 1105 1781 su-

185 1816 293 1863 per
309 1804 513 1861 terram,
526 1804 577 1848 et
595 1814 747 1859 super
761 1814 958 1847 omnem
978 1814 1105 1859 gen-

186 1870 383 1928 tem,et
399 1869 600 1928 tribum,
612 1871 663 1916 et
679 1869 921 1928 linguam,
941 1871 992 1914 et
1009 1880 1103 1925 po-

188 1936 392 1998 pulum,

268 2005 317 2050 Ἷ.
354 2003 525 2050 dicens
543 2016 726 2061 magna
748 2015 896 2048 voce:
911 2002 1104 2048 Timete

188 2071 472 2120 Dominum
487 2103 502 2131 ,
539 2073 590 2118 et
608 2070 720 2116 date
739 2070 816 2116 illi
833 2067 1102 2116 honorem!

192 2140 321 2198 quia
349 2139 490 2186 venit
513 2140 643 2186 hora
667 2137 848 2196 judicii
877 2137 1013 2194 ejus;
1055 2139 1107 2182 et

194 2208 413 2254 adorate
432 2221 573 2266 eum,
593 2206 678 2263 qui
698 2205 820 2252 fecit
839 2205 1034 2251 coelum
1054 2206 1106 2250 et

192 2279 406 2332 terram,
425 2286 563 2320 mare
583 2276 636 2320 et
652 2273 821 2318 fontes
851 2285 1104 2328 aquarum.

269 2345 317 2387 8.
363 2341 432 2386 Et
475 2340 603 2387 alius
639 2339 866 2396 Angelus
904 2340 1105 2382 secutus

195 2410 282 2454 est
301 2408 494 2454 dicens:
517 2405 724 2464 Cecidit,
746 2403 927 2452 cecidit
943 2404 1106 2462 Baby—

197 2481 291 2527 lon
311 2478 400 2526 illa
419 2471 648 2537 magnast,
665 2489 792 2535 quae
810 2489 842 2521 a
863 2473 981 2519 vino
999 2471 1107 2516 irae

193 2541 557 2589 fornicationis
578 2553 698 2587 suae
717 2539 913 2597 potavit
932 2551 1107 2584 omnes

197 2613 400 2668 gentes.

270 2679 318 2722 9.
353 2676 421 2722 Et
445 2675 626 2721 tertius
652 2673 878 2732 Angelus
907 2675 1108 2718 secutus

197 2745 282 2790 est
299 2742 418 2788 illos
431 2773 446 2801 ,
469 2741 640 2788 dicens
661 2754 787 2786 voce
816 2751 1022 2797 magna:
1055 2738 1110 2785 Si

199 2808 317 2866 quis
336 2802 651 2854 ador-meriti
668 2807 891 2864 bestiam,
914 2811 964 2852 et
982 2806 1108 2850 ima-

201 2877 377 2935 ginem
405 2875 542 2934 ejus,
581 2876 635 2920 et
659 2874 917 2931 acceperit
931 2873 1112 2918 chara·
1159 2939 1163 2944 ‚

248 2967 268 2994 ὅ
285 2981 318 3005 c.
336 2971 396 3010 19,
413 2970 450 3005 6.
514 2973 532 2992 θ
551 2978 584 3002 c.
601 2967 638 3008 ὅ,
657 2969 696 3002 8.
760 2965 782 2992 ¹¹
800 2978 833 3002 c.
851 2969 895 3008 2,
916 2968 973 3002 12.
1005 2965 1108 3000 Hos.

201 3019 247 3058 5,
264 3018 300 3052 3.
317 3017 354 3056 6,
372 3019 432 3051 10.
481 3019 498 3039 e
514 3016 538 3048 2
559 3012 648 3048 cor.
663 3017 724 3055 11,
740 3015 778 3048 2.
827 3009 852 3043 f
864 3024 904 3049 a.
923 3014 960 3052 8,
982 3016 1040 3048 13.
1083 3016 1111 3046 ε

199 3060 322 3097 Romo
338 3063 399 3103 1⁶,
416 3061 475 3097 2⁵·
499 3063 521 3096 1
539 3058 646 3096 Petr-
664 3062 701 3101 1,
718 3061 780 3096 ω·
797 3060 859 3096 2⁵0
905 3055 927 3083 k
944 3069 977 3095 c·
995 3061 1056 3102 18,
1073 3061 1110 3094 2·

199 3102 218 3133 ἰ
235 3119 273 3143 e·
290 3110 350 3150 13,
368 3109 534 3144 12—17·

1977 227 2076 278 4⁰3
2122 298 2139 309 ρ

1171 332 1360 378 eterem
1377 330 1432 376 in
1450 331 1621 377 fronte
1641 343 1758 391 sua,
1786 334 1873 377 aut
1895 332 1948 376 in
1969 345 2075 377 ma-

1171 412 1243 444 nu
1263 411 1372 457 sua,

1240 466 1321 510 1⁰.
1354 468 1406 512 et
1428 464 1511 512 hic
1542 465 1679 513 bibet
1716 465 1775 513 de
1808 465 1928 511 vino
1967 465 2075 511 irae

1169 532 1287 592 Dei,
1324 533 1458 589 quod
1492 533 1695 579 mistum
1731 534 1809 580 est
1842 544 1983 579 mero
2022 532 2078 579 in

1172 599 1329 646 calice
1356 600 1464 646 irae
1484 600 1668 657 ipsius,
1696 602 1747 646 et
1776 598 2078 646 cruciabitur

1172 667 1292 724 igne
1329 670 1380 712 et
1414 658 1690 725 sulphure*
1715 666 1770 712 in
1804 669 2079 724 conspectu

1171 733 1485 791 Angelorum
1521 736 1835 793 sanctorum,
1873 736 1923 779 et
1958 736 2077 779 ante

1173 803 1497 859 conspectum
1514 801 1675 860 Λευὶς

1241 884 1323 929 11.
1370 888 1423 930 et
1469 877 1661 931 fumusl
1710 885 2079 930 tormentorum

1172 964 1350 997 eorum
1380 952 1617 998 ascendet
1644 952 1699 998 in
1727 951 1928 999 saecula
1961 964 2077 997 sae-

1172 1018 1400 1064 culorum
1410 1024 1464 1065 m·
1524 1020 1630 1066 Nec
1651 1019 1835 1066 habent
1851 1018 2077 1075 requiem

1171 1085 1252 1133 die
1263 1100 1321 1133 ae
1340 1088 1509 1145 nocte,
1523 1086 1610 1143 qui
1626 1086 1968 1133 adoraverunt
1986 1088 2077 1133 be-

1170 1154 1335 1212 stiam,
1375 1156 1427 1199 et
1463 1153 1733 1212 imaginem
1768 1154 1908 1212 ejus,
1946 1156 1999 1199 et
2032 1154 2079 1200 si

1171 1221 1282 1278 quis
1311 1221 1567 1279 acceperit
1598 1221 1940 1268 characterem
1976 1234 2075 1267 no-

1169 1288 1320 1334 minis
1340 1288 1387 1345 ej
1394 1301 1467 1333 u.

1239 1356 1319 1401 12.
1363 1356 1459 1403 Hic
1506 1354 1751 1413 patientia
1785 1358 2077 1401 sanctorum

1171 1424 1249 1469 est
1259 1454 1273 1477 ,
1301 1422 1387 1479 qui
1402 1422 1693 1469 custodiunt
1710 1422 1944 1471 mandata
1958 1422 2076 1480 Dei,

1171 1492 1223 1537 et
1241 1489 1387 1536 fldem
1406 1491 1438 1535 J
1439 1503 1545 1536 esu.

1238 1571 1319 1617 13.
1352 1570 1422 1617 Et
1439 1570 1612 1617 audivi
1631 1584 1808 1618 vocem
1827 1568 2076 1627 decedo,

1172 1637 1420 1684 dicentem
1472 1638 1620 1684 mihi:
1676 1638 1887 1685 Scribe:
1933 1636 2079 1683 Beati

1169 1703 1387 1763 mortui,
1419 1704 1506 1760 qui
1530 1704 1584 1749 in
1602 1704 1824 1750 Domino
1843 1703 2076 1749 moriun-

1170 1768 1276 1815 tur!
1296 1769 1491 1815 Amodo
1506 1770 1612 1827 jam
1630 1771 1753 1817 dicit
1770 1770 2004 1827 spiritua,
2022 1769 2079 1815 ut

1170 1835 1492 1893 requiescant
1541 1849 1572 1882 a
1622 1836 1881 1884 laboribus
1939 1835 2075 1893 suin

1173 1915 1329 1959 opera
1340 1902 1474 1949 enim
1492 1902 1697 1949 illorum
1715 1904 1991 1961 sequuntur
2008 1901 2076 1948 il-

1170 1971 1268 2016 los,

1239 2038 1319 2083 14.
1354 2037 1422 2083 Et
1463 2038 1567 2084 vidi
1610 2040 1661 2084 et
1705 2036 1844 2085 ecce!
1891 2041 2079 2084 nubem.

1168 2105 1459 2163 candidium
1498 2108 1551 2152 et
1586 2117 1738 2168 nuper
1774 2107 1958 2152 nubem
1991 2117 2075 2151 se-

1171 2172 1372 2220 dentem
1399 2173 1612 2219 similem
1636 2172 1772 2219 Filio
1804 2172 2023 2218 hominis
2031 2178 2077 2230 0,

1169 2241 1437 2287 habentem
1455 2240 1510 2286 in
1538 2240 1702 2297 capite
1720 2253 1813 2286 suo
1836 2253 2079 2286 coronam

1163 2320 1395 2366 sauream,
1433 2310 1485 2354 et
1511 2308 1567 2354 in
1593 2321 1747 2354 manu
1775 2319 1866 2353 aua
1894 2306 2079 2353 falcem

1173 2379 1383 2420 acutam.

1242 2449 1321 2492 15.
1356 2447 1424 2491 Et
1441 2446 1571 2492 alius
1590 2444 1815 2503 Angelus
1834 2443 1996 2490 exivit
2014 2442 2076 2489 de

1171 2514 1362 2570 templo
1372 2518 1412 2570 ⁰,
1432 2512 1655 2558 clamans
1672 2524 1801 2557 voce
1818 2522 1999 2567 magna
2013 2509 2078 2554 ad

1175 2580 1431 2626 sedentem
1476 2592 1629 2637 super
1671 2579 1875 2624 nubem:
1930 2577 2076 2622 Mitte

1174 2646 1351 2692 falcem
1364 2651 1395 2687 P
1430 2648 1564 2692 tuam
1576 2677 1591 2704 ,
1642 2648 1694 2692 et
1729 2642 1914 2690 meteq!
1961 2643 2079 2699 quia

1175 2714 1316 2760 venit
1334 2713 1485 2772 hora,
1504 2716 1562 2759 ut
1577 2713 1791 2759 metatur
1806 2742 1821 2770 ,
1841 2710 2079 2769 quoniam

1176 2781 1311 2826 aruit
1326 2781 1505 2826 messis
1524 2783 1709 2826 terrae.

1246 2849 1324 2893 16.
1343 2847 1411 2893 Et
1426 2847 1580 2906 misit,
1601 2847 1691 2903 qui
1704 2845 1908 2892 sedebat
1926 2858 2079 2904 super

1223 2963 1243 2991 k
1263 2976 1295 3001 c.
1314 2968 1374 3006 19,
1391 2968 1453 3000 20.
1472 2967 1535 3005 20,
1556 2967 1618 3000 14.
1636 2967 1696 3006 21,
1714 2967 1751 3002 8.
1798 2963 1814 2990 ²
1832 2975 1864 3000 c.
1883 2967 1944 3006 19,
1961 2967 1998 3001 3.
2046 2969 2079 2988 '¹’

1178 3023 1213 3046 c.
1232 3015 1293 3054 20,
1311 3016 1370 3048 10.
1419 3017 1441 3036 ‘¹
1456 3009 1564 3046 Dan.
1582 3015 1628 3052 3,
1644 3015 1709 3047 25.
1732 3015 1803 3053 lo,
1818 3013 1879 3048 18.
1927 3017 1944 3036 ⁰
1960 3021 1999 3044 c.
2018 3012 2078 3051 lb

1177 3061 1236 3093 19.
1301 3065 1323 3090 ι’
1346 3057 1471 3092 Marc.
1496 3063 1545 3098 4,
1566 3060 1625 3095 29.
1690 3065 1706 3091 9
1726 3069 1763 3094 v.
1790 3061 1851 3095 13.
1887 3068 1921 3092 c.
1946 3059 1992 3099 6,
2019 3058 2078 3092 u.

1177 3102 1323 3140 Matth.
1341 3107 1401 3146 13,
1420 3107 1478 3141 30.
1497 3108 1561 3142 48.

321 3268 434 3324 Cap.
461 3267 596 3312 x1v.
653 3272 696 3311 4.
726 3267 772 3310 hi
805 3269 882 3323 qui
919 3273 1130 3312 secuntur
1165 3281 1326 3321 agnum
1358 3282 1636 3325 quocumque
1666 3268 1854 3318 abierit3
1891 3263 2001 3308 ibid.
2032 3263 2078 3307 m

207 3326 316 3367 emti
338 3328 457 3366 suut.
514 3329 554 3367 5.
584 3329 687 3368 nunt
704 3325 836 3367 enim.
896 3327 937 3367 6.
968 3339 1050 3380 per
1067 3325 1260 3368 medium
1280 3325 1467 3368 caelum.
1524 3328 1566 3366 ’1.
1590 3325 1811 3368 dicentem
1829 3332 2079 3372 magnave-

207 3391 262 3423 ω
279 3381 435 3423 timete
462 3378 634 3429 Deum
661 3379 770 3424 ibid.
799 3388 965 3423 terram
990 3385 1039 3424 et
1063 3393 1200 3424 mare.
1255 3386 1295 3424 8.
1325 3381 1580 3436 potionavit
1598 3380 1703 3435 (sic)
1734 3391 1886 3421 omnes
1904 3379 2078 3430 gentes.

207 3437 251 3478 9.
297 3439 346 3477 et
382 3433 569 3487 angelun
598 3438 782 3480 tertium
861 3440 927 3479 10.
977 3436 1052 3491 qui
1078 3438 1249 3480 mixtus
1277 3441 1362 3480 est.
1423 3442 1489 3480 11.
1519 3437 1568 3479 in
1596 3432 1775 3478 saecula
1803 3430 2081 3476 saeculorum

209 3491 438 3541 ascendit3
458 3489 566 3533 ibid.
587 3497 876 3536 caracterem.
932 3496 1003 3538 1³.
1035 3493 1253 3538 dicentem
1272 3494 1423 3538 scribe·
1447 3489 1736 3551 (deest-mihi)
1750 3505 1765 3536 z
1790 3488 1901 3533 ibid.
1923 3501 2080 3532 seeun-

207 3550 298 3590 tur.
357 3551 424 3592 15.
454 3551 504 3590 et
521 3543 639 3590 altor
656 3546 858 3604 angelus.
