2376 3925
321 163 419 212 2⁰2
587 156 853 210 ACTUS
906 145 1554 204 APOSTOLORUM.
1613 143 1779 194 CAP.
1817 143 1974 193 9.19.

326 219 2199 249 --—.-----—————--———-——-——

392 267 470 310 37.
505 265 713 308 Factum
743 263 820 306 est
847 261 1013 303 autem
1030 256 1083 300 in
1114 255 1222 298 die-

1357 252 1403 294 2.
1437 247 1710 305 religiosus
1720 253 1757 306 r,
1771 259 1827 292 ac
1835 247 2026 292 timens
2035 247 2198 292 Deum

323 335 415 379 bus
435 331 561 389 illis,
588 332 643 375 ut
662 328 907 372 infirmata
923 324 1222 368 moreretur.
1293 331 1401 362 cum
1413 315 1550 374 omni
1562 315 1710 358 domo
1731 327 1836 371 sua,
1849 314 2047 358 faciens
2061 313 2196 359 elee-

328 401 487 453 Quam
516 410 625 442 cum
646 395 915 452 lavissent,
945 391 1224 450 posuerunt

328 481 438 513 eam
456 466 509 510 in
530 461 822 511 coenaculo.

392 535 470 577 38.
518 533 641 576 Cum
686 532 852 574 autem
897 538 1055 583 prope
1090 523 1226 567 esset

324 599 497 659 Lydda
525 597 585 643 ad
612 599 836 654 Joppen,
876 589 1107 647 discipuli
1132 603 1224 634 au-

328 668 549 723 dientes,
577 665 693 720 quia
711 665 889 708 Petrus
920 661 1053 704 esset
1071 657 1125 701 in
1146 669 1223 712 ea,

324 734 569 780 miserunt
592 732 715 776 duos
737 729 873 774 viros
894 726 955 771 ad
976 738 1113 782 eum,
1134 735 1224 768 ro-

328 803 531 860 gantes:
594 799 669 842 Ne
730 793 987 854 pigriteris
1048 790 1226 836 venire

326 881 483 925 usque
504 866 563 910 ad
583 877 693 909 nos.

396 938 475 980 39.
510 933 807 987 Exsurgens
842 929 1010 972 autem
1047 926 1228 970 Petrus

328 1002 468 1048 venit
487 1013 597 1045 cum
615 997 731 1042 illis.
776 995 843 1040 Et
862 1009 973 1040 cum
990 991 1228 1038 advenis-

328 1073 430 1126 set,
462 1067 714 1111 duxerunt
743 1063 885 1108 illum
903 1062 957 1107 in
976 1072 1228 1106 coenacu-

328 1136 457 1190 lum,
512 1135 563 1178 et
608 1130 1045 1177 circumsteterunt
1088 1124 1230 1170 illum

330 1214 504 1248 omnes
532 1199 711 1244 viduae
740 1199 945 1254 flentes,
974 1197 1024 1240 et
1054 1196 1230 1238 osten-

330 1270 505 1315 dentes
526 1268 574 1313 ei
592 1266 787 1312 tunicas
816 1265 867 1310 et
890 1264 1079 1320 vestes,
1110 1271 1232 1317 quas

332 1337 549 1383 faciebat
567 1333 667 1378 illis
687 1333 899 1378 Dorcas.

397 1405 478 1448 40.
514 1401 703 1457 Ejectis
725 1402 890 1444 autem
903 1395 1130 1442 omnibus
1150 1394 1232 1438 fo-

329 1483 431 1528 ras,
445 1470 623 1513 Petrus
637 1478 834 1523 ponens
856 1475 1021 1520 genua
1039 1459 1232 1515 oravit;

332 1539 383 1582 et
418 1547 693 1582 conversus
732 1531 794 1576 ad
830 1542 1040 1586 corpus,
1080 1527 1232 1571 dixit:

334 1601 571 1658 Tabitha,
602 1595 807 1656 surg-eq!
838 1599 902 1642 At
928 1596 1018 1641 iila
1038 1593 1236 1650 aperuit

335 1670 511 1716 oculos
540 1681 687 1723 suos;
719 1669 768 1710 et
802 1665 908 1710 viso
939 1665 1119 1720 Petro,
1148 1674 1234 1706 re-

332 1738 476 1784 sedit.

398 1807 479 1851 41.
514 1804 653 1848 Dans
698 1802 863 1846 autem
904 1798 983 1844 illi
1018 1809 1236 1854 manum,

337 1873 503 1918 erexit
544 1884 668 1916 eam.
750 1869 819 1913 Et
855 1881 965 1913 cum
1007 1865 1240 1910 vocasset

336 1941 548 1985 Sanctos
564 1940 614 1983 et
628 1936 817 1995 viduas,
829 1933 1108 1992 assignavit
1128 1944 1238 1977 eam

340 2008 519 2051 vivam.

401 2074 482 2116 42.
517 2071 705 2114 Notum
741 2070 905 2112 autem
943 2067 1130 2111 factum
1163 2066 1241 2108 est

337 2150 427 2195 per
446 2137 733 2181 universam
752 2135 981 2189 Joppen3
1004 2133 1055 2176 et
1072 2129 1240 2176 credi-

336 2204 517 2249 derunt
533 2200 678 2245 multi
696 2200 751 2244 in
769 2199 1005 2243 Domino.

400 2269 482 2313 43.
516 2268 724 2312 Factum
736 2256 822 2311 ‘est
840 2266 1003 2310 autem
1017 2296 1030 2323 ,
1058 2266 1115 2310 ut
1134 2263 1240 2309 dies

334 2335 518 2381 multos
537 2334 822 2379 moraretur
842 2333 895 2377 in
914 2334 1097 2390 Ioppe,
1110 2332 1239 2389 apud

338 2404 595 2451 Simonem
614 2400 873 2459 quemdam
893 2400 1178 2446 coriarium.

637 2521 805 2572 CAP.
868 2521 936 2571 X.

340 2606 577 2650 Cornelius
598 2604 797 2647 centurio
817 2602 1003 2644 Petrum
1022 2602 1153 2643 accit.
1184 2600 1241 2642 In

339 2677 491 2705 omnes
526 2662 655 2703 Petri
700 2661 839 2701 verba
883 2658 1120 2699 audientes
1162 2658 1240 2699 do-

486 2718 663 2759 scendit
683 2715 881 2771 Spiritus
901 2718 1097 2755 sanctus.

407 2811 455 2854 1.
491 2810 582 2855 Vir
618 2813 784 2856 autem
821 2806 1019 2864 quidam
1046 2807 1157 2850 erat
1186 2804 1242 2851 in

340 2878 607 2934 Caesarea,
677 2876 883 2921 nomine
953 2872 1239 2930 Cornelius,

342 2942 583 2988 Centurio
614 2943 864 3001 cohortis,
904 2954 1031 2998 quae
1062 2940 1242 2987 dicitur

340 3008 532 3066 Italica,

389 3096 406 3123 ⁴1
424 3088 549 3123 Marc.
568 3090 603 3129 5,
622 3088 684 3121 41.

1291 395 1526 441 mosynas
1546 381 1727 427 multas
1747 381 1907 440 plebi,
1941 384 1994 427 et
2015 381 2194 438 depre-

1291 462 1410 497 cans
1428 449 1589 494 Deum
1609 460 1822 505 semper.

1359 518 1405 561 3.
1441 518 1490 560 ls
1521 514 1646 560 vidit
1679 515 1732 560 in
1770 515 1883 560 visu
1908 514 2195 571 manifeste,

1293 583 1434 641 quasi
1459 583 1587 628 hora
1615 581 1716 627 diei
1744 594 1911 640 nona,
1948 581 2196 638 Angelum

1290 652 1388 696 Dei
1407 651 1748 695 introeuntem
1769 648 1831 693 ad
1850 661 1931 705 se,
1953 651 2007 694 et
2025 649 2195 693 dicen-

1291 721 1391 764 tem
1412 716 1531 762 sibi:
1555 714 1786 761 Corneli!

1359 787 1408 829 4.
1442 785 1509 828 At
1527 782 1614 828 ille
1634 783 1835 828 intuens
1859 795 1992 840 eum,
2019 781 2195 826 timore

1293 855 1584 908 correptus,
1616 849 1766 895 dixit:
1807 848 1941 900 Quid
1961 853 2065 907 est,
2094 849 2195 892 Do-

1293 919 1460 964 mine?
1492 917 1637 962 Dixit
1661 920 1826 962 autem
1859 915 1960 961 illi:
1995 915 2196 960 Oratio·

1296 999 1387 1032 nes
1433 988 1548 1030 tuae
1594 985 1645 1030 et
1694 983 2048 1040 eleemosynae
2087 985 2198 1026 tuae

1296 1053 1633 1099 ascenderunt
1642 1051 1698 1096 in
1709 1049 1996 1095 memoriam
2005 1049 2064 1094 in
2077 1063 2198 1094 con—

1299 1122 1473 1178 spectu
1492 1118 1628 1163 Dei-⁹.

1365 1189 1413 1231 5.
1448 1186 1516 1230 Et
1533 1199 1668 1230 nunc
1685 1184 1826 1229 mitte
1844 1182 1980 1228 viros
2000 1181 2054 1226 in
2067 1182 2200 1238 1ορ-

1299 1267 1424 1312 pen,
1447 1256 1498 1298 et
1522 1253 1715 1297 accersi
1745 1251 1999 1297 Simonem
2025 1262 2200 1305 quem-

1303 1321 1429 1379 dam,
1452 1319 1535 1376 qui
1557 1319 1942 1376 cognominatur
1960 1317 2168 1372 Petrus;

1368 1390 1415 1432 6.
1447 1387 1530 1432 hic
1555 1385 1837 1443 hospitatur
1870 1383 2005 1441 apud
2037 1383 2201 1430 Simo-

1299 1467 1415 1500 nem
1435 1453 1696 1509 quemdam
1715 1449 2016 1498 coriariumt
2028 1481 2042 1509 ,
2065 1451 2202 1506 euJ'us

1303 1524 1382 1567 est
1399 1521 1574 1566 domus
1589 1521 1738 1576 juxta
1763 1531 1930 1574 mare3
1959 1517 2046 1564 hic
2078 1518 2204 1563 dicet

1301 1589 1408 1647 tibi,
1430 1587 1547 1644 quid
1565 1591 1614 1633 te
1637 1587 1870 1642 oporteat
1887 1586 2076 1631 facere.

1371 1666 1417 1708 7.
1437 1663 1505 1708 Et
1517 1677 1627 1708 cum
1640 1661 1956 1708 discessisset
1963 1660 2202 1718 Angelus,

1305 1731 1390 1788 qui
1407 1730 1704 1786 loquebatur
1733 1729 1836 1788 illi,
1857 1727 2067 1773 vocavit
2087 1727 2203 1771 duos

1306 1798 1607 1844 domesticos
1631 1809 1749 1843 suos
1763 1827 1777 1855 ,
1806 1798 1857 1841 et
1875 1794 2089 1840 militem
2105 1808 2204 1838 me·

1305 1867 1528 1912 tuentem
1554 1865 1850 1921 Dominum,
1891 1875 1958 1908 ex
1985 1862 2092 1920 his,
2129 1861 2207 1917 qui

1305 1933 1383 1979 illi
1400 1933 1657 1990 parebant.

1374 2000 1614 2051 &Quibus
1631 2012 1740 2045 cum
1752 2000 2016 2043 narrasset
2026 1997 2205 2053 omnia,

1306 2067 1444 2112 misit
1463 2067 1581 2111 illos
1602 2067 1655 2111 in
1673 2068 1891 2123 Joppen.

1377 2136 1422 2177 9.
1458 2134 1670 2179 Postera
1695 2136 1863 2178 autem
1893 2131 1974 2176 die
1993 2131 2095 2177 iter
2114 2130 2209 2175 illis

1308 2200 1634 2258 facientibus,
1673 2202 1724 2245 et
1759 2197 2208 2257 appropinquanti-

1308 2270 1398 2313 bus
1435 2268 1641 2325 civitati,
1681 2266 1908 2313 ascendit
1943 2266 2126 2311 Petrus
2161 2265 2208 2309 in

1309 2335 1591 2393 superiora,
1613 2337 1668 2380 ut
1687 2336 1858 2380 oraret
1881 2333 2022 2380 eirca
2039 2333 2210 2378 horam

1309 2405 1530 2458 sextam3

1377 2471 1457 2513 10.
1491 2472 1541 2515 et
1560 2483 1672 2514 cum
1691 2468 1924 2524 esuriret,
1939 2466 2106 2511 voluIt
2124 2478 2209 2521 gu-

1309 2538 1458 2581 stare.
1537 2532 1834 2581 Par-antibus
1881 2536 2052 2579 autem
2097 2532 2210 2586 illis,

1311 2603 1492 2649 cecidit
1518 2616 1669 2661 super
1700 2616 1812 2648 eum
1829 2601 2016 2646 mentis
2037 2611 2209 2645 exces-

1311 2684 1413 2728 sus,

1377 2738 1457 2781 11.
1494 2739 1546 2782 et
1582 2736 1706 2782 vidit
1741 2734 1941 2781 coelum
1969 2736 2209 2791 apertum,

1311 2806 1362 2849 et
1381 2803 1688 2849 descendens
1711 2816 1797 2847 vas
1818 2800 2086 2859 quoddam,
2107 2798 2211 2845 vel-

1309 2874 1365 2916 ut
1415 2870 1624 2916 linteum
1683 2882 1917 2926 magnum
1931 2898 1946 2926 ‚
2003 2870 2212 2925 quatuor

1311 2938 1468 2983 initiis
1501 2937 1722 2983 submitti
1751 2936 1811 2981 de
1843 2936 1990 2981 coelo
2021 2937 2076 2981 in
2109 2936 2212 2979 ter-

1310 3018 1436 3064 ram,

1357 3092 1376 3109 r
1392 3096 1431 3121 v.
1449 3087 1508 3121 22.
1555 3089 1570 3107 ι
1589 3080 1735 3119 Matth.
1755 3083 1792 3118 8.
1810 3082 1846 3119 ⁵.
1865 3085 1925 3117 10.
1975 3082 1996 3105 t
2016 3090 2049 3117 c.
2067 3084 2105 3122 9,
2123 3082 2182 3116 43.

458 3197 570 3251 Cap.
601 3193 688 3236 IX.
746 3199 815 3235 38.
847 3196 903 3234 ab
923 3195 1099 3248 Joppe3
1120 3193 1228 3237 ibid-
1256 3196 1407 3237 venire
1436 3194 1493 3236 ad
1523 3206 1618 3234 nos.
1678 3194 1747 3235 39.
1779 3191 2076 3233 ostendentes
2103 3189 2214 3232 tuni-

344 3266 421 3296 cas
444 3254 588 3307 (deest
632 3252 712 3305 ei).
768 3254 837 3291 43.
868 3250 1100 3301 quemdam
1122 3250 1362 3291 Simonem.

1488 3248 1600 3303 Gap.
1630 3246 1694 3288 X.
1753 3251 1794 3289 3.
1827 3246 1967 3289 Deest
2017 3248 2083 3295 is3
2113 3244 2215 3286 ibid.

343 3322 461 3351 nona
484 3309 587 3350 diei.
645 3310 688 3347 4.
720 3306 795 3357 qui
823 3318 871 3345 es
900 3305 1091 3345 Domine
1122 3306 1224 3358 (sed
1239 3304 1338 3346 alia
1355 3304 1546 3361 antiqua
1563 3318 1704 3346 mann
1725 3304 1752 3345 d
1773 3316 1914 3357 supra
1933 3303 2024 3354 qui,
2048 3308 2068 3345 t
2085 3313 2218 3363 supro

344 3378 394 3405 es
412 3363 633 3419 scriptum
651 3362 759 3412 est).

340 3426 474 3471 ptum
501 3420 603 3469 est)-

351 3476 414 3511 10.
448 3478 592 3513 autem
614 3472 693 3513 eis-

818 3363 859 3400 5.
891 3364 937 3399 et
956 3360 1123 3399 arcessi
1146 3361 1247 3411 (sed
1263 3374 1286 3401 e
1303 3372 1444 3413 supra
1461 3374 1498 3407 r,
1520 3364 1566 3402 et
1585 3374 1609 3401 1·
1625 3372 1764 3413 supra
1783 3373 1805 3399 s
1825 3357 1924 3400 alia
1949 3370 2100 3399 mmm
2113 3370 2216 3398 sert-

694 3417 735 3456 6.
776 3413 952 3455 Desunt
966 3411 1071 3454 inde
1090 3414 1148 3455 ab
1202 3416 1289 3456 Hic
1319 3415 1440 3456 dicet
1465 3416 1553 3456 tibi
1586 3428 1717 3470 mque
1756 3417 1820 3455 ad
1852 3413 2010 3455 facere
2049 3411 2215 3455 omnia-
