2376 3925
290 202 390 252 124

289 305 431 351 mitte
442 306 705 363 Lazarum,
716 308 773 349 ut
791 303 1015 360 intingat
1029 304 1204 348 extre-

290 386 426 418 mum
454 371 598 430 digiti
627 371 707 417 sui
734 371 786 416 in
807 384 1016 429 aquam,
1044 371 1101 414 ut
1117 383 1204 414 re-

291 440 509 497 frigeret
524 439 749 497 linguam
766 451 945 496 meam,
958 436 1075 494 quia
1088 449 1204 482 cru-

296 506 405 551 cior
424 507 477 551 in
495 507 589 552 hac
608 507 819 551 flamma.

362 575 442 618 25.
478 573 547 619 Et
574 572 703 620 dixit
722 572 799 618 illi
816 572 1093 619 Abraham:
1114 571 1204 615 Fi-

294 639 356 686 li!
376 641 667 700 recordare,
681 641 797 698 quia
816 638 1054 696 recepisti
1072 640 1208 684 bona

295 709 350 753 in
373 707 474 754 vita
499 711 604 767 tua,
644 709 695 754 et
720 709 943 752 Lazarus
973 705 1206 751 similiter

293 774 455 833 mala;
483 789 621 822 nunc
651 778 817 820 autem
848 769 931 820 hic
964 773 1206 819 consola-

294 847 395 901 tur,
416 847 471 888 tu
492 855 616 888 vero
638 841 898 887 cruciaris.

362 911 441 954 26.
478 910 547 955 Et
582 910 637 954 in
673 909 751 954 his
791 908 1039 967 omnibus,
1070 908 1206 954 inter

298 991 395 1023 nos
416 979 466 1022 et
485 989 577 1022 vos
600 976 753 1022 chaos
779 989 1017 1032 magnum
1035 977 1205 1021 firma-

298 1049 404 1089 tum
433 1046 535 1101 est3
573 1047 630 1089 ut
656 1043 735 1102 hi,
775 1044 861 1100 qui
880 1043 1060 1088 volunt
1086 1043 1204 1088 hine

296 1111 515 1156 transire
534 1111 597 1156 ad
616 1123 727 1170 vos,
747 1124 855 1157 non
873 1111 1089 1171 possint,
1110 1124 1204 1157 ne-

299 1192 397 1234 que
416 1177 534 1224 inde
552 1178 649 1225 huc
666 1181 997 1224 transmeare.

365 1247 445 1291 27.
479 1245 547 1292 Et
565 1246 660 1292 ait:
687 1247 833 1304 Rogo
865 1259 990 1303 ergo
1012 1248 1091 1305 te,
1112 1258 1204 1303 pa-

296 1313 397 1359 ter!
418 1314 475 1359 ut
490 1313 659 1360 mittas
680 1327 795 1361 eum
819 1314 875 1360 in
894 1314 1094 1360 domum
1112 1325 1204 1370 pa-

292 1382 385 1426 tris
405 1381 533 1439 mei3

363 1449 440 1492 28.
476 1447 638 1494 habeo
666 1448 802 1493 enim
836 1447 1055 1504 quinque
1092 1449 1200 1492 fra-

292 1519 425 1570 tres3
462 1508 527 1558 ut*
544 1516 757 1560 testetur
783 1513 909 1574 illis,
938 1527 1005 1559 ne
1026 1515 1077 1559 et
1105 1514 1203 1570 ipsi

301 1580 506 1626 veniant
530 1579 585 1626 in
614 1581 747 1626 hunc
779 1580 947 1627 locum
973 1583 1202 1626 tormen-

292 1653 477 1694 torum.

362 1719 440 1762 29.
475 1716 545 1762 Et
571 1715 642 1761 ait
667 1715 747 1762 illi
780 1715 1055 1763 Abraham:
1092 1716 1200 1761 Ha-

294 1787 415 1830 bent
442 1786 659 1844 Moysen
686 1784 737 1830 et
772 1781 1067 1843 prophetas!
1107 1798 1201 1831 au-
1226 1839 1232 1844 ¹

294 1852 433 1898 diant
452 1851 593 1898 illos!

362 1921 442 1966 30.
478 1922 543 1966 At
571 1919 657 1967 ifle
688 1921 841 1969 dixit:
875 1921 991 1967 Non
1006 1951 1021 1980 ,
1058 1921 1202 1977 pater

297 1988 568 2033 Abraham!
600 1988 690 2033 sed
708 1990 752 2034 si
772 1988 882 2046 quis
904 2002 970 2033 ex
988 1988 1201 2032 mortuis

295 2054 412 2099 ierit
430 2054 493 2099 ad
511 2066 601 2100 eos
614 2084 628 2112 ,
648 2055 1013 2110 poenitentiam
1032 2060 1200 2110 agent.

364 2121 443 2164 31.
478 2118 563 2163 Ait
582 2122 747 2165 autem
769 2120 869 2165 illi:
902 2120 956 2165 Si
982 2121 1200 2177 Moysen

296 2188 345 2229 et
364 2185 635 2242 prophetas
654 2198 760 2231 non
780 2185 1013 2242 audiunt3
1035 2199 1200 2242 neque

296 2252 339 2297 si
359 2252 468 2308 quis
500 2264 567 2298 ex
594 2252 805 2299 mortuis
838 2254 1200 2313 resurrexerit,

296 2318 515 2365 credent.

550 2440 590 2491 C
601 2442 645 2491 A
654 2439 715 2490 P.
772 2440 940 2493 XVII.

298 2543 435 2589 Quam
464 2541 523 2583 sit
547 2554 679 2593 grave
709 2539 988 2583 scandalum.
1046 2540 1199 2589 Fratri

298 2599 353 2638 ad
376 2598 698 2651 poenitentiam
715 2610 845 2639 verso
866 2597 1200 2647 ignoscendum.

297 2654 367 2693 De
402 2654 505 2695 fidei
540 2654 763 2695 efficacia.
822 2653 989 2694 Decem
1028 2649 1198 2705 leprosi

298 2708 575 2751 mundantur.
643 2710 713 2751 De
736 2707 901 2750 Christi
931 2708 1126 2749 adventu
1146 2706 1200 2747 il—

518 2763 651 2809 lustri
672 2773 719 2808 et
736 2766 985 2820 inopinato.

367 2856 411 2897 1.
447 2854 514 2900 Et
544 2858 616 2904 ait
643 2860 703 2905 ad
744 2857 1015 2917 discipulos
1054 2868 1198 2903 suos:

297 2922 663 2977 Impossibilew
684 2929 775 2985 est,
798 2930 851 2973 ut
868 2940 974 2972 non
994 2924 1203 2971 veniant

300 2988 537 3033 scandala
550 3004 563 3045 ;
578 3003 670 3036 vae
682 2996 843 3039 autem
854 2995 1043 3053 illi,per
1054 3005 1202 3050 quem

303 3054 533 3102 veniunt!

368 3126 414 3169 2.
450 3122 629 3169 Utilius
650 3125 727 3169 est
746 3124 849 3185 illi,
879 3129 919 3173 si
940 3128 1068 3185 Iapis
1085 3138 1198 3173 mo-

344 3228 376 3246 w
394 3218 539 3256 Llatth.
559 3222 618 3261 18,
636 3222 670 3256 5·
694 3232 775 3267 ⁸qq·

842 198 1133 251 LUGAS.
1209 198 1379 248 CAP.
1419 197 1503 248 16.
1535 200 1618 249 17.

1272 301 1395 346 laris
1407 301 1697 359 imponatur
1709 303 1842 348 circa
1853 303 2043 348 collum
2053 305 2188 364 ejus,

1274 371 1326 414 et
1343 369 1645 425 projiciatur
1675 369 1729 414 in
1757 383 1922 429 mare,
1960 384 2115 426 quam
2135 378 2192 416 ut

1273 435 1580 481 scandalicet
1597 449 1754 481 unum
1767 436 1826 483 de
1837 437 2035 494 pusillis
2056 439 2188 484 istis.

1339 503 1386 546 3.
1421 503 1676 551 Attendite
1701 504 1864 550 vobis!
1888 505 1982 550 Six
2001 520 2190 563 pecca-

1272 569 1404 615 verit
1423 569 1477 615 in
1495 573 1545 616 te
1565 572 1723 616 trater
1742 573 1878 630 tuus,
1891 573 2101 630 increpa
2120 573 2190 618 il-

1271 636 1400 682 lum:
1441 641 1494 682 et
1529 637 1574 682 si
1603 639 1972 696 poenitentiam
2001 641 2188 698 egerit,

1273 704 1463 750 dimitte
1483 704 1574 751 illi.

1337 773 1386 817 4.
1422 772 1491 817 Et
1509 773 1596 817 sir
1615 773 1802 831 septies
1823 773 1877 818 in
1899 775 1979 820 die
2000 788 2185 832 pecca-

1275 839 1408 884 verit
1425 840 1479 884 in
1499 841 1548 885 te
1561 871 1576 898 ,
1605 843 1655 885 et
1674 841 1862 898 septies
1882 841 1936 886 in
1957 842 2038 888 die
2057 856 2184 889 con-

1274 919 1450 952 versus
1471 907 1627 953 fuerit
1645 908 1708 953 ad
1727 911 1794 966 te,
1817 909 2016 955 dicens:
2047 911 2183 957 Poe-

1272 974 1402 1020 nitet
1419 989 1526 1031 me;
1549 975 1740 1020 dimitte
1759 974 1859 1020 illi!

1341 1044 1386 1087 5.
1423 1041 1490 1087 Et
1510 1042 1747 1088 dixerunt
1756 1043 1992 1100 Apostoli
2001 1043 2185 1092 Domi-

1272 1122 1372 1154 no:
1395 1109 1602 1168 Adauge
1621 1111 1770 1156 nobis
1791 1110 1959 1157 fidem!

1341 1180 1387 1222 6.
1421 1177 1567 1223 Dixit
1603 1180 1769 1223 autem
1800 1179 2074 1224 Dominus:
2127 1181 2186 1226 si

1271 1243 1580 1291 habueritisz
1611 1245 1782 1303 fidem,
1814 1245 1944 1291 sicut
1970 1259 2185 1304 granum

1271 1311 1480 1370 sinapis,
1493 1313 1670 1358 dicetis
1683 1313 1799 1358 huic
1819 1315 1992 1359 arbori
2009 1327 2181 1361 moro:

1270 1379 1571 1438 Eradicare,
1620 1383 1671 1426 et
1717 1381 2089 1437 transplantare
2128 1383 2184 1427 in

1270 1445 1432 1502 mare!
1455 1449 1506 1492 et
1525 1447 1726 1494 obediet
1747 1448 1900 1493 vobis.

1338 1515 1385 1559 7.
1424 1514 1548 1567 Quis
1569 1517 1737 1561 autem
1749 1517 1965 1560 vestrum
1985 1516 2182 1562 habens

1271 1594 1474 1627 servum
1503 1585 1731 1628 arantem
1758 1585 1844 1628 aut
1865 1587 2181 1643 pascentem,

1271 1647 1355 1705 qui
1381 1661 1621 1706 regresso
1654 1649 1714 1695 de
1748 1663 1871 1708 agro
1901 1649 2036 1696 dicat
2076 1651 2179 1697 illi:

1271 1715 1450 1762 Statim
1467 1717 1646 1776 transi,
1665 1715 1922 1763 recumbe!

1337 1786 1384 1828 8.
1421 1783 1488 1828 Et
1505 1797 1613 1829 non
1635 1785 1768 1830 dicat
1787 1785 1860 1830 ei:
1881 1785 2031 1845 Para,
2047 1789 2179 1844 quod

1272 1864 1508 1910 coenem,
1540 1854 1592 1898 et
1608 1853 1882 1910 praecinge
1902 1856 1954 1899 te
1967 1884 1980 1911 ,
2013 1858 2066 1899 et
2083 1855 2178 1900 mi-

1270 1920 1430 1966 nistra
1449 1919 1597 1979 mihi,
1632 1920 1794 1967 donec
1813 1920 2108 1969 manducem
2129 1928 2181 1969 et

1270 1988 1432 2033 bibam
1445 2018 1460 2045 ,
1483 1989 1534 2033 et
1551 1989 1667 2045 post
1685 1989 1810 2035 haec
1828 1991 1885 2035 tu
1903 1990 2176 2036 manduca-

1269 2054 1344 2100 bis
1366 2058 1416 2100 et
1437 2055 1606 2101 bibes?

1337 2124 1383 2167 9.
1403 2122 1655 2179 Numquid
1667 2124 1883 2181 gratiam
1902 2125 2177 2171 habetser-

1273 2202 1334 2233 vo
1357 2189 1448 2247 illi,
1462 2190 1579 2247 quia
1597 2192 1734 2249 fecit,
1749 2206 1878 2247 quae
1890 2194 1940 2238 ei
1959 2194 2176 2251 impera-

1273 2258 1444 2301 verat}

1337 2326 1415 2369 10.
1454 2326 1570 2370 Non
1589 2324 1734 2383 puto!
1758 2326 1840 2373 Sic
1861 2330 1913 2374 et
1933 2342 2044 2388 vos,
2067 2343 2176 2375 cum

1267 2392 1492 2437 feceritis
1523 2393 1718 2451 omnia,
1748 2407 1876 2451 quae
1905 2400 2178 2453 praecepta

1268 2461 1384 2504 sunt
1405 2460 1574 2519 vobis,
1597 2460 1771 2507 dicite:
1804 2463 1954 2509 Servi
1971 2464 2178 2510 inutiles

1268 2526 1459 2572 sumus!
1508 2527 1642 2585 quod
1689 2529 1948 2576 debuimus
1988 2532 2177 2591 facere,

1268 2594 1494 2639 fecimus.

1337 2663 1415 2705 11.
1451 2662 1518 2707 Et
1536 2663 1722 2707 factum
1745 2666 1846 2722 est,
1871 2664 1988 2710 dum
2009 2666 2105 2711 iret
2125 2668 2176 2711 in

1268 2729 1566 2787 Ierusalem,
1587 2730 1834 2776 transibat
1853 2745 1946 2789 per
1965 2734 2176 2779 mediam

1271 2796 1542 2842 Samariam
1565 2799 1615 2843 et
1635 2796 1929 2845 Galilaeam.

1337 2866 1416 2908 12.
1440 2862 1626 2909 Etcum
1647 2865 2004 2921 ingrederetur
2017 2869 2178 2925 quod-

1271 2931 1380 2975 dam
1393 2931 1669 2989 castellum,
1684 2940 2018 2981 occurrerunt
2030 2936 2178 2981 eide-

1271 3012 1374 3043 cem
1401 2998 1495 3043 viri
1513 2998 1731 3058 leprosi,
1761 3000 1847 3056 qui
1879 3004 2129 3049 steterunt
2149 3018 2181 3049 a

1270 3065 1485 3123 long-«3⁰3

1314 3180 1341 3199 ³·
1357 3172 1502 3211 Manli.
1521 3177 1581 3217 18,
1601 3178 1658 3213 1⁵.
1680 3186 1764 3223 sqq.
1821 3185 1844 3211 :r
1862 3178 2011 3216 Mntth.
2031 3182 2093 3222 18,
2113 3183 2178 3217 21.

1268 3228 1284 3246 ⁸
1303 3219 1448 3259 Matth.
1466 3224 1524 3263 17,
1543 3224 1602 3259 19.
1649 3229 1672 3247 ὖ
1687 3221 1820 3259 Levit.
1840 3228 1900 3267 13,
1917 3227 1981 3264 46.

414 3366 527 3421 Cap.
557 3364 689 3409 XVI.
747 3370 815 3409 25.
844 3367 942 3411 filii.
1003 3374 1071 3411 26.
1104 3372 1224 3415 inter
1249 3382 1326 3411 vos
1354 3374 1398 3411 et
1427 3384 1520 3411 nos.
1589 3374 1656 3413 28.
1689 3372 1736 3413 in
1763 3370 1910 3415 locum
1936 3372 2055 3417 hunc
2083 3380 2180 3418 tor-

302 3428 562 3463 mentorum-

298 3482 403 3517 tuus
433 3478 603 3529 (omin.
632 3478 678 3519 in
708 3478 793 3531 te)-

647 3420 801 3463 XVII.
862 3427 901 3464 1.
932 3424 993 3466 Et
1012 3426 1070 3465 ad
1092 3425 1335 3480 discipulos
1356 3438 1458 3467 suos
1478 3426 1557 3467 ait.
1616 3430 1656 3467 3·
1689 3429 1726 3469 si
1749 3433 2010 3481 peccaverit
2027 3432 2184 3474 frater

872 3480 911 3520 6.
960 3480 999 3520 si
1026 3479 1278 3527 haberetis3
1318 3479 1422 3521 ibid.
1445 3481 1678 3532 ‹licereti33
1713 3482 1824 3527 ibid.
1845 3488 1892 3527 et
1921 3488 2180 3530 oboediret-

304 3532 344 3569 8.
377 3542 465 3572 non
488 3532 619 3574 dicet.
676 3534 718 3575 9.
750 3543 863 3585 quae
885 3534 970 3576 sibi
994 3534 1115 3588 (sic).
1180 3540 1242 3579 11.
1275 3536 1538 3577 transiebat.
