2376 3925
594 193 1140 242 COMMENT·AT10
1197 196 1611 244 Isaeoech.
1914 196 2036 242 XIX

173 323 497 398 praefectus
542 321 913 378 bibliothecae
962 323 1275 380 Vaticanae
1326 335 1383 380 et
1427 324 1715 382 Antonius
1760 325 2037 402 Caraffa,

179 405 517 462 Cardinalis.
603 403 782 460 Tituli
825 407 1098 462 editionis
1140 405 1414 464 Sixtinae
1453 409 1559 464 duo
1600 419 1761 480 sunt,
1800 427 2039 484 quorum

175 492 392 563 primus
439 491 524 543 ita
569 487 760 544 habet:
816 485 1004 544 Biblia
1047 507 1209 546 sacra
1244 491 1513 566 vulgatae
1551 491 1817 548 editionis
1853 491 2035 546 tribus

177 571 226 628 T
229 574 376 628 omis
415 571 696 628 distincta.
780 566 998 627 Romae
1046 591 1078 626 e
1121 572 1498 648 typographia
1533 573 1827 630 Vaticana.
1859 573 2033 630 1590.

175 655 273 710 fol.
359 653 523 709 Alter
547 661 660 710 est:
701 650 887 709 Biblia
913 672 1076 710 sacra
1109 657 1379 731 vulgatae
1406 656 1673 713 editionis
1694 657 1767 712 ad
1791 655 2037 712 Concilii

177 737 505 794 Tridentini
529 738 939 810 praescriptum
959 738 1273 809 emendata,
1291 741 1491 795 accitis
1521 740 1664 795 viris
1694 737 2035 794 doctissimis

176 818 455 876 Flaminio
481 818 696 888 Nobili,
723 817 969 875 Antonio
998 818 1221 896 Agellio
1239 861 1258 891 ,
1293 818 1487 877 Laelio
1519 818 1835 877 cardinalis
1862 818 2035 876 Cara-

178 903 272 958 fae
301 901 615 977 Theologo,
640 899 811 958 Petro
839 901 1064 958 Morino
1093 912 1152 959 et
1177 902 1395 980 Angelo
1426 903 1619 960 Rocca
1653 901 1747 984 ¹),
1802 904 1871 958 ab
1912 906 2035 976 ipso

183 984 416 1054 Carasa,
453 987 549 1059 qui
569 983 704 1039 huic
733 985 971 1040 editioni
997 987 1274 1059 praefuit,
1312 997 1370 1041 et
1394 1006 1429 1042 a
1456 985 1625 1043 Sixto
1653 986 1722 1042 V.
1749 985 1812 1041 P.
1839 985 1916 1042 Μ.
1945 1005 2036 1040 re-

180 1071 412 1144 cognita
449 1076 506 1122 et
544 1067 867 1140 approbata.
951 1064 1165 1124 Romae
1204 1087 1278 1124 ex
1309 1070 1685 1147 typographia
1711 1069 2037 1143 Apostolica

87 1189 93 1197 -
181 1150 482 1220 Vaticana,
507 1168 678 1222 opera
704 1147 834 1205 Aldi
859 1148 1132 1222 Manucii,
1159 1151 1290 1209 Aldi
1316 1153 1611 1226 abnepotis
1644 1153 1816 1208 1590.
1874 1149 2037 1206 Haec

178 1234 378 1302 editio,
405 1251 547 1306 quae
573 1233 746 1307 vulgo
762 1229 1002 1288 sixtina
1027 1244 1285 1304 vocatur,
1313 1233 1658 1308 bibliophilis
1685 1243 1743 1289 et
1765 1235 2037 1290 librorum

177 1315 490 1372 emtoribus
514 1333 744 1388 perraro
772 1314 1002 1371 obvenit
1017 1356 1036 1387 ,
1080 1317 1346 1372 deformis
1383 1318 1483 1371 illa
1519 1325 1608 1372 tot
1634 1318 1917 1372 erroribus
1944 1336 2035 1372 so-

179 1399 371 1455 cordia
401 1406 502 1453 aut
525 1396 1004 1472 typographorum
1030 1407 1128 1455 aut
1151 1401 1406 1455 virorum
1433 1399 1725 1455 doctorum
1748 1401 1917 1470 ortis3
1974 1408 2038 1454 ut

175 1484 424 1557 primum
450 1481 688 1550 rasuris,
715 1479 904 1535 verbis
933 1482 1362 1556 superscriptis,
1402 1480 1624 1537 schedis
1655 1480 2037 1557 chartulisque

175 1565 511 1640 papyraceis
545 1563 816 1632 annexis,
843 1563 1045 1637 quibus
1077 1566 1355 1620 eorrectio
1383 1565 1659 1639 inscripta
1686 1573 1865 1635 esset,
1904 1563 2039 1620 huic

175 1649 326 1704 malo
359 1646 579 1702 mederi
615 1647 805 1700 conati
839 1648 988 1716 sint,
1032 1655 1154 1702 tum
1194 1665 1330 1703 vero
1370 1665 1519 1703 nova
1568 1647 1848 1718 editione,
1896 1665 2039 1721 quae

179 1730 392 1804 prodiit
420 1730 649 1801 auspice
676 1729 854 1782 altero
881 1747 1209 1786 successore
1238 1728 1393 1786 sixti
1430 1729 1499 1785 V.
1531 1727 1819 1786 Clemente
1855 1727 1905 1782 V
1902 1726 2039 1797 HL,

181 1812 334 1868 unde
369 1829 572 1866 nomen
608 1809 807 1865 habuit
840 1807 1459 1868 Sixto-clementinae
1496 1822 1594 1868 aut
1632 1810 2040 1867 clementinae.

179 1891 399 1950 Romae
415 1913 465 1950 a.
481 1893 766 1950 1592.f01.
807 1889 897 1947 Ea
922 1909 1076 1948 nunc
1101 1911 1359 1948 normam
1376 1903 1547 1969 atque
1575 1895 1893 1967 exemplum
1912 1911 2042 1967 sup-

174 1980 397 2054 peditat
421 1986 614 2033 textus
642 1978 807 2031 latini
834 1976 1052 2047 biblici,
1078 1979 1233 2033 intra
1260 1978 1557 2033 ecclesiam
1582 1974 1895 2031 Romanam
1914 1994 2042 2030 san-

178 2065 296 2118 citi.
380 2060 690 2117 Vaticanus
712 2069 904 2115 tamen
925 2062 1156 2117 criticos
1178 2059 1434 2117 homines
1463 2078 1609 2115 saec.
1639 2056 1803 2115 XVI.
1834 2076 1947 2113 non
1978 2078 2042 2113 eo

175 2146 344 2202 modo
370 2164 504 2200 usos
535 2162 659 2199 esse
687 2140 896 2198 Codice
922 2152 1140 2215 nostre,
1168 2163 1277 2220 quo
1307 2143 1575 2199 utendum
1603 2152 1745 2211 erat,
1776 2140 1917 2197 haee
1940 2160 2042 2197 no-

175 2237 296 2285 stra
321 2230 452 2302 ipsa
479 2226 652 2281 editio
684 2244 811 2282 cum
837 2229 1116 2281 varietate
1149 2228 1413 2282 lectionis
1441 2228 1655 2299 peritos
1690 2225 1909 2281 abunde
1946 2225 2043 2279 do-

176 2311 346 2365 cebit.
385 2308 680 2364 Permulta
706 2309 858 2363 enim
885 2310 1093 2365 omissa
1119 2318 1177 2365 et
1202 2310 1465 2385 neglecta
1491 2317 1645 2380 sunt,
1658 2326 1799 2384 quae
1827 2307 1898 2362 ad
1920 2326 2044 2363 cor-

175 2395 499 2448 rectionem
519 2400 711 2447 textus
735 2391 918 2447 bonae
935 2393 1053 2447 imo
1071 2394 1317 2466 optimae
1334 2392 1519 2467 frugis
1541 2400 1718 2447 erant.
1764 2390 2043 2445 Videntur

175 2477 367 2553 igitur
397 2476 487 2530 illi
532 2484 590 2529 et
614 2492 792 2547 pauca
819 2475 1177 2546 emendasse,
1218 2485 1277 2530 et
1311 2476 1382 2531 ad
1406 2475 1581 2531 libros
1606 2492 1777 2530 manu
1806 2473 2045 2545 scriptos

173 2577 295 2615 non
318 2560 492 2631 primi
519 2557 618 2613 sed
645 2558 874 2613 secundi
899 2557 1131 2613 ordinis.

307 2638 614 2696 Caeterum
637 2638 900 2696 monachi
925 2642 1136 2696 montis
1147 2639 1406 2697 Amiatae
1424 2640 1705 2715 quondam
1718 2636 2045 2693 Benedicti-

175 2726 249 2778 ni
261 2764 280 2792 ‚
322 2742 494 2797 quum
524 2741 627 2795 per
665 2741 766 2777 sex
799 2723 976 2778 ferme
1005 2725 1230 2780 saecula
1258 2723 1591 2779 coenobium
1615 2719 2045 2789 habitavissent,

174 2806 252 2861 ab
282 2807 519 2881 antiquo
547 2806 808 2860 instituto
837 2807 1066 2862 scurrili
1085 2808 1441 2883 negligentia
1460 2813 1517 2859 et
1536 2802 1845 2859 rebellione
1866 2802 2047 2859 desci-

171 2897 406 2945 verunt.
490 2885 630 2942 lnde
671 2886 994 2965 Gregorius
1027 2888 1144 2946 IX.
1190 2889 1449 2965 pontifex
1496 2906 1545 2942 a.
1578 2884 1943 2959 pontificatus
1975 2883 2045 2940 11.

171 2974 270 3027 vel
293 2991 352 3044 p.
381 2968 513 3025 Chr.
548 2971 720 3025 1229.
752 2990 848 3027 eos
875 2974 1110 3043 amovit,
1139 2966 1200 3027 etu
1224 2973 1287 3027 in
1311 2974 1498 3026 locum
1526 2988 1721 3025 eorum
1745 2969 2048 3026 succedere

167 3056 352 3127 jussit
407 3053 664 3109 ordinem
713 3051 1186 3109 Cistereiensium
1203 3094 1221 3124 ‚
1272 3054 1563 3109 doctrinae
1618 3054 2047 3126 sanctitatisque

172 3136 348 3193 laude
392 3134 705 3191 florentem.
793 3133 1157 3209 Tandemque
1204 3138 1406 3191 iterum
1442 3145 1570 3210 post
1613 3145 1741 3190 octo
1777 3135 1899 3191 fere
1926 3152 2048 3189 sae-

315 3353 376 3411 1)
413 3352 561 3396 Hunc
582 3352 738 3396 virum
761 3351 897 3397 credi
916 3353 992 3398 fas
1012 3355 1090 3397 est
1106 3357 1360 3400 auctorem
1381 3365 1737 3408 suasoremque
1756 3351 1912 3397 fuisse
1943 3346 2050 3391 col-

179 3420 313 3478 legis
327 3451 343 3478 ,
379 3422 442 3463 ut
469 3418 630 3463 codex
650 3432 678 3464 e
697 3418 1006 3465 monasterio
1025 3418 1249 3467 Amiatae
1268 3420 1452 3467 montis
1470 3420 1678 3465 Romam
1697 3416 2049 3463 art-asseretur.

176 3488 238 3531 V.
261 3487 438 3534 locum
459 3498 526 3531 ex
547 3484 654 3541 ejus
675 3486 898 3532 biblioth.
928 3486 1186 3534 Vaticana
1206 3501 1357 3545 supra
1376 3486 1644 3533 excitatum
1660 3498 1710 3540 p.
1731 3482 1887 3527 XVII.
