2376 3925
320 163 546 217 EPIST.
585 166 799 215 PAULI
831 166 928 217 AD
965 166 1419 220 THESSALON.
1455 172 1497 221 Ι.
1537 173 1688 222 CAP.
1729 176 1777 222 2.
1802 175 1849 223 3.

163 280 318 323 quem
333 269 554 313 vestrum
569 280 914 327 gravaremus,
927 282 1076 326 prae-

164 334 444 380 dicavimus
481 336 536 379 iu
566 336 712 382 vobis
739 336 1078 394 Evangelium

159 402 281 447 Dei.

233 470 316 513 1⁰.
351 470 458 515 Vos
478 470 635 515 testes
665 469 810 529 estis,
839 472 893 515 et
917 470 1074 529 Deus,

161 550 315 593 quam
353 538 545 595 sancte,
593 539 644 581 et
674 537 836 596 juste,
878 540 927 582 et
964 538 1076 583 sine

159 602 402 662 querela,
442 602 612 663 vobis,
650 604 735 661 qui
773 603 1073 665 credidistis,

158 671 352 715 fuimus
371 685 386 728 3

229 739 315 782 11.
347 738 477 783 sicut
495 737 650 798 scitis,
664 737 881 795 qualiter
893 752 1078 784 unum-

158 818 412 861 quemque
433 808 653 852 vestrum
682 804 836 866 (sicut
853 808 996 864 pater
1014 808 1075 853 fi-

155 872 264 917 lios
287 872 428 931 suos)

231 940 314 983 12.
352 940 681 997 deprecantes
704 952 795 985 vos
817 942 869 986 et
887 952 1076 985 conso-

155 1006 357 1065 lantes,
383 1008 637 1053 testificati
666 1020 863 1065 sumus,
893 1008 949 1051 ut
967 1020 1075 1051 am-

159 1073 409 1120 bularetis
431 1074 584 1131 digne
603 1074 714 1119 Deo
730 1105 744 1132 ,
767 1074 852 1129 qui
871 1073 1077 1119 vocavit

155 1154 258 1185 vos
279 1142 332 1186 in
353 1154 498 1187 suum
515 1154 728 1199 regnum
751 1146 802 1185 et
821 1140 1053 1197 gloriam.

229 1208 312 1252 13.
342 1208 463 1253 Ideo
486 1211 538 1253 et
555 1221 651 1253 nos
671 1208 859 1265 gratias
880 1208 1076 1265 agimus

153 1275 274 1319 Deo
313 1275 424 1321 sine
460 1275 865 1333 intermissione3
908 1288 1073 1332 quon-

154 1342 262 1386 iam
284 1356 396 1389 cum
415 1343 736 1399 accepissetis
753 1356 782 1388 a
795 1344 944 1389 nobis
954 1356 1074 1389 ver-

153 1413 278 1455 bum
298 1410 494 1455 auditus
507 1410 621 1468 Dei,
645 1411 909 1467 accepistis
930 1411 1072 1470 illud,

151 1478 335 1529 norunt
346 1480 550 1524 verbum
560 1478 936 1537 hominum,sed
949 1478 1074 1537 (sic-

155 1548 214 1588 ut
252 1548 331 1589 est
365 1545 520 1603 vere)
567 1548 777 1591 verbum
813 1546 936 1603 Dei,
987 1546 1074 1602 qui

157 1614 406 1668 operatur
442 1612 497 1656 in
537 1612 678 1657 vobis
690 1618 745 1670 m,
785 1612 869 1668 qui
907 1614 1072 1658 credi-

156 1678 322 1723 distis.

225 1748 310 1790 14.
346 1746 451 1789 Vos
482 1744 614 1789 enim
645 1744 923 1790 imitatores
953 1745 1076 1790 facti

156 1814 313 1870 estis,
345 1813 554 1869 fratres,
585 1812 932 1857 Ecclesiarum
957 1812 1072 1870 Dei,

155 1894 290 1935 quae
321 1878 520 1923 suntin
557 1879 750 1924 Judaea
784 1879 837 1924 in
871 1880 1072 1924 Christo

157 1948 310 2004 Jesu3
345 1946 463 2002 quia
491 1946 664 1992 eadem
705 1946 842 2004 passi
874 1946 994 1992 estis
1024 1950 1074 1992 et

159 2029 253 2060 vos
275 2029 305 2060 a
326 2015 689 2061 contribulibus
715 2015 894 2060 vestris
905 2021 948 2074 ἢ,
971 2015 1070 2060 sic-

154 2086 214 2127 ut
233 2085 286 2126 et
305 2082 402 2138 ipsi
421 2095 450 2126 a
471 2083 501 2126 J
506 2082 704 2140 udaeis;

227 2151 308 2193 15.
331 2149 414 2205 qui
428 2151 478 2194 et
489 2150 759 2195 Dominum
775 2149 1071 2196 occiderunt

156 2218 187 2260 J
192 2229 350 2275 esum,
373 2219 424 2262 et
445 2217 742 2276 Prophetas,
765 2220 816 2263 et
832 2231 929 2263 nos
950 2231 1068 2274 per-

157 2284 323 2329 secuti
343 2288 484 2342 sunt,
516 2287 568 2329 et
592 2285 701 2330 Deo
721 2298 828 2330 non
848 2285 1067 2344 placent,

157 2355 211 2396 et
231 2351 462 2396 omnibus
483 2351 768 2398 hominibus
790 2352 1067 2397 adversan-

153 2423 260 2476 tur,

227 2486 307 2530 16.
344 2486 670 2542 prohibentes
698 2499 794 2532 nos
825 2486 1067 2532 Gentibus

154 2552 325 2611 loqui,
353 2555 411 2598 ut
429 2553 598 2599 salvae
627 2555 776 2612 fiant,
803 2555 861 2599 ut
889 2554 1067 2612 imple-

154 2624 247 2664 ant
275 2623 478 2676 peccata
505 2635 596 2666 sua
624 2634 850 2678 semper3
881 2635 1067 2678 perve-

153 2687 233 2732 nit
243 2687 378 2732 enim
396 2687 473 2733 ira
483 2688 580 2734 Dei
601 2702 752 2745 super
770 2688 889 2734 illos
908 2702 1066 2745 usque

154 2756 212 2799 in
231 2756 396 2799 finem.

225 2823 306 2866 17.
341 2823 449 2867 Nos
471 2822 652 2879 autem,
675 2820 881 2867 fratres!
915 2821 1066 2866 deso-

156 2887 250 2933 lati
268 2901 299 2933 a
318 2889 463 2934 vobis
485 2887 547 2933 ad
567 2890 761 2945 tempus
790 2888 975 2946 horae,
1009 2901 1066 2933 a-

154 2958 356 3015 spectu,
387 2969 494 3001 non
521 2955 700 3014 corde,
731 2955 1066 3001 abundantius

154 3023 506 3068 festinavimus
536 3023 716 3068 faciem
747 3025 964 3067 vestram
986 3024 1066 3068 vi-

155 3091 278 3136 dere
301 3104 409 3136 cum
430 3090 587 3135 multo
611 3088 880 3134 desiderio.

224 3159 304 3202 18.
344 3157 594 3210 Quoniam
616 3157 866 3202 voluimus
887 3157 1064 3202 venire

201 3249 234 3266 ’Β
254 3240 302 3277 cf.
323 3244 360 3281 1,
378 3242 416 3277 ⁵.
446 3239 552 3288 Eph.
569 3246 606 3282 3,
627 3245 686 3277 20.
735 3248 754 3265 ’¹
774 3239 868 3275 Act.
889 3244 947 3282 17,
966 3242 1001 3277 ⁵.

271 3389 385 3442 Cap.
427 3387 489 3429 Π.
567 3393 607 3430 9.
647 3389 1010 3443 praedicavimus
1039 3391 1167 3432 vobis
1200 3393 1345 3445 (deest
1369 3394 1457 3446 in).

1954 175 2053 224 323

1145 271 1207 316 ad
1238 285 1355 330 νοῦς
1394 286 1491 330 ego
1523 274 1720 329 quidem
1750 276 1961 333 Paulus,
2002 281 2053 320 et

1145 339 1303 385 semel
1338 343 1391 385 et
1424 340 1625 399 iterum,
1666 342 1756 387 sed
1791 342 2055 400 impedivit

1145 418 1240 451 nos
1260 409 1479 452 satanas.

1212 474 1293 519 19.
1319 474 1460 525 Quae
1480 475 1558 519 est
1568 474 1701 521 enim
1720 480 1897 521 nostra
1916 490 2051 533 spes,

1144 542 1231 585 aut
1250 540 1501 599 gaudium,
1515 544 1603 586 aut
1614 554 1806 589 corona
1824 544 2019 601 gloriae
2033 544 2053 587 ,²

1142 620 1317 652 nonne
1355 621 1447 652 vos
1492 611 1609 653 ante
1646 609 1917 656 Dominum
1953 624 2051 655 no-

1143 676 1301 719 strum
1336 676 1508 720 Jesum
1550 676 1804 722 Christum
1842 677 1962 723 estis
1998 678 2053 723 in

1143 740 1363 786 adventu
1382 742 1491 799 ejus
1504 743 1525 786 3

1211 809 1292 852 20.
1327 810 1433 854 Vos
1454 809 1587 855 enim
1618 810 1739 856 estis
1770 810 1935 868 gloria
1954 824 2052 855 no·-

1145 876 1251 921 stra
1269 878 1320 921 et
1338 876 1587 933 gaudium.

1448 1041 1617 1091 CAP.
1655 1041 1746 1091 111.

1143 1136 1215 1179 Ne
1236 1144 1426 1193 propter
1444 1139 1564 1182 mala
1582 1154 1609 1182 a
1627 1142 1715 1182 fide
1732 1141 2050 1187 desciscerent,

1141 1195 1331 1235 miserat
1352 1196 1407 1235 ad
1438 1210 1515 1237 eos
1536 1196 1847 1243 Timotheum,
1876 1208 1960 1247 quo
1982 1208 2050 1236 re-

1145 1250 1257 1291 duce
1279 1252 1447 1302 gratias
1468 1253 1567 1293 Deo
1588 1252 1709 1303 agit,
1732 1252 1850 1305 quotl
1866 1252 1957 1293 fide
1976 1252 2051 1291 fir-

1441 1308 1500 1349 mi
1529 1308 1753 1349 steterint.

1212 1402 1258 1445 1.
1294 1400 1509 1457 Propter
1524 1400 1656 1457 quod
1666 1413 1771 1446 non
1792 1400 2049 1447 sustinen-

1142 1468 1219 1513 tes
1240 1467 1452 1525 amplius
1466 1499 1479 1526 ,
1510 1468 1699 1527 placuit
1716 1468 1863 1515 nobis
1882 1480 2049 1513 rema-

1141 1548 1267 1581 nere
1287 1535 1517 1593 Athenis,
1538 1536 1679 1581 solis.

1210 1604 1257 1646 2.
1301 1603 1371 1649 Et
1420 1604 1645 1649 misimus
1698 1602 2049 1647 Timotheum⁰

1141 1670 1349 1714 fratrem
1388 1673 1643 1729 nostrum,
1682 1672 1733 1714 et
1767 1669 2052 1715 ministrum

1140 1735 1239 1791 D‘ei
1259 1735 1313 1779 in
1329 1736 1613 1793 Evangelio
1637 1736 1824 1780 Christi
1842 1735 1905 1780 ad
1924 1748 2049 1781 con-

1140 1802 1413 1846 firmandos
1453 1816 1546 1848 vos
1560 1834 1574 1859 ,
1614 1806 1666 1848 et
1702 1802 2048 1848 exhortandos

1141 1882 1237 1925 pro
1258 1869 1351 1913 fide
1376 1871 1569 1925 vestra3

1210 1936 1257 1981 3.
1293 1941 1349 1981 ut
1366 1949 1515 1982 nemo
1536 1937 1799 1982 moveatur
1818 1934 2045 1982 intribu-

1139 2003 1415 2050 lationibus
1445 2005 1580 2061 istis3
1610 2003 1709 2061 ipsi
1735 2003 1871 2049 enim
1888 2004 2045 2062 scitis,

1141 2071 1276 2128 quod
1295 2072 1349 2117 in
1368 2071 1465 2117 hoc
1486 2072 1639 2130 positi
1660 2084 1846 2118 sumus.

1206 2141 1254 2184 4.
1291 2139 1417 2184 Nam
1438 2142 1489 2185 et
1508 2153 1618 2186 cum
1639 2139 1771 2196 apud
1794 2152 1884 2185 vos
1906 2152 2046 2185 esse·

1137 2220 1265 2265 mus,
1280 2207 1689 2264 praedicebamus
1704 2207 1847 2253 vobis
1867 2221 2045 2264 passu-

1136 2287 1226 2319 ros
1245 2287 1341 2319 nos
1361 2275 1732 2335 tribulationes,
1754 2275 1885 2320 sicut
1900 2276 1950 2320 et
1969 2276 2045 2319 fa-

1139 2343 1273 2387 ctum
1292 2343 1385 2401 est,
1408 2345 1459 2388 et
1478 2343 1635 2388 scitis.

1206 2411 1253 2453 5.
1287 2409 1569 2466 Propterea
1607 2410 1658 2454 et
1694 2421 1790 2466 ego
1833 2407 2045 2464 amplius

1137 2489 1243 2520 non
1274 2477 1551 2534 sustinens,
1590 2475 1706 2520 misi
1734 2475 1798 2520 ad
1825 2487 2047 2531 cognos-

1138 2541 1347 2587 cendam
1364 2543 1511 2588 fidem
1540 2544 1785 2598 vestram3
1818 2554 1885 2586 ne
1913 2542 2047 2586 forte

1136 2610 1409 2655 tentaverit
1437 2624 1531 2656 vos
1562 2610 1624 2669 is,
1663 2608 1747 2665 qui
1774 2610 1959 2668 tentat,
1998 2610 2050 2653 et

1136 2676 1305 2722 inanis
1326 2679 1411 2723 fiat
1428 2677 1574 2724 labor
1593 2678 1786 2721 noster.

1206 2747 1252 2789 6.
1297 2745 1443 2791 Nunc
1480 2747 1649 2790 autem
1687 2743 1924 2789 veniente
1955 2744 2046 2789 Ti-

1134 2811 1340 2858 motheo
1362 2811 1424 2856 ad
1443 2825 1537 2856 nos
1559 2811 1762 2870 avobis,
1778 2813 1827 2856 et
1846 2824 2047 2857 annun-

1136 2879 1302 2924 ciante
1333 2879 1481 2924 nobis
1509 2879 1655 2924 fidem
1676 2880 1726 2923 et
1754 2878 2047 2925 charitatem

1137 2947 1384 3004 vestram,
1417 2947 1467 2990 et
1495 2947 1611 3002 quia
1634 2947 1927 2992 memoriam
1946 2960 2045 2991 no-

1136 3013 1229 3058 stri
1248 3012 1443 3058 habetis
1461 3014 1645 3058 bonam
1666 3027 1886 3072 semper,
1910 3013 2043 3058 desi-

1136 3080 1371 3125 derantes
1390 3092 1487 3125 nos
1510 3081 1681 3128 videre
1696 3113 1709 3140 ‚
1730 3082 1862 3128 sicut
1880 3083 1931 3126 et
1947 3091 2043 3124 nos

1136 3161 1335 3203 quoque
1358 3161 1465 3193 vos.

1183 3250 1200 3268 ⁰
1224 3241 1313 3278 Aet.
1334 3248 1393 3286 17,
1416 3248 1473 3282 15.
1496 3255 1581 3293 sqq.
1614 3242 1729 3282 Rom.
1750 3247 1808 3284 16,
1826 3247 1885 3279 21.

1536 3397 1604 3436 10.
1633 3407 1713 3436 vos
1749 3393 1879 3436 testis
1920 3391 2041 3448 (sic).

155 3451 224 3488 11.
257 3449 480 3496 tamquam
506 3449 650 3496 pater.
713 3449 778 3485 13.
811 3447 1054 3498 accepistis
1075 3459 1164 3488 non
1187 3453 1233 3489 ut
1254 3451 1396 3504 (deest
1415 3447 1569 3504 illud).
1630 3453 1697 3492 19.
1726 3449 1879 3493 Jesum
1903 3451 2047 3504 (deest

159 3500 437 3553 Christum);
460 3499 565 3540 ibid.
592 3501 702 3542 estis
723 3501 768 3540 in
789 3501 1026 3542 adventum
1051 3502 1164 3552 ejus.
