2376 3925
269 155 365 205 112

880 137 1167 193 LUCAS.
1241 134 1416 187 CAP.
1455 135 1539 184 11.

270 204 2184 238 ..-..---—-—--—————--—-·---—--

271 267 412 304 eum:
450 247 690 298 Domine!
730 247 857 292 doce
886 257 983 290 nos
1012 254 1181 300 orare,

272 324 403 371 sicut
415 319 584 366 docuit
602 317 693 364 etl
695 326 888 361 oannes
908 308 1183 369 discipulos

274 402 412 438 nuos.

344 459 391 502 2.
424 453 525 500 vEt
542 451 615 499 ait
631 450 732 497 illi·
746 461 758 495 :
772 450 897 494 Cum
916 445 1091 504 oratis,
1104 443 1181 489 di-

279 526 401 571 cite:
430 523 607 578 Pater,
630 517 967 564 sanctificetur
994 525 1183 558 nomeu

276 588 438 638 tuum!
456 586 710 634 Adveniat
728 597 941 641 reguum
958 578 1119 626 tuum!

344 660 392 704 3.
439 657 629 702 Panem
663 655 895 698 nostrum
930 647 1182 706 quotidia-

276 739 399 772 num
418 723 481 769 da
500 722 650 769 nobis
669 717 841 766 hodie!

340 795 389 838 4.
409 793 477 837 Et
486 789 676 836 dimitte
696 786 843 832 nobis
860 784 1069 842 peccata
1084 795 1183 828 no-

276 864 380 908 stra
392 891 409 920 ‚
442 857 687 915 siquidem
706 856 760 900 et
778 853 875 912 ipsi
894 850 1183 897 dimittimus

275 927 414 975 omni
440 923 643 972 debenti
668 922 835 968 nobis.
900 920 970 965 Et
994 932 1063 964 ne
1088 929 1185 963 non

274 995 483 1042 inducas
502 992 557 1038 in
574 986 930 1036 tentationem!

347 1065 393 1107 5.
414 1061 482 1106 Et
500 1059 571 1104 ait
583 1058 647 1103 ad
664 1056 783 1102 ilion
794 1068 807 1101 τ
820 1055 945 1108 Qui·
961 1053 1187 1100 vestrum

278 1127 483 1176 habebit
500 1125 741 1183 amicum,
770 1127 822 1170 et
846 1122 938 1169 ibit
962 1121 1027 1167 ad
1044 1119 1187 1166 illum

276 1195 443 1242 media
460 1195 631 1252 nocte,
654 1193 705 1238 et
724 1191 856 1237 dicet
873 1188 951 1235 illi
964 1200 976 1234 τ
987 1185 1183 1234 Amice!

280 1262 541 1310 commoda
559 1260 681 1306 mihi
700 1262 804 1305 tres
824 1270 1010 1316 panes3

344 1334 392 1377 6.
428 1330 667 1389 quoniam
686 1327 875 1372 amicus
893 1337 1035 1370 meus
1046 1321 1190 1368 venit

280 1399 341 1446 de
363 1396 447 1444 via
464 1397 529 1442 ad
546 1409 644 1453 me,
662 1397 715 1440 et
732 1407 839 1438 non
858 1393 1039 1450 habeo,
1053 1389 1188 1446 quod

278 1478 466 1524 ponam
482 1466 601 1508 ante
621 1461 790 1516 illum;

346 1533 393 1576 7.
431 1535 482 1576 et
511 1529 601 1574 ille
632 1528 831 1574 deintus
869 1524 1190 1584 respondens

280 1601 437 1647 dicat:
475 1596 597 1643 Noli
627 1595 751 1642 mihi
774 1593 1019 1640 molestus
1050 1590 1186 1639 esse!

276 1669 382 1727 jam
398 1665 586 1713 ostium
606 1663 831 1710 clausum
847 1664 951 1721 est,
975 1663 1027 1707 et
1043 1659 1191 1719 pueri

280 1736 381 1782 mei
405 1746 602 1781 mecum
628 1734 745 1780 suut
772 1731 827 1778 in
866 1729 1055 1787 cubili)
1081 1741 1190 1775 non

278 1817 487 1864 possum
503 1814 735 1860 surgere,
757 1801 808 1846 et
826 1798 945 1845 dare
964 1797 1071 1844 tibi.

350 1892 397 1935 8.
432 1887 501 1934 Et
536 1887 581 1933 si
615 1886 704 1932 ille
738 1881 1194 1943 perseveraveritw

282 1956 518 2015 pulsan83
542 1955 654 2001 dico
678 1953 840 2014 vobiS,
862 1952 959 1999 etsi
978 1965 1084 1996 non
1102 1949 1193 1995 da-

286 2026 358 2072 bit
374 2024 453 2070 illi
483 2035 725 2080 surgens,
757 2033 819 2066 eo
851 2017 985 2077 quod
1004 2018 1193 2063 amicus

287 2092 397 2148 ejus
433 2090 525 2147 sit,
574 2089 785 2146 propter
821 2084 1195 2141 improbitatem

284 2162 453 2203 tamen
480 2155 591 2212 ejus
620 2154 819 2211 surget,
859 2154 911 2196 et
938 2150 1073 2197 dabit
1098 2150 1192 2209 illi,

287 2224 533 2281 quotquot
551 2220 703 2267 habet
725 2218 1060 2265 necessarios.

354 2309 401 2352 9.
436 2304 542 2350 aeEt
560 2317 656 2363 ego
678 2303 790 2349 dico
814 2302 979 2349 vobis:
1011 2302 1193 2362 Petite,

289 2378 341 2423 et
358 2373 553 2422 dabitur
573 2369 739 2418 vobis!
771 2370 1022 2429 quaerite,
1045 2373 1095 2417 et
1112 2370 1196 2415 in-

288 2440 527 2491 venietis!
578 2439 775 2498 pulsate
787 2469 803 2498 ‚
853 2441 904 2484 et
938 2438 1196 2498 aperietur

288 2509 456 2559 vobis!

354 2581 436 2626 10.
472 2576 648 2623 Omnis
669 2574 820 2632 enim,
842 2573 927 2631 qui
946 2572 1087 2632 petit,
1108 2586 1197 2620 ac-

290 2647 438 2704 cipit3
461 2649 513 2693 et
531 2644 617 2703 qui
636 2641 858 2701 quaerit,
886 2641 1113 2698 invenit3
1146 2642 1198 2686 et

288 2713 511 2771 pulsanti
529 2711 801 2770 aperietur.

359 2781 440 2824 11.
477 2779 601 2833 Quia
631 2781 801 2825 autem
829 2790 896 2826 ex
930 2774 1077 2822 vobis
1105 2788 1199 2833 pa·

293 2847 422 2891 trem
439 2847 565 2902 petit
582 2860 787 2905 panem,
809 2843 1047 2901 numquid
1066 2842 1198 2903 lapi-

294 2913 406 2959 dem
428 2911 561 2959 dabit
578 2913 800 2960 iniunt
817 2914 1028 2971 piscem:
1048 2924 1198 2957 num-

336 3018 357 3036 v
374 3020 413 3048 v.
439 3010 563 3045 2—4.
594 3007 740 3045 Manli.
766 3012 805 3052 6,
830 3013 978 3047 9—13.
1033 3015 1067 3034 w
1086 3006 1135 3045 cf.
1164 3018 1198 3045 c.
1264 3011 1490 3050 3,22-30.
1539 3015 1558 3033 ⁸
1575 3006 1722 3046 Mittin.
1741 3011 1780 3051 9,
1796 3009 1859 3045 34.

290 3060 352 3099 18,
372 3058 495 3095 1—5.
542 3061 571 3079 ²
586 3066 624 3090 v.
642 3058 785 3091 9—13.
823 3054 971 3092 Matth.
991 3059 1027 3097 7,
1049 3058 1197 3093 7-11-

404 3204 518 3258 Cap.
547 3198 635 3243 XI.
703 3206 743 3244 1.
782 3206 829 3244 et
864 3202 1095 3247 Johannen
1126 3204 1292 3247 docuit.
1369 3206 1412 3244 3.

1251 239 1370 297 quid
1394 250 1490 296 pro
1529 237 1668 294 pisce
1707 237 1995 294 serpentem
2023 235 2183 282 dabit

1249 305 1361 353 illi!
1907 303 1938 334 ’ὁ

1319 374 1402 418 12.
1418 372 1521 418 Aut
1535 371 1582 416 si
1599 369 1804 429 petierit
1817 383 1970 416 ovum
1981 384 1996 428 3
2009 383 2179 417 num-

1251 440 1371 500 quid
1386 439 1621 499 porriget
1638 436 1717 483 illi
1737 437 2099 496 scorpionem?

1315 523 1401 568 13.
1423 521 1479 568 Si
1498 533 1622 578 ergo
1635 531 1749 578 vos,
1762 532 1876 564 cum
1895 517 2004 564 sitis
2021 519 2179 578 mali,

1252 590 1415 637 nostis
1453 590 1590 635 bona
1629 587 1745 632 data
1774 586 1895 632 dare
1923 585 2038 632 filiis
2075 599 2180 632 ve-

1253 658 1398 715 stri-3
1420 657 1608 715 quanto
1625 653 1789 712 magis
1818 654 1970 700 Pater
1996 655 2182 700 vester

1253 725 1314 772 de
1343 723 1493 772 coelo
1533 722 1670 771 dabit
1705 720 1942 780 spiritum
1977 723 2180 768 bonum

1253 792 1539 852 petentibus
1560 804 1616 837 se
1628 791 1650 836 ’.ἱ

1319 862 1402 907 14.
1420 859 1530 904 JEt
1548 860 1660 904 erat
1677 856 1893 915 ejiciens
1904 856 2176 903 daemoni-

1251 943 1353 988 um,
1375 930 1426 975 et
1442 926 1568 973 illud
1587 927 1698 972 erat
1713 927 1918 970 mutum.
1965 924 2036 970 Et
2056 937 2178 970 cum

1254 996 1492 1055 ejecisset
1511 992 1846 1052 daemonium,
1865 991 2070 1038 locutus
2091 994 2182 1038 est

1253 1067 1437 1123 mutus,
1459 1064 1511 1109 et
1528 1061 1802 1106 admiratae
1827 1061 1944 1105 sunt
1965 1060 2176 1106 turbae.

1320 1147 1402 1190 15.
1426 1142 1639 1196 Quidam
1658 1143 1825 1187 autem
1843 1153 1910 1187 ex
1928 1138 2000 1202 eis
2013 1139 2177 1187 dixe-

1253 1213 1396 1258 runt:
1408 1217 1430 1240 ¹⁵
1439 1212 1499 1257 ln
1509 1209 1792 1256 Beelzebub
1804 1207 2028 1266 principe
2039 1207 2178 1254 dae-

1253 1278 1544 1326 moniorum
1564 1277 1705 1336 ejicit
1723 1273 2010 1322 daemonia!

1323 1349 1404 1392 16.
1440 1347 1508 1392 Et
1527 1345 1616 1392 alii
1633 1346 1908 1404 tentantes,
1933 1343 2180 1402 ιεὶςιιιιιῐια

1258 1413 1318 1461 de
1339 1414 1488 1460 coelo
1509 1413 1822 1472 quaerebant
1838 1413 1901 1458 ab
1919 1423 2001 1457 eo.

1325 1483 1406 1528 17.
1442 1483 1558 1539 Ipse
1579 1481 1763 1539 autem,
1785 1470 2178 1536 111νίᾶίῑῦσοςί-

1256 1549 1478 1596 tationes
1499 1561 1704 1607 eorum,
1727 1547 1855 1594 dixit
1872 1545 1974 1591 eis:
2007 1546 2180 1592 Omne

1257 1629 1474 1675 regnum
1502 1616 1556 1662 in
1577 1629 1632 1662 se
1662 1615 1826 1673 ipsum
1845 1612 2063 1660 divisum
2083 1613 2177 1659 de-

1259 1683 1506 1732 solabitur
1519 1715 1534 1742 ,
1583 1685 1635 1729 et
1673 1683 1848 1728 domus
1885 1693 2042 1739 supra
2081 1681 2177 1728 do-

1257 1766 1392 1800 mum
1413 1751 1572 1797 cadet.

1329 1822 1411 1866 18.
1449 1819 1503 1866 Si
1523 1820 1689 1864 autem
1718 1820 1769 1864 et
1800 1819 2016 1864 Satanas
2043 1816 2102 1862 in
2121 1830 2175 1863 se

1261 1890 1424 1948 ipsum
1445 1887 1636 1932 divisus
1658 1888 1762 1945 est,
1793 1884 2047 1944 quomodo
2069 1887 2176 1930 sta-

1262 1957 1334 2003 bit
1353 1968 1563 2013 regnum
1587 1954 1730 2015 ejus?
1758 1953 1877 2012 quia
1907 1951 2068 2001 dicitis
2083 1984 2098 2011 ‚
2121 1951 2174 1998 in

1261 2023 1544 2070 Beelzebub
1563 2037 1643 2069 me
1663 2022 1854 2081 ejicere
1875 2020 2158 2067 daemonia.

1331 2109 1411 2153 19.
1449 2107 1506 2154 Si
1521 2109 1691 2153 autem
1709 2118 1807 2164 ego
1829 2106 1883 2151 in
1892 2105 2178 2153 Beelzebub

1265 2174 1418 2233 ejicio
1458 2173 1752 2231 daemonia3
1793 2173 1887 2219 filii
1929 2172 2084 2221 vestri
2123 2172 2178 2219 in

1265 2256 1364 2300 quo
1407 2242 1649 2301 ejiciunti
1686 2241 1807 2287 Ideo
1845 2241 1947 2299 ipsi
1977 2240 2178 2299 judices

1267 2310 1424 2357 vestri
1443 2308 1616 2356 erunt!

1332 2380 1413 2423 20.
1448 2378 1615 2423 Porro
1644 2376 1690 2422 ai
1707 2376 1761 2423 in
1782 2375 1942 2435 digito
1963 2374 2059 2423 Dei
2079 2376 2179 2434 eji-

1265 2445 1345 2493 cio
1387 2444 1679 2501 daemonia;
1716 2445 1954 2502 profecto
1992 2456 2180 2502 perve-

1265 2514 1342 2559 nit
1359 2512 1414 2559 iu
1432 2526 1526 2559 vos
1545 2526 1762 2571 regnum
1776 2510 1891 2557 Dei.

1333 2582 1414 2627 21.
1453 2582 1576 2626 Cum
1594 2580 1745 2626 fortis
1765 2580 1988 2625 armatus
2009 2580 2183 2625 eusto-

1268 2648 1339 2693 dit
1375 2648 1561 2694 atrium
1597 2660 1742 2694 suum
1754 2679 1768 2707 ,
1807 2647 1863 2693 in
1899 2660 2027 2704 pace
2063 2650 2185 2693 sunt

1269 2729 1346 2775 ea,
1369 2728 1498 2773 quae
1519 2715 1774 2773 possiden

1333 2785 1415 2828 22.
1451 2783 1499 2829 si
1516 2784 1684 2830 autem
1701 2782 1888 2829 fortior
1913 2796 1979 2831 eo
1999 2796 2182 2841 nuper-

1267 2851 1481 2897 veniens
1493 2850 1676 2897 vicerit
1688 2864 1819 2910 eum,
1835 2851 2073 2899 universa
2089 2864 2184 2897 ar-

1311 2968 1336 2996 θ’
1353 2970 1393 2998 V.
1411 2962 1582 2999 14—23.
1614 2958 1762 2997 Matth.
1780 2963 1841 3003 12,
1859 2962 2033 2999 22—23.
2049 2960 2182 2997 Mare.

1907 3015 1932 3033 ⁸
1949 3007 2098 3046 Manli.
2120 3012 2182 3049 12,

1263 3057 1325 3093 38.
1374 3053 1392 3081 ὅ
1409 3053 1497 3091 Joh.
1516 3057 1553 3097 2,
1571 3057 1633 3092 24.
1655 3064 1714 3101 sq.

1464 3201 1766 3254 cotidianum3
1795 3202 1908 3247 ibid.
1952 3204 2014 3246 da
2047 3204 2183 3249 nobit

292 3261 476 3305 cotidie.
534 3261 577 3300 ’1.
608 3256 663 3299 de
683 3257 805 3299 intus
826 3258 963 3299 dicat.
1024 3264 1063 3301 8.
1096 3264 1143 3303 et
1160 3258 1242 3302 ille
1263 3260 1325 3309 εἰς
1353 3257 1462 3301 ibid.
1485 3262 1594 3311 quot
1613 3256 1767 3301 hahet.
1835 3262 1877 3303 9.
1905 3260 2037 3303 vobis
2057 3260 2178 3302 dico.

295 3322 362 3361 11.
394 3320 475 3359 aut
493 3314 531 3379 si
552 3314 737 3369 piscem.
807 3318 873 3355 12.
904 3316 1109 3369 porrigit.
1180 3320 1247 3357 14.
1279 3315 1555 3357 ammiratae.
1623 3318 1689 3356 15.
1726 3312 1778 3356 in
1795 3314 2031 3359 Belzebub
2053 3318 2184 3371 prin-

292 3374 441 3427 cipem
470 3372 574 3425 (sac)
606 3370 938 3434 daemoniorum
968 3370 1091 3421 ejcit.
1153 3375 1220 3413 Π.
1251 3372 1300 3413 in
1328 3382 1375 3411 se
1403 3370 1532 3423 ipso3
1559 3368 1670 3413 ibid.
1701 3368 1948 3414 desolatur.
2011 3376 2078 3414 18.
2111 3386 2186 3415 re-

292 3442 425 3477 guum
444 3426 615 3481 ipsius;
644 3424 752 3466 abad.
782 3426 831 3467 in
857 3424 1087 3469 Belzebub
1118 3426 1266 3478 ejcete
1307 3437 1378 3467 me
1413 3426 1667 3469 daemonia.
1743 3430 1814 3468 20.
1867 3429 2111 3483 praevenit
2138 3429 2186 3471 in

292 3492 387 3521 vos.
446 3485 515 3523 22.
548 3480 715 3523 fortior
732 3479 826 3523 illo.
