2376 3925
294 175 393 226 194

576 169 837 222 ACTUS
891 163 1537 219 APOSTOLORUM.
1593 161 1762 212 CAP.
1803 162 1923 212 6.7.

294 235 2176 260 -...---——-—---————-——-—-—-----—————-

297 279 556 324 dixerunt:
596 275 711 318 Non
748 274 827 317 est
861 284 1072 326 aequum
1100 280 1196 313 nos

298 343 647 398 derelinquere
667 341 875 385 verbum
891 336 1013 395 Dei,
1034 338 1085 382 et
1100 335 1196 380 mi-

298 413 515 458 nistrare
534 407 721 453 mensis
738 421 751 464 ;

365 479 409 522 3.
448 474 764 522 considerate
802 484 926 529 ergo
941 501 954 528 ,
993 471 1194 524 fratres,

300 547 435 590 viros
474 555 541 588 ex
576 541 720 587 vobis
758 540 880 586 boni
923 535 1198 583 testimonii

298 614 487 668 septem
502 641 516 667 ,
536 608 715 666 plenos
745 606 934 663 Spiritu
952 604 1127 648 sancto
1146 604 1200 647 et

298 677 566 735 sapientia,
588 688 711 732 quos
732 671 1089 718 constituamus
1109 680 1197 713 su-

300 759 390 804 per
407 745 504 790 hoc
524 755 649 800 opu
664 757 678 797 ;

367 815 413 858 4.
449 824 543 856 nos
565 821 686 854 vero
711 805 956 862 orationi,
977 807 1029 850 et
1046 803 1196 849 mini—

300 880 455 926 sterio
476 877 618 923 verbi
636 876 881 920 instantes
904 872 1103 916 erimus.

370 963 413 1004 5.
467 957 534 1001 Et
581 955 767 1013 placuit
812 965 976 998 sermo
1028 963 1198 996 coram

303 1025 440 1073 omni
458 1019 788 1068 multitudine.
851 1020 918 1065 Et
936 1019 1200 1076 elegerunt

305 1091 633 1149 Stephanum,
666 1088 829 1134 virum
854 1087 1058 1145 plenum
1084 1085 1196 1141 fide,

304 1166 352 1206 et
374 1156 563 1216 Spiritu
581 1157 773 1213 sancto,
796 1155 846 1199 et
855 1143 1197 1210 Philippums,

305 1235 354 1274 et
374 1224 707 1281 prochorum,
732 1225 781 1268 et
798 1221 1127 1276 Nicanorem,
1151 1221 1202 1263 et

305 1296 592 1348 Timonem,
623 1293 674 1336 et
690 1291 1009 1344 Parmenam,
1032 1288 1083 1332 et
1107 1285 1198 1330 Ni-

306 1363 502 1407 colaum
521 1358 763 1403 advenam
783 1355 1165 1401 Antiochenum.

370 1443 415 1484 6.
459 1440 566 1483 Hos
605 1437 886 1481 statuerunt
922 1436 1037 1479 ante
1076 1446 1201 1478 con-

305 1507 526 1564 spectum
538 1502 895 1560 Apostolorum
908 1515 921 1557 ;
935 1504 987 1545 et
998 1503 1201 1544 orantes

305 1573 650 1630 imposuerunt
670 1569 741 1613 eis
761 1573 990 1612 manusg.

373 1641 418 1684 7.
453 1638 520 1683 Et
540 1638 745 1682 verbum
763 1633 969 1680 Domini
1002 1645 1200 1678 cresce-

304 1709 413 1763 bat,
444 1708 495 1752 et
518 1703 936 1760 multiplicabatur
964 1713 1200 1746 numerus

307 1772 663 1832 discipulorum
690 1770 745 1816 in
782 1768 1053 1815 Ierusalem
1092 1767 1201 1812 val-

308 1842 367 1888 de
377 1835 401 1870 '⁴
417 1856 431 1899 3
450 1840 604 1886 multa
623 1838 772 1884 etiam
789 1838 935 1883 turba
954 1835 1202 1883 Sacerdo-

305 1913 407 1955 tum
429 1907 693 1954 obediebat
710 1905 838 1952 fidei.

372 1980 418 2019 8.
465 1975 745 2031 Stephanus
807 1975 970 2017 autem
1024 1970 1202 2027 plenus

310 2042 471 2101 gratia
522 2044 573 2085 et
625 2038 936 2095 fortitudine,
990 2037 1206 2081 faciebat

308 2106 537 2166 prodigia
564 2107 613 2148 et
642 2105 786 2161 signa
812 2114 993 2159 magna
1020 2103 1072 2146 in
1110 2114 1203 2158 po-

345 2173 447 2217 ulo.

312 2189 341 2231 p
373 2242 418 2283 9.
457 2237 798 2282 Surrexerunt
824 2236 987 2280 autem
1005 2234 1203 2290 quidam

310 2307 368 2351 de
390 2314 665 2363 synagoga,
679 2314 805 2358 quae
825 2301 1103 2358 appellatur
1114 2302 1203 2347 Li·-

308 2372 617 2421 bertinorum
630 2400 645 2428 ,
676 2371 725 2413 et
745 2369 1104 2427 Cyrenensium
1118 2400 1132 2427 ,
1154 2373 1206 2414 et

310 2437 791 2495 Alexandrinorum,
822 2438 1089 2496 eteorum,
1121 2437 1205 2492 qui

312 2510 457 2555 erant
474 2505 706 2562 acilicia,
729 2507 779 2549 et
788 2504 922 2561 Asia,
945 2503 1203 2562 disputan-

310 2580 385 2621 tes
407 2588 517 2622 cum
537 2571 819 2630 Stephano;

378 2645 457 2687 10.
496 2648 545 2687 et
573 2653 677 2685 non
704 2640 937 2695 poterant
963 2636 1204 2682 resistere

314 2709 605 2766 sapientiae,
618 2709 668 2753 et
687 2704 910 2763 Spiritui,
925 2704 1008 2760 qui
1026 2703 1203 2759 loque-

314 2777 455 2819 batur
466 2770 497 2819 ἱ.

381 2842 459 2884 11.
498 2842 639 2888 Tunc
666 2840 1020 2887 summiserunt
1048 2837 1202 2894 viros,

314 2906 400 2963 qui
419 2906 643 2951 dicerent
660 2921 715 2953 se
726 2908 975 2954 audivisse
992 2918 1107 2952 eum
1127 2904 1203 2949 di-

360 3012 385 3045 ff
405 3015 549 3063 οἶδμ’»
576 3016 636 3049 26.
655 3016 775 3055 21,8.
822 3020 846 3050 e
866 3019 1031 3057 c.13,3.
1078 3012 1098 3039 ¹·
1116 3026 1150 3049 c·
1168 3016 1205 3055 2,

314 3065 376 3097 47.
424 3066 440 3084 ⁸
456 3058 557 3094 Luc.
576 3062 636 3097 21,
656 3062 711 3095 15.

1266 267 1460 310 centem
1515 266 1670 309 verba
1721 264 2060 320 blasphemiae
2121 265 2176 310 in

1265 335 1496 389 Moysen,
1519 333 1570 375 et
1587 330 1641 375 in
1661 321 1867 376 Deumk.

1331 399 1410 442 12.
1449 398 1842 442 commoverunt
1859 397 2030 453 itaque
2055 398 2176 454 ple-

1265 467 1400 522 bem,
1423 468 1473 509 et
1491 464 1761 519 seniores,
1793 467 1846 509 et
1863 465 2095 521 Scribas3
2121 469 2176 512 et

1267 535 1624 577 concurrentes
1651 535 1932 587 rapuerunt
1951 545 2091 590 eum,
2121 537 2175 579 et

1265 599 1584 644 adduxerunt
1601 598 1656 642 in
1675 598 1973 654 concilium3

1332 666 1412 709 13.
1451 668 1502 711 et
1519 667 1803 710 statuerunt
1821 665 1982 711 falsos
1992 668 2170 723 testes,

1266 732 1348 788 qui
1369 732 1794 778 dicerenttflomo
1816 732 1912 777 iste
1933 745 2040 780 non
2055 747 2170 778 ces-

1266 802 1344 844 sat
1369 799 1510 855 loqui
1539 801 1692 844 verba
1720 798 1963 844 adversus
2002 799 2172 845 locum

1265 869 1507 924 sanctum,
1529 868 1580 911 et
1599 866 1790 922 legem;

1333 935 1411 979 14.
1433 932 1712 978 audivimus
1725 933 1858 980 enim
1868 946 1981 978 eum
1993 933 2171 979 dicen-

1265 1004 1390 1046 tem:
1421 1000 1669 1052 Quoniam
1695 1001 1844 1044 Jesus
1871 1000 2174 1046 Nazarenus

1265 1068 1346 1113 hic
1367 1068 1589 1112 destruet
1605 1067 1773 1112 locum
1792 1067 1932 1112 istum
1945 1096 1962 1124 ,
1983 1069 2038 1111 et
2055 1081 2174 1113 mu-

1265 1135 1390 1180 tabit
1424 1133 1748 1193 traditiones,
1797 1145 1912 1189 quas
1957 1133 2174 1179 tradidit

1267 1202 1413 1247 nobis
1432 1203 1654 1259 Moyses.

1335 1270 1414 1314 15.
1449 1268 1514 1312 Et
1544 1268 1796 1313 intuentes
1830 1280 1940 1311 eum
1970 1279 2170 1325 omnes,

1268 1335 1353 1391 qui
1363 1334 1602 1380 sedebant
1619 1335 1673 1378 in
1685 1333 1920 1392 concilio,
1936 1333 2174 1379 viderunt

1267 1403 1445 1496 faciem
1467 1403 1576 1459 ejus
1596 1405 1843 1458 tamquam
1861 1401 2040 1447 faciem
2061 1401 2171 1445 An-

1270 1469 1370 1526 geli
1397 1501 1409 1512 .

1550 1669 1591 1716 C
1603 1669 1648 1716 A
1658 1665 1717 1716 P.
1774 1666 1889 1716 Vll.

1271 1765 1422 1806 oratio
1443 1763 1664 1818 Stephani
1692 1767 1739 1806 in
1769 1764 2048 1806 Judaeorum
2069 1779 2171 1806 con-

1271 1823 1413 1870 cione,
1436 1823 1689 1874 interrupta
1715 1827 1857 1861 morte
1878 1821 2073 1863 oratoris
2093 1834 2174 1875 per

1547 1875 1889 1930 lapidationem.

1337 1973 1383 2015 1.
1418 1970 1560 2016 Dixit
1570 1972 1730 2015 autem
1740 1969 1978 2027 princeps
1992 1970 2174 2015 Sacer-

1271 2036 1464 2082 dotum:
1489 2038 1542 2083 Si
1560 2037 1681 2082 haec
1701 2038 1771 2081 ita
1789 2050 1844 2082 se
1863 2037 2080 2083 habent?

1337 2106 1384 2148 2.
1423 2104 1519 2157 Qui
1539 2104 1631 2150 ait:
1655 2105 1763 2149 Viri
1779 2106 1992 2163 fratres,
2015 2108 2065 2149 et
2083 2117 2172 2160 pa-

1271 2172 1400 2229 tres,
1431 2172 1622 2216 audite:
1643 2171 1779 2216 Deus
1800 2170 1996 2227 gloriae
2017 2184 2172 2228 appa-

1269 2238 1370 2284 ruit
1397 2238 1529 2295 patri
1554 2241 1732 2283 nostro
1765 2238 1997 2283 Abrahae
2008 2270 2023 2296 ,
2063 2252 2173 2283 cum

1272 2308 1405 2351 esset
1452 2306 1506 2351 in
1559 2304 1954 2362 Mesopotamia,
2014 2305 2171 2363 prius,

1271 2385 1417 2429 quam
1432 2374 1716 2417 moraretur
1733 2373 1788 2416 in
1811 2371 2030 2427 charan,

1339 2440 1385 2484 3.
1422 2440 1472 2484 et
1499 2437 1626 2484 dixit
1655 2439 1718 2484 ad
1746 2438 1912 2484 illum:
1944 2439 2086 2496 „Exi
2113 2438 2174 2483 de

1273 2508 1446 2563 „terra
1463 2508 1571 2563 tua,
1593 2508 1643 2551 et
1662 2505 1722 2551 de
1743 2507 2051 2563 cognatione
2069 2509 2172 2561 tua,

1273 2574 1360 2630 „et
1378 2573 1497 2618 veni
1524 2573 1578 2617 in
1605 2576 1817 2631 terram,
1848 2587 1996 2629 quam
2026 2586 2173 2618 mon-

1273 2642 1538 2698 „stravero
1558 2639 1752 2685 tibi.“m

1336 2709 1384 2751 4.
1424 2708 1566 2752 Tune
1605 2707 1730 2752 exiit
1764 2706 1822 2751 de
1851 2709 1993 2751 terra
2023 2705 2173 2753 chal-

1274 2772 1528 2832 daeorum,
1551 2776 1601 2819 et
1619 2773 1860 2819 habitavit
1881 2773 1936 2818 in
1959 2774 2171 2817 Charan.

1270 2839 1336 2885 Et
1364 2840 1508 2898 inde,
1541 2843 1803 2897 postquam
1833 2844 2066 2885 mortuus
2099 2840 2176 2884 est

1271 2910 1412 2964 pater
1422 2907 1468 2965 ej
1474 2921 1548 2966 us,
1558 2904 1818 2952 transtulit
1834 2906 1980 2952 illum
1997 2907 2052 2951 in
2067 2909 2175 2951 ter-

1318 3012 1338 3041 λ·
1355 3015 1497 3052 Mauh.
1523 3020 1590 3059 26,
1617 3018 1676 3053 60.
1703 3024 1764 3062 sq.
1821 3014 1837 3041 δ
1853 3014 1999 3051 Μιιιὶι.
2021 3018 2090 3054 13,
2109 3017 2175 3051 ⁴3.

1272 3069 1302 3087 '¹²
1323 3063 1423 3099 Gen.
1444 3066 1502 3103 12,
1522 3067 1554 3098 1.
1577 3074 1660 3109 sqq.

429 3205 541 3259 Cap·
573 3202 654 3245 VI·
711 3206 752 3245 3·
784 3207 943 3258 spiritu
981 3210 1123 3261 (deest
1158 3210 1334 3261 sancto)
1374 3214 1420 3249 et
1457 3210 1696 3261 sapientia.
1763 3212 1804 3251 'l-
1844 3209 2028 3251 verbum
2071 3208 2174 3249 Dei.

317 3267 383 3305 10.
416 3262 489 3314 qui
518 3259 780 3311 loquebatur
809 3261 925 3311 quod
953 3264 1170 3315 redargue
1193 3259 1278 3310 sl.
1301 3264 1433 3305 Tunc
1461 3264 1546 3318 (sic
1574 3278 1673 3306 cum
1691 3264 1777 3306 hoc
1795 3263 1970 3319 signo).
2031 3268 2098 3304 11.
2130 3275 2176 3303 se

316 3319 517 3365 audisse3
546 3313 652 3357 ibid.
682 3314 729 3355 in
758 3314 913 3356 Mosen
941 3323 988 3357 et
1013 3318 1169 3360 Deum.

1249 3322 1314 3360 13.
1346 3324 1486 3361 testes
1513 3319 1669 3362 falsos.
1749 3324 1816 3362 14.
1847 3321 1980 3361 nobis
2008 3320 2173 3359 Moses-

316 3378 383 3413 15.
414 3379 635 3425 tamquam
662 3368 810 3419 angeli
841 3371 985 3421 (deese
1019 3372 1204 3421 faciem,
1234 3376 1379 3415 altero
1410 3376 1582 3430 quidem
1607 3376 1747 3429 loco).

1861 3374 1970 3417 vn.
2045 3378 2085 3416 1.
2127 3385 2174 3413 se

316 3427 523 3468 habeant.
590 3428 628 3466 2.
659 3422 905 3472 Abi-ahaim
944 3424 1051 3467 ibic!-
1090 3427 1137 3468 in
1178 3428 1406 3471 Chartam.
1474 3434 1515 3471 3.
1557 3441 1686 3484 qnam
1725 3431 1812 3471 tibi
1849 3435 2171 3473 monstravero·

316 3483 356 3520 4.
392 3482 619 3522 Chai-ram.
