2376 3925
637 337 710 396 In
752 337 954 396 Biblia
997 337 1194 398 Sacra
1248 337 1541 418 Vulgatao
1582 336 1887 396 Editionis

417 454 584 513 Sixto·
631 454 700 522 K,
737 455 902 515 Pont.
945 454 1108 512 Max.
1136 456 1318 529 jussu
1358 457 1669 534 recognita
1710 461 1889 530 atquo
1930 454 2113 511 edita.

523 565 726 618 (Romae,
747 581 810 612 ex
829 565 1158 623 Typographia
1176 564 1447 622 Apostolica
1464 563 1707 608 Vaticana.
1728 568 1853 609 1⁵9⁰.
1874 562 1999 618 Fol.)

599 811 1084 899 SIXTUS
1195 811 1943 900 EPISCOPUS

425 956 932 1018 SERVUS
1046 957 1771 1018 SERVORUM
1880 954 2115 1013 DEI.

639 1088 733 1132 An
780 1087 1249 1133 PERPETUAM
1295 1087 1422 1134 am
1466 1085 1883 1132 marronam.

426 1225 703 1300 Aeternus
723 1251 812 1298 ille
832 1251 1154 1312 coelestium,
1182 1251 1598 1309 terrestriumque
1625 1263 1798 1297 rerum
1825 1250 2049 1296 omnium
2076 1262 2208 1296 con-

330 1337 491 1398 ditor,
531 1351 590 1384 ac
616 1337 907 1383 moderator
935 1338 1099 1397 Deus,
1136 1336 1418 1382 Ecclesiam
1446 1338 1700 1394 sanctam,
1732 1333 1891 1380 veluti
1912 1334 2210 1380 deliciarum

326 1421 636 1478 Paradisum,
657 1434 747 1466 sua
766 1421 979 1479 ipsemet
999 1420 1227 1479 dextera,
1246 1423 1496 1478 tamquam
1513 1419 1754 1478 providus
1769 1418 2025 1477 Agricola,
2049 1419 2208 1464 variis

329 1505 542 1564 plantis,
574 1504 913 1562 stirpibusque
933 1504 1141 1551 mirifice
1162 1504 1420 1563 consevit,
1462 1504 1708 1561 simulque
1737 1502 1993 1549 uberrimo
2033 1514 2210 1549 sacra-

325 1601 439 1635 rum
459 1588 665 1634 eandem
687 1588 1047 1646 scripturarum
1067 1589 1237 1648 fonte,
1258 1586 1487 1645 pluribus
1509 1587 1652 1644 quasi
1680 1586 1876 1646 fluviis,
1908 1586 1961 1632 in
1990 1585 2212 1632 univer-

327 1686 436 1719 sum
458 1675 708 1719 terrarum
728 1674 901 1718 orbem
923 1672 1122 1733 diffuso,
1145 1673 1218 1719 sic
1238 1672 1499 1732 irrigavit,
1522 1673 1580 1717 ut
1597 1672 1771 1717 sancta
1789 1670 2027 1730 mysteria
2043 1700 2058 1729 ,
2080 1681 2206 1718 ora-

329 1757 538 1814 culaque
560 1756 757 1816 divina,
787 1771 915 1814 quae
949 1757 1107 1804 sacris
1137 1757 1465 1805 continentur
1492 1755 1662 1815 libris,
1693 1756 1824 1802 sicut
1841 1755 1895 1800 in
1917 1757 2211 1801 cunctarum

327 1841 554 1902 gentium
573 1840 782 1888 salutem
803 1844 1132 1902 parabantur,
1164 1842 1236 1889 ita
1264 1856 1296 1888 a
1319 1843 1479 1890 tribus
1506 1839 1608 1888 illis
1630 1839 1944 1898 potissimum
1963 1838 2209 1886 enuncia-

325 1928 504 1975 rentur
522 1925 710 1985 linguis
723 1957 739 1987 ,
773 1939 900 1985 quae
929 1927 984 1974 in
1012 1928 1238 1975 omnium
1256 1928 1459 1976 auribus
1479 1924 1742 1971 nationum
1761 1922 1979 1971 maxime
1999 1935 2207 1981 percre-

327 2011 561 2069 buerunt,
582 2024 680 2057 nec
697 2023 805 2056 non
824 2012 1168 2058 sanctissimae
1191 2012 1366 2057 Crucis
1386 2010 1534 2056 titulo
1556 2010 1902 2065 consecratae,
1925 2005 2209 2052 Salvatoris

326 2094 494 2140 nostri
509 2094 765 2150 Regnum,
793 2094 1038 2139 Hebraeis
1051 2125 1066 2153 ,
1095 2094 1303 2139 Graecis
1316 2126 1331 2153 ,
1362 2108 1421 2140 ac
1439 2093 1633 2139 Latinis
1653 2091 1815 2138 literis
1836 2090 2208 2149 praedicarunt.

325 2178 515 2224 Verum
535 2175 913 2236 callidissimus,
942 2189 1001 2224 ac
1020 2178 1356 2235 nequissimus
1376 2178 1582 2223 humani
1603 2176 1806 2235 generis
1837 2174 1998 2221 hostis
2013 2206 2027 2234 ,
2065 2175 2209 2232 cujus

327 2260 521 2307 invidia
536 2259 717 2307 mortis
748 2259 978 2320 aculeus,
1009 2260 1152 2318 cujus
1183 2262 1421 2319 superbia
1448 2260 1691 2320 peccandi
1718 2259 2063 2318 magisterium
2092 2259 2207 2317 fuit,

327 2343 522 2392 nullum
548 2356 654 2389 non
681 2343 844 2391 movit
869 2344 1113 2405 lapidem,
1150 2348 1209 2391 ut
1237 2345 1514 2393 coelestem
1549 2344 1710 2392 divini
1738 2343 1881 2390 verbi
1910 2347 2209 2399 sementem,

326 2427 646 2487 quantumin
672 2427 785 2485 ipso
815 2432 949 2488 erat,
989 2431 1076 2476 aut
1105 2432 1400 2477 nascentem
1440 2430 1774 2489 opprimeret,
1813 2431 1899 2474 aut
1928 2428 2211 2487 extirparet

327 2514 553 2573 enatam,
585 2515 672 2558 aut
689 2511 906 2559 adultam
929 2513 1157 2560 vitiaret:
1205 2514 1257 2560 id
1276 2527 1400 2561 vero
1431 2513 1702 2573 praecipue
1737 2512 1875 2558 omni
1902 2513 2117 2569 conatu,
2149 2526 2209 2558 ac

326 2596 699 2645 machinatione
719 2596 949 2657 tentavit,
969 2600 1026 2643 ut
1039 2611 1303 2646 sacrorum
1324 2598 1564 2657 quaedam
1584 2596 1994 2653 corruptissimae
2012 2596 2210 2642 Biblio-

325 2694 441 2728 rum
459 2682 708 2729 editiones
728 2681 1018 2741 prodirent,
1048 2684 1198 2740 atque
1224 2682 1299 2729 ita
1316 2682 1547 2740 impietas
1567 2681 1657 2726 sub
1676 2679 1877 2737 pietatis
1896 2681 2058 2737 figura
2079 2679 2209 2725 deli-

329 2769 568 2826 tesceret,
592 2780 650 2813 ac
669 2766 870 2825 populis
891 2766 1060 2812 scoria
1077 2780 1171 2825 pro
1194 2769 1426 2825 argento,
1450 2765 1521 2812 fel
1540 2764 1812 2811 draconum
1832 2777 1927 2821 pro
1948 2763 2091 2823 vino,
2112 2777 2209 2821 pro

325 2848 458 2896 lacte
478 2850 646 2894 sanies
667 2850 1036 2897 obtruderetur.
1106 2852 1329 2907 cumque
1358 2864 1465 2897 non
1490 2850 1545 2897 in
1564 2848 1847 2895 Haereticis
1865 2850 2085 2907 tantum,
2116 2847 2209 2894 sed

327 2934 381 2980 in
404 2932 676 2979 Catholicis
696 2933 846 2979 etiam
866 2933 1156 2991 quibusdam
1170 2965 1186 2993 ,
1218 2935 1418 2981 tametsi
1437 2934 1653 2981 consilio
1676 2931 1923 2992 dissimili,
1945 2934 2210 2979 subortum

327 3016 394 3064 sit
421 3016 629 3062 nimium
659 3016 907 3071 quoddam
931 3032 1026 3065 nec
1055 3017 1207 3076 plane
1235 3016 1487 3066 laudabile
1517 3018 1760 3077 studIum,
1800 3019 1851 3062 et
1878 3017 2022 3074 quasi
2046 3016 2207 3063 libido

327 3100 601 3158 scripturas
609 3098 790 3177 Latine
808 3100 1200 3159 interpretandi:
1237 3100 1370 3148 idem
1386 3103 1634 3149 malorum
1657 3099 1880 3147 omnium
1898 3100 2092 3148 artifex
2103 3101 2200 3147 Sa-

325 3188 472 3232 tanas
493 3196 585 3242 per
613 3182 760 3242 illos,
790 3182 913 3229 licet
929 3184 1057 3230 nihil
1075 3184 1177 3239 tale
1197 3186 1507 3243 cogitantes,
1536 3197 1603 3230 ex
1619 3184 1714 3229 hac
1737 3184 1847 3242 ipsa
1865 3186 1967 3230 tam
1986 3183 2205 3241 incerta,

328 3282 388 3316 ac
413 3266 677 3325 multiplici
708 3267 1000 3313 versionum
1037 3267 1330 3315 diversitate
1358 3273 1408 3316 et
1435 3268 1679 3314 varietate
1708 3270 1903 3325 sumpta
1929 3268 2207 3314 occasione

327 3353 402 3400 sic
419 3352 635 3399 miscere
655 3350 841 3407 omnia,
862 3352 1012 3407 atque
1031 3350 1084 3395 in
1104 3350 1305 3399 dubium
1322 3326 1678 3413 revocareset,
1700 3353 1745 3399 si
1763 3351 1873 3398 fieri
1891 3355 2083 3411 posset,
2095 3364 2205 3398 rem

330 3448 393 3481 eo
411 3436 690 3493 perducere
710 3433 985 3492 contendit,
1011 3434 1070 3479 ut
1097 3432 1213 3481 dum
1242 3437 1612 3494 Scripturarum
1642 3436 1808 3483 verbis
1829 3433 2019 3481 diversi
2037 3434 2205 3481 inter-

327 3521 498 3573 pretes
517 3519 664 3564 aliam
686 3518 832 3573 atque
852 3516 1001 3563 aliam
1018 3518 1259 3579 formam,
1288 3533 1347 3567 ac
1378 3521 1596 3581 speciem
1628 3521 1873 3577 induunt,
1908 3518 2038 3565 nihil
2062 3518 2117 3566 in
2140 3520 2203 3566 iis
