2376 3925
640 224 1182 277 MATTHAEUS.
1255 226 1427 278 GAP.
1465 228 1655 278 25.26.

264 333 347 376 4⁰.
381 330 451 375 Et
477 329 797 387 respondens
822 328 937 374 Rex
978 327 1112 374 dicet

192 398 325 445 illis:
344 399 512 444 Amen
532 396 648 444 dico
668 395 838 442 vobis:
862 394 1112 447 Quamdiu

193 464 393 512 fecistis
412 464 507 511 uui
524 475 595 510 ex
621 463 699 510 his
724 462 965 508 fratribus
982 460 1111 509 meis

192 533 438 588 minimis,
458 531 584 576 mihi
602 530 808 577 fecistis.

264 602 347 646 41.
390 601 539 645 Tunc
554 597 684 644 dicet
702 600 753 643 et
770 597 869 654 his,
882 596 969 652 qui
986 608 1017 642 a
1034 596 1109 642 si-

192 667 375 714 nistris
416 667 589 712 erunt:
626 664 866 712 discedite
878 669 911 706 ἕ
944 677 975 710 s
1008 676 1107 723 me,

192 731 477 782 maledicti!
522 733 579 782 in
622 732 795 790 ignem
830 733 1108 789 aeternum,

196 803 287 859 qui
304 802 510 860 paratus
530 802 609 847 est
627 798 830 848 diabolo
845 828 859 857 ,
880 799 933 844 et
948 811 1109 856 auge-

195 869 267 914 lis
288 870 415 925 ejus.

270 937 353 980 42.
386 933 595 981 Esurivi
606 933 760 992 enim,
772 937 825 981 et
838 946 948 980 non
967 935 1109 981 dedi-

196 1004 297 1051 stis
331 1003 451 1050 mihi
484 1000 815 1060 manducare3
856 1002 1021 1062 sitivi,
1059 1002 1112 1048 et

196 1083 311 1118 nou
328 1069 533 1116 dedistis
548 1068 674 1114 mihi
690 1071 891 1126 potum3

270 1139 349 1184 43.
386 1137 574 1194 hospes
584 1145 739 1195 eram,
753 1139 805 1183 et
820 1150 930 1182 nou
950 1135 1110 1183 colle-

199 1206 345 1265 gistis
364 1218 473 1262 me3
501 1202 693 1262 nudus,
722 1205 774 1250 et
790 1217 900 1249 non
917 1217 1110 1262 coope-

194 1273 375 1322 ruistis
396 1285 505 1328 me3
526 1271 770 1330 infirmus,
792 1274 844 1317 et
860 1271 913 1317 in
934 1283 1109 1318 carce-

196 1355 275 1400 re,
300 1343 353 1386 et
370 1352 481 1384 nou
499 1338 741 1384 visitastis
758 1352 855 1384 me.

262 1410 347 1454 44.
387 1408 533 1452 Tunc
566 1407 948 1463 respondebunt
978 1406 1029 1451 ei
1058 1407 1111 1450 et

193 1475 321 1534 ipsi,
351 1473 603 1520 dicentes:
632 1472 876 1519 Domine!
905 1472 1105 1530 quando

192 1546 247 1590 te
267 1540 487 1588 vidimus
498 1540 819 1600 esurientem,
833 1542 919 1587 aut
928 1540 1108 1586 sitien-

193 1614 319 1668 tem,
360 1612 447 1654 aut
478 1607 745 1665 hospitem,
784 1610 871 1654 aut
899 1608 1105 1664 nudum,

196 1678 293 1722 aut
309 1675 555 1722 infirmum
566 1705 583 1734 ,
612 1677 699 1720 aut
714 1675 770 1722 in
790 1688 995 1722 carcere
1011 1705 1027 1734 ,
1056 1676 1109 1720 et

194 1756 311 1789 non
332 1742 721 1788 ministravimus
742 1742 866 1788 tibi?

270 1811 357 1856 45.
396 1811 534 1858 Tunc
548 1809 880 1867 respondebit
896 1808 1017 1865 illis,
1029 1807 1107 1852 di·

197 1889 355 1926 cens:
377 1877 533 1922 Amen
543 1877 654 1924 dico
668 1877 840 1924 vobis:
862 1874 1111 1928 Quamdiu

196 1957 312 1993 non
332 1944 521 1991 fecistis
540 1945 631 1991 uni
641 1945 703 1991 de
712 1943 992 1991 minoribus
1011 1941 1109 2001 his,

196 2028 299 2061 neo
316 2013 443 2059 mihi
458 2011 669 2059 fecistis.

264 2083 349 2127 46.
384 2080 455 2126 Et
466 2072 649 2127 ibunth
666 2080 720 2126 hi
738 2079 793 2125 in
812 2078 1111 2137 supplicium

198 2152 492 2205 aeteruum3
526 2148 653 2205 justi
678 2149 845 2193 autem
870 2147 925 2191 in
952 2146 1111 2192 vitam

198 2220 479 2263 aeternam.

444 2355 613 2407 GAP.
676 2356 871 2408 XXVI.

198 2453 382 2498 Ultima
411 2467 550 2497 coena
586 2454 712 2497 Jesu.
770 2454 1003 2497 Institutio
1034 2466 1110 2495 eu-

199 2511 465 2553 charistiae.
526 2509 700 2552 Christi
732 2524 831 2553 cum
852 2508 987 2552 mali·
1007 2522 1112 2551 con-

432 2567 654 2609 metantis
673 2566 877 2609 historia.

272 2662 323 2704 1.
349 2654 368 2689 ἰ
375 2659 442 2705 Et
449 2661 635 2706 factum
647 2663 740 2719 est,
754 2674 864 2707 cum
876 2672 1113 2706 consum-

199 2728 394 2772 masset
419 2728 567 2773 Iesus
598 2740 858 2773 sermones
884 2728 981 2773 hos
1004 2740 1112 2772 om-

198 2807 321 2851 nes,
341 2792 471 2839 dixit
490 2794 747 2852 discipulis
768 2794 895 2841 suis:

272 2862 325 2906 2.
362 2861 529 2920 Scitis,
543 2861 659 2919 quia
678 2864 795 2919 post
804 2861 1005 2909 biduum
1015 2859 1113 2904 Pa-

203 2929 332 2974 scha
350 2926 686 2987 fiet‚etFi1ius
705 2927 924 2973 hominis
943 2926 1112 2973 trade-

198 3000 287 3041 tur
297 2986 340 3055 ι’,
359 2997 418 3041 ut
432 2996 771 3053 crucifigatur.

273 3064 324 3108 3.
355 3062 501 3109 Tunc
514 3076 610 3108 con
616 3054 839 3122 gregati!
846 3062 964 3108 sunt
973 3060 1115 3118 prin-

246 3165 331 3194 sc.
357 3162 395 3200 7,
420 3161 483 3196 23.
546 3156 676 3195 woh.
702 3162 739 3202 s,
764 3163 823 3197 29.
889 3153 1117 3195 iv.1--5.

196 3206 335 3243 Marc.
354 3207 419 3244 14,
438 3208 471 3242 1.
491 3208 526 3241 2.
557 3204 661 3241 Luc.
680 3209 741 3248 21,
758 3208 931 3246 37—22,
951 3207 985 3241 2.
1041 3200 1064 3229 7‘
1080 3213 1117 3239 ο.

196 3256 261 3293 15,
282 3254 347 3287 21.
371 3248 463 3287 Joh.
482 3254 544 3292 1³,
562 3255 600 3287 1.
648 3250 663 3277 l
678 3250 770 3289 Joh.
789 3256 849 3294 u,
868 3253 933 3289 47.

2017 229 2086 280 45

1178 328 1317 386 cipes
1355 330 1712 390 Sacerdotula,
1757 335 1810 377 et
1844 332 2086 379 seniores

1177 395 1381 455 populi,
1419 397 1476 442 in
1503 397 1684 443 atrium
1710 399 1954 457 principis
1991 401 2086 446 Sa-

1176 463 1458 522 cerdotum‚
1472 465 1558 520 qni
1575 464 1832 512 dicebatur
1841 466 2084 524 Caiphas;

1241 543 1294 588 4.
1329 541 1400 588 Et
1434 543 1704 590 consilium
1736 547 1992 606 fecerunt,
2030 550 2088 592 ut

1176 612 1352 657 Iesum
1389 609 1510 656 dolo
1545 615 1810 671 tenerent,
1858 617 1910 660 et
1945 615 2085 661 oeci-

1178 677 1374 724 derent.

1246 748 1294 790 5.
1327 745 1580 792 Dicebant
1597 748 1790 792 autem:
1809 747 2085 795 Nonindie

1177 813 1310 858 festo
1325 843 1338 870 ,
1367 825 1434 859 ne
1453 815 1590 860 forte
1609 813 1852 860 tumultus
1869 817 2016 862 fieret
2031 816 2086 862 in

1174 879 1385 938 populo.

1245 949 1294 992 6.
1327 947 1500 994 meum
1517 951 1686 996 autem
1701 950 1852 996 Jesus
1879 953 2014 996 esset
2032 951 2086 996 in

1174 1015 1423 1062 Bethania
1465 1016 1522 1062 in
1559 1017 1710 1063 domo
1746 1017 1969 1064 Simonis
2007 1017 2084 1064 le-

1174 1095 1337 1141 prosi,

1246 1151 1294 1194 7.
1331 1149 1546 1196 accessit
1572 1149 1636 1196 ad
1655 1165 1766 1197 eum
1793 1151 1975 1198 mulier
1994 1152 2086 1198 ha-

1176 1220 1302 1263 bens
1339 1216 1647 1263 alabastrum
1685 1219 1930 1274 unguenti
1965 1233 2085 1277 pre-

1176 1283 1316 1341 tiosi,
1331 1286 1383 1330 et
1401 1283 1576 1330 effudit
1595 1297 1748 1342 super
1759 1288 1910 1343 caput
1927 1286 2086 1344 ipsius

1175 1351 1534 1398 recumbentis.

1180 1477 1185 1480 ,
1243 1421 1291 1463 8.
1336 1418 1577 1464 Videntes
1625 1420 1791 1465 autem
1835 1418 2084 1479 discipuli,

1174 1485 1425 1544 indignati
1455 1489 1573 1532 sunt
1592 1483 1842 1533 dicentes:
1873 1487 1940 1534 Ut
1965 1487 2088 1546 quid

1174 1552 1392 1612 perditio
1412 1553 1569 1600 haec?

1243 1623 1288 1665 9.
1324 1621 1499 1666 Potuit
1533 1621 1669 1666 enim
1703 1621 1838 1668 istud
1882 1636 2084 1668 venun-

1176 1685 1287 1733 dari
1303 1686 1482 1745 multo,
1503 1691 1556 1733 et
1574 1685 1685 1732 dari
1702 1689 2022 1747 pauperibus.

1245 1769 1325 1812 10.
1364 1767 1542 1812 Sciens
1561 1768 1728 1813 autem
1746 1768 1898 1814 Iesus
1927 1768 1999 1814 ait
2017 1768 2085 1814 il-

1175 1834 1264 1879 lis:
1308 1833 1441 1885 Quid
1467 1833 1670 1878 molesti
1699 1833 1818 1879 estis
1840 1833 1956 1880 huic
1974 1847 2086 1881 mu·-

1176 1900 1327 1946 lieri‘!
1359 1913 1486 1957 opus
1517 1899 1652 1944 enim
1670 1901 1859 1946 bonum
1879 1905 2088 1960 operata

1178 1970 1256 2015 est
1275 1968 1330 2013 in
1349 1982 1445 2012 me.

1246 2038 1326 2081 11.
1361 2035 1488 2080 Nam
1508 2046 1707 2092 semper
1725 2046 1974 2093 pauperes
1995 2037 2086 2081 ha·

1176 2103 1305 2152 betis
1336 2102 1627 2160 vobiscum3
1666 2116 1747 2149 me
1785 2107 1953 2151 autem
1979 2118 2085 2151 nou

1177 2184 1377 2229 semper
1392 2170 1603 2217 habetis.

1246 2240 1325 2284 12.
1345 2239 1554 2284 Mittens
1568 2238 1702 2284 enim
1711 2238 1838 2285 haec
1849 2252 2086 2297 unguen-

1175 2310 1282 2352 tum
1299 2306 1472 2351 hocin
1492 2318 1676 2363 corpus
1703 2318 1898 2366 meum,
1919 2306 1981 2352 ad
2001 2320 2086 2352 se-

1177 2372 1467 2432 peliendum
1483 2386 1566 2418 me
1583 2373 1720 2419 fecit.

1245 2442 1326 2486 13.
1361 2441 1522 2485 Amen
1542 2439 1654 2485 dieo
1674 2440 1840 2499 vobis,
1864 2440 2088 2486 ubicum-

1179 2519 1277 2565 que
1304 2506 1648 2565 praedicatum
1672 2507 1830 2553 fuerit
1860 2506 1960 2552 hoc
1977 2505 2087 2552 Ev-

1180 2573 1436 2634 angelium
1453 2574 1508 2618 in
1525 2575 1637 2620 toto
1657 2574 1872 2632 mundo,
1895 2573 2090 2620 dicetur

1182 2644 1234 2687 et
1252 2641 1385 2699 quod
1414 2640 1540 2687 haec
1569 2641 1692 2687 fecit
1721 2641 1776 2686 in
1795 2641 2090 2687 memoriam

1182 2722 1308 2767 ejus.

1249 2779 1330 2821 14.
1364 2776 1547 2820 ”Tunc
1575 2773 1699 2819 abiit
1729 2786 1860 2819 unus
1880 2774 1940 2822 de
1960 2775 2088 2823 duo-

1183 2843 1361 2902 decim,
1386 2842 1472 2898 qui
1492 2840 1750 2886 dicebatur
1767 2842 1923 2889 Judas
1951 2845 2088 2891 Isca-

1182 2911 1361 2968 riotes,
1382 2907 1445 2953 ad
1463 2906 1719 2964 principes
1742 2910 2089 2970 Sacerdotum,

1253 2991 1332 3034 15.
1371 2990 1422 3033 et
1431 2986 1501 3032 ait
1510 2986 1636 3033 illis:
1661 2989 1790 3042 Quid
1803 2991 1956 3039 vultis
1967 2992 2092 3038 mihi

1185 3057 1332 3115 dare,
1363 3057 1414 3101 et
1433 3066 1528 3113 ego
1559 3056 1704 3103 vobis
1736 3073 1849 3105 eum
1866 3056 2092 3105 tradam?

1229 3160 1261 3178 m
1279 3164 1318 3189 v.
1342 3154 1487 3188 6—13.
1522 3151 1650 3190 Marc.
1675 3156 1740 3195 14,
1766 3159 1890 3192 3—9.
1912 3154 2000 3190 Joh.
2027 3156 2088 3194 12,

1184 3201 1308 3240 1--8.
1373 3206 1454 3235 ἰν.
1472 3200 1644 3237 14-16.
1676 3199 1804 3239 Mare.
1831 3204 1894 3243 14,
1921 3204 1981 3239 10.
2001 3210 2090 3246 sqq.

1182 3246 1284 3283 Luc.
1299 3248 1361 3289 22,
1377 3248 1499 3285 3-6.

325 3397 439 3452 Cap.
471 3395 630 3439 XXV.
698 3404 767 3442 40.
802 3400 857 3441 de
892 3399 978 3442 his.
1052 3402 1121 3440 41.
1161 3398 1475 3451 praeparatus.
1551 3396 1622 3435 43.
1671 3391 1952 3442 collexistis3
1979 3390 2088 3436 ibid.

200 3455 469 3507 operuistis.
529 3458 599 3495 44.
630 3456 970 3510 respondebunt
996 3460 1045 3497 et
1070 3452 1190 3508 ipsi3
1213 3450 1324 3493 ibid.
1353 3449 1534 3503 quando
1559 3450 1775 3497 vidium„
1803 3446 1911 3489 ibid.
1941 3446 2017 3489 vel
2043 3448 2091 3490 in

200 3522 407 3553 0⁸!oeoe-

522 3508 706 3553 XXVI.
746 3515 787 3553 3.
812 3510 1057 3565 Caiapinas.
1098 3512 1137 3551 ⁶.
1168 3514 1268 3550 cum
1288 3510 1438 3547 sutem
1457 3507 1580 3548 esset
1597 3504 1748 3546 Jesus-
1787 3506 1856 3543 10.
1884 3502 2090 3554 mulieri3

201 3564 319 3608 ibid.
340 3580 455 3621 opus
473 3567 654 3609 bonum·
716 3571 781 3609 12.
814 3570 1068 3619 ungentum.
1128 3568 1196 3608 14.
1227 3561 1435 3605 Isca-iot·
