2376 3925
330 275 685 336 chisynagogi,
715 277 767 321 et
784 274 925 320 videt
952 273 1232 332 tumultum,

332 347 385 390 et
400 345 596 400 flentes,
617 343 670 388 et
688 341 939 399 ejulantes
956 342 1181 387 multum.

399 412 478 456 39.
511 410 579 455 Et
590 409 867 468 ingressus,
880 409 951 454 ait
960 408 1061 454 illis
1075 421 1087 454 :
1102 407 1234 461 Quid

328 476 615 535 turbamini,
629 477 682 522 et
694 475 905 534 ploratis
916 477 937 521 3
949 475 1117 533 puella
1127 487 1235 519 non

333 547 410 591 est
424 545 642 602 mortua,
664 543 753 589 sed
773 543 971 589 dormit.

398 613 479 656 40.
514 610 583 656 Et
608 611 887 657 irridebant
922 623 1049 655 eum.
1117 609 1234 665 Ipse

330 691 484 738 vero,
524 678 701 736 eiectis
740 678 987 734 omnibus,
1027 676 1236 721 assumit

330 749 542 805 patrem,
556 747 608 791 et
623 747 833 790 matrem
849 743 1066 801 puellae,
1079 745 1132 788 et
1149 742 1237 800 qui

332 827 502 861 secum
531 813 702 869 erant,
730 813 783 856 et
808 809 1118 870 ingreditur,
1147 810 1236 857 ubi

330 880 501 938 puella
520 881 629 925 erat
643 878 837 936 jacens.

398 949 479 994 41.
514 946 581 991 Et
597 948 777 991 tenens
796 957 998 992 manum
1015 944 1232 1004 puellae,

332 1017 404 1061 ait
421 1013 522 1059 illi:
555 1011 788 1072 Talitha,
810 1013 964 1072 cumi,
994 1013 1127 1070 quod
1158 1015 1238 1058 est

331 1080 738 1138 interpretatum:
775 1079 974 1126 Puella!
1010 1079 1128 1142 (tibi
1155 1080 1234 1125 di—

332 1161 391 1194 co
406 1147 443 1206 τ)
465 1145 638 1206 surge!

394 1216 475 1259 42.
494 1214 563 1259 Et
572 1214 838 1260 confestim
849 1227 1029 1261 surrex
1036 1213 1075 1260 it
1087 1213 1235 1272 puel-

326 1281 396 1341 la,
418 1285 469 1328 et
486 1281 798 1339 ambulabat3
828 1284 939 1328 erat
955 1285 1122 1328 autem
1140 1295 1234 1327 an-

328 1363 513 1396 norum
546 1349 833 1407 duodecim3
876 1351 927 1395 et
961 1352 1234 1407 obstupue-

328 1418 450 1462 runt
468 1419 675 1474 stupore
695 1429 897 1474 magno.

396 1485 478 1528 43.
512 1481 581 1528 Et
615 1484 915 1541 praecepit!
942 1482 1044 1528 illis
1074 1483 1234 1529 vehe-

329 1553 525 1596 menter
538 1580 552 1608 ,
589 1552 647 1596 ut
680 1562 830 1596 nemo
869 1549 918 1596 id
958 1550 1137 1608 sciret3
1183 1552 1236 1596 et

332 1617 463 1664 dixit
480 1616 589 1662 dari
606 1616 685 1664 illi
702 1617 1020 1664 manducare.

619 1820 785 1873 CAP.
851 1822 941 1874 VI.

336 1922 426 1966 Cur
443 1923 579 1967 Jesus
598 1922 647 1965 in
666 1923 818 1977 patria
843 1934 991 1979 pauca
1019 1922 1127 1965 edat
1151 1921 1234 1964 mi-

330 1978 505 2021 racula.
560 1978 818 2033 Praecepta
854 1977 1075 2033 apostolis
1110 1978 1232 2019 data.

327 2035 519 2077 Joannis
553 2034 793 2088 Baptistae
829 2047 962 2075 mors.
1030 2033 1235 2087 Quinque

328 2101 472 2143 panes
516 2092 564 2131 et
600 2088 685 2128 duo
733 2090 883 2141 pisces
924 2086 1234 2142 multiplicati.

331 2142 642 2197 Tempestatis
670 2142 857 2183 sedatio.
916 2141 1052 2183 Jesus
1071 2141 1236 2185 multos

388 2202 519 2239 sanat
537 2200 662 2239 tactu
678 2198 880 2239 fimbriae
907 2198 1176 2239 vestimenti.

399 2292 447 2334 1.
481 2288 581 2334 ‘Et
611 2302 846 2347 egressus
875 2290 1019 2350 inde,
1040 2290 1163 2337 abiit
1180 2290 1236 2336 in

330 2356 545 2417 patriam
590 2368 758 2413 suam;
813 2359 864 2403 et
898 2359 1236 2415 sequebantur

333 2438 447 2471 eum
466 2423 697 2481 discipuli
716 2423 810 2469 sui.

399 2494 447 2538 2.
482 2492 551 2537 Et
576 2492 711 2537 facto
749 2493 954 2537 sabbato
985 2491 1156 2551 coepit
1180 2492 1236 2538 in

333 2572 597 2619 synagoga
617 2558 827 2616 docere;
859 2561 911 2605 et
926 2560 1071 2605 multi
1090 2560 1235 2606 audi-

334 2629 475 2673 entes
514 2626 887 2672 admirabantur
924 2627 977 2673 in
1005 2626 1237 2673 doctrina

333 2694 472 2752 ejus,
501 2694 750 2741 dicentes:
788 2693 932 2739 Unde
965 2694 1081 2740 huic
1108 2694 1236 2740 haec

334 2760 530 2805 omnia?
542 2764 591 2807 et
602 2775 729 2818 quae
742 2762 819 2807 est
831 2760 1095 2820 sapientia,
1107 2774 1235 2817 quae

333 2825 447 2870 data
483 2829 561 2873 est
594 2828 693 2875 illi!
742 2830 794 2875 et
836 2828 1050 2875 virtutes
1086 2828 1233 2887 tales,

332 2904 459 2949 quae
478 2906 571 2950 per
587 2908 763 2941 manus
784 2895 894 2953 ejus
914 2894 1215 2942 efficiuntur!

399 2960 447 3005 3.
481 2960 665 3006 Nonne
684 2962 765 3008 hic
796 2966 873 3009 est
896 2964 1068 3011 faber?
1102 2962 1235 3010 filius

330 3026 543 3085 Mariae,
564 3027 722 3073 frater
740 3030 769 3073 J
773 3031 934 3091 acobi,
956 3034 1008 3077 et
1023 3030 1234 3089 Ioseph,

379 3145 403 3172 ἵ
419 3135 564 3173 Matth.
590 3138 628 3179 8,
655 3137 694 3171 4.

333 3186 502 3221 53-58,

760 3143 779 3161 ·
797 3148 835 3175 v.
853 3141 973 3176 1—6.
1004 3138 1153 3177 Mittin.
1171 3142 1233 3181 13,

446 3330 559 3386 Cap.
590 3329 647 3372 V.
732 3336 802 3375 38.
842 3332 1115 3387 hejulantes.

332 3392 403 3429 42.
434 3391 621 3442 stupore
649 3389 861 3430 maxine.

882 169 1240 223 MARCUS.

1203 3340 1274 3381 39.
1323 3338 1389 3380 ait
1427 3338 1507 3380 eis.

974 3390 1059 3434 vi.
1116 3396 1159 3435 3.
1188 3394 1278 3436 iste
1315 3398 1386 3435 est
1413 3393 1561 3436 faber.
1620 3399 1662 3438 4.
1696 3394 1878 3438 dicebat
1901 3394 1994 3445 eis3
2024 3394 2138 3439 ibid.
2169 3402 2218 3437 et

332 3444 382 3483 in
417 3444 682 3494 cognatione
720 3455 801 3485 sua
838 3448 885 3486 et
921 3446 970 3487 in
1004 3447 1133 3490 domo
1172 3462 1269 3491 sua.

1312 169 1483 222 CAP.
1521 170 1571 220 5.
1602 169 1652 221 6.

1303 276 1355 319 et
1370 274 1402 318 J
1406 272 1558 330 udae,
1598 275 1650 318 et
1679 273 1928 318 Simonis?
1965 285 2142 320 nonne
2163 279 2215 321 et

1303 351 1510 385 sorores
1531 339 1640 396 eJ'us
1660 339 1744 384 hic
1771 339 2036 385 nobiscum
2065 343 2210 387 sunt?

1301 406 1370 452 Et
1386 405 1857 452 scandalizabantur
1874 406 1930 451 in
1947 406 2058 460 iilo.

1369 488 1416 531 4.
1451 485 1520 532 Et
1538 485 1734 532 dicebat
1752 485 1854 532 illis
1875 487 2046 532 Iesus:
2080 488 2212 540 Quia

1301 565 1407 599 non
1449 555 1526 599 est
1560 553 1809 610 propheta
1842 554 1951 600 sine
1990 554 2210 614 honore,

1301 620 1403 667 nisi
1422 621 1475 667 in
1493 621 1659 679 patria
1677 633 1786 679 sua,
1800 623 1852 667 et
1868 621 1924 667 in
1934 621 2084 667 domo
2099 634 2208 681 sua,

1303 689 1355 734 et
1371 688 1426 734 in
1447 689 1752 746 cognatione
1773 700 1880 733 sua.

1371 771 1417 814 5.
1453 767 1522 813 Et
1538 782 1645 814 non
1663 770 1866 826 poterat
1882 768 1956 815 ibi
1973 769 2212 816 virtutem

1304 834 1457 882 ullam
1486 836 1683 897 facere,
1722 836 1823 882 nisi
1849 850 2039 894 paucos
2067 837 2210 883 infir-

1301 917 1413 949 mos
1432 902 1681 961 impositis
1700 903 1931 950 manibus
1952 904 2165 950 curavit.

1371 990 1418 1033 6.
1437 987 1505 1034 Et
1522 987 1798 1034 mirabatur
1807 989 2018 1046 propter
2039 988 2210 1034 inere-

1306 1055 1564 1102 dulitatem
1602 1068 1803 1114 eorum,
1843 1057 1896 1102 et
1931 1055 2211 1102 circuibata

1304 1122 1512 1170 castella
1530 1123 1585 1168 in
1605 1123 1836 1181 circuitu,
1859 1121 2062 1168 docens.

1370 1192 1416 1236 7.
1452 1183 1550 1235 bEt
1583 1188 1792 1236 vocavit
1828 1189 2117 1248 duodecim3
2161 1193 2213 1237 et

1303 1257 1472 1315 coepit
1500 1270 1589 1303 eos
1608 1257 1808 1302 mittere
1837 1257 2012 1316 binos,
2039 1259 2091 1302 et
2117 1257 2212 1303 da-

1301 1327 1386 1371 bat
1402 1324 1504 1370 illis
1517 1326 1818 1382 potestatem
1828 1324 2094 1382 spirituum
2110 1323 2212 1370 im-

1302 1392 1620 1437 mundorum.
1680 1413 1692 1424 ·

1370 1461 1416 1504 8.
1452 1459 1520 1505 Et
1554 1458 1812 1517 praecepit
1848 1457 1945 1517 eis,
1984 1472 2053 1505 ne
2091 1459 2211 1516 quid

1301 1524 1544 1572 tollerent
1561 1525 1615 1571 in
1634 1526 1736 1585 via,
1757 1524 1854 1570 nisi
1871 1525 2074 1583 virgam
2093 1530 2210 1572 tan-

1299 1596 1431 1650 tum;
1452 1606 1560 1638 non
1578 1606 1768 1652 peram,
1777 1604 1882 1637 non
1897 1604 2103 1652 panem,
2114 1607 2210 1638 ne-

1303 1674 1399 1718 que
1419 1661 1473 1706 in
1495 1673 1627 1705 zona
1645 1673 1750 1720 aes,

1370 1730 1417 1773 9.
1454 1727 1543 1774 sed
1574 1727 1824 1774 calceatos
1860 1725 2123 1786 sandaliis,
2162 1731 2212 1774 et

1301 1808 1367 1841 ne
1388 1795 1719 1841 induerentur
1740 1793 1928 1841 duabus
1946 1794 2149 1841 tunicis.

1371 1864 1451 1907 1⁰.
1487 1862 1556 1907 Et
1585 1862 1784 1908 dicebat
1809 1861 1912 1908 eis:
1952 1862 2211 1915 Quocum-

1303 1943 1398 1988 que
1426 1929 1728 1976 introieritis
1755 1928 1810 1975 in
1841 1927 2066 1989 domum3
2105 1928 2212 1977 illic

1301 2000 1518 2056 manete,
1542 1998 1703 2043 donec
1724 1997 1922 2043 exeatis
1940 1996 2076 2043 inde.

1371 2066 1451 2110 11.
1486 2065 1555 2110 Et
1591 2064 1889 2122 quicumque
1925 2078 2032 2110 non
2060 2078 2212 2111 rece-

1302 2132 1471 2189 perine
1507 2145 1628 2191 vos,
1666 2146 1762 2177 nec
1808 2132 2062 2178 audierint
2095 2146 2211 2191 vos,

1304 2202 1550 2245 exeuntes
1562 2198 1698 2259 inde,
1711 2199 1936 2245 excutite
1947 2199 2214 2258 pulverem

1304 2266 1364 2313 de
1383 2266 1593 2325 pedibus
1614 2265 1828 2327 vestris,
1849 2266 1905 2312 in
1922 2266 2212 2313 testimoni-

1305 2348 1387 2380 um
1405 2333 1525 2380 illis.

1370 2402 1451 2447 12.
1487 2401 1555 2446 Et
1565 2402 1814 2447 exeuntes
1833 2400 2212 2462 praedicabant,

1305 2469 1359 2514 ut
1376 2468 1742 2526 poenitentiam
1760 2448 2000 2527 agerssnn

1369 2536 1450 2581 13.
1489 2537 1539 2581 et
1557 2534 1824 2581 daemonia
1847 2535 2006 2581 multa
2033 2535 2215 2593 ejicie-

1302 2604 1440 2661 bant,
1479 2604 1532 2649 et
1557 2604 1847 2660 ungebant⁰
1877 2602 1994 2649 oleo
2023 2603 2216 2649 multos

1303 2682 1506 2728 aegros,
1528 2672 1580 2715 et
1597 2671 1858 2716 sanabant.

1371 2737 1451 2781 14.
1488 2728 1594 2782 dEt
1619 2735 1814 2783 audivit
1839 2736 1952 2783 Rex
1978 2737 2215 2785 Herodes

1304 2802 1648 2863 (manifestum
1667 2804 1801 2850 enim
1820 2806 2096 2851 factumest
2113 2818 2216 2851 no-

1301 2884 1419 2917 men
1440 2870 1574 2931 ejus)
1596 2874 1646 2918 et
1665 2871 1884 2918 dicebat:
1910 2872 2081 2925 Quia-1
2085 2885 2215 2917 oan-

1302 2944 1425 2985 nes‘
1451 2938 1674 2997 Baptista
1698 2939 1987 2985 resurrexit
2012 2953 2044 2986 a
2070 2952 2216 2986 mor-

1349 3054 1370 3074 ·
1387 3046 1532 3085 Mfltssl.
1549 3052 1588 3091 ⁹7
1605 3050 1664 3085 3⁵·
1712 3046 1730 3074 ἃ
1746 3058 1788 3083 v·
1806 3050 1954 3085 7—12·
1981 3048 2132 3085 Mfltth·
2153 3055 2215 3091 1⁰,

1301 3099 1322 3131 1
1335 3097 1448 3132 -14.
1470 3094 1574 3130 Luc.
1592 3098 1630 3135 9,
1649 3096 1772 3131 1—6.
1825 3100 1843 3119 ⁰
1859 3093 1940 3130 διο.
1957 3096 1996 3137 ⁵,
2014 3098 2076 3131 14.
2135 3094 2157 3121 ἃ
2173 3107 2215 3132 ν.

1303 3144 1472 3178 14—29.
1503 3140 1650 3177 Mfllul.
1670 3143 1732 3183 14,
1750 3144 1771 3176 1
1784 3144 1894 3177 —12
1909 3138 2012 3177 Luc-
2031 3145 2069 3183 9,
2092 3146 2216 3179 7—-9-

1301 3192 1339 3229 3,
1357 3192 1418 3225 19·
1436 3190 1496 3224 m-
1543 3193 1560 3212 ο
1576 3186 1720 3224 matth·
1736 3189 1796 3229 16,
1815 3189 1876 3223 14.

1593 3342 1664 3380 40.
1707 3342 1808 3380 erat
1843 3337 1998 3393 puella
2030 3338 2214 3391 jacens.

1367 3450 1407 3491 6.
1456 3451 1638 3492 circum·
1657 3450 1768 3492 ibat.
1835 3454 1877 3493 τ.
1927 3453 2214 3494 convocavit·

336 3501 402 3539 14.
435 3498 642 3541 Herodes
660 3511 749 3541 rex
765 3522 821 3531 —
840 3506 1029 3555 propter
1047 3516 1101 3547 ea
1120 3505 1412 3559 inopinantur
1429 3506 1620 3549 virtutes
1637 3506 1686 3547 in
1704 3504 1802 3549 illo.
