2376 3925
806 149 1087 200 LUCAS.
1161 151 1330 200 CAP.
1371 152 1453 200 14.
1475 154 1564 202 15.

2022 161 2127 210 121

232 252 442 298 mittere
486 251 675 298 bellum
720 253 961 299 adversus
998 253 1151 298 alium
1221 255 1300 299 cat
1319 253 1506 300 amicos
1529 257 1579 302 et
1599 257 1824 318 vicinos,
1861 259 2032 307 dicens
2060 263 2126 308 il-

226 331 563 376 regem3non
582 319 763 366 sedens
784 321 919 378 prius
942 321 1148 379 cogitat,

1216 321 1308 366 lis:
1349 322 1784 380 congratulamini
1817 323 1970 388 mihi,
2011 330 2127 387 quia

230 386 281 431 si
300 386 467 444 possit
484 401 599 432 cum
628 387 801 432 decem
818 388 1037 434 millibus
1059 401 1149 434 oc-
1217 388 1394 434 inveni
1421 401 1570 437 ovem
1593 405 1780 453 meam,
1820 407 1948 451 quae
1986 397 2125 454 peri-

232 467 448 500 currere
470 454 537 512 ei,
558 455 644 511 qui
664 468 773 500 cum
792 455 974 514 viginti
994 455 1147 501 milli-

232 523 328 566 bus
352 521 495 566 venit
512 521 577 566 ad
595 522 677 568 se?

304 589 386 632 32.
424 588 663 646 Alioquin
691 588 851 636 adhuc
878 589 969 636 illo
990 589 1145 648 longe

228 657 450 715 agente,
480 655 787 714 legationem
814 656 1017 704 mittens
1054 671 1145 704 ro-

227 727 319 781 gat
338 737 415 782 ea,
440 736 567 780 quae
586 724 723 781 pacis
746 726 878 770 sunt.

300 792 380 836 33.
419 792 503 836 Sic
534 805 658 850 ergo
691 792 855 837 omnis
886 807 955 838 ex.
980 793 1142 852 vobiS,

226 858 444 914 quinon
463 858 733 905 renunciat
752 861 1000 919 omnibus,
1014 874 1142 918 quae

226 924 487 986 possidet,
522 939 631 973 non
667 928 837 984 potest
862 942 1001 974 meus
1030 937 1142 974 esse

228 991 521 1050 discipulus.

302 1061 381 1105 34.
414 1061 609 1107 Bonum
620 1053 646 1090 7¹
668 1064 745 1108 est
764 1059 860 1110 sall
893 1061 949 1108 Si
976 1063 1141 1108 autem

228 1127 309 1172 sal
328 1129 608 1189 evanuerit,
645 1129 701 1174 in
720 1143 818 1186 quo
843 1129 1139 1175 condietur.z

298 1196 380 1240 35.
415 1196 589 1252 Neque
609 1197 663 1242 in
680 1200 886 1257 terram,
900 1211 1062 1253 neque
1086 1198 1139 1242 in

226 1263 600 1320 sterquilinium
620 1264 744 1310 utile
767 1267 869 1324 est,
891 1264 978 1310 sed
998 1267 1135 1310 foras

224 1331 473 1376 mittetur.
537 1331 634 1384 Qui
652 1332 803 1379 habet
822 1346 971 1380 aures
992 1332 1135 1379 audi-

228 1397 369 1455 endi,
391 1396 580 1444 audiat!

508 1588 678 1640 cAP.
733 1589 852 1642 XV.

222 1687 481 1730 Parabolos.
504 1689 559 1730 de
582 1702 663 1731 ove
694 1693 741 1731 et
770 1687 981 1730 drachma
1007 1701 1133 1730 recu-

224 1745 400 1798 peratis
420 1749 469 1787 et
490 1745 545 1786 de
566 1743 661 1785 filio
683 1745 889 1798 prodigo.
948 1742 1133 1786 coelum

223 1799 384 1852 gaudio
395 1797 605 1842 exsultat
624 1813 760 1854 super
778 1802 1016 1854 peccatore
1026 1812 1135 1854 poe-

455 1856 696 1897 nitentiam
726 1857 903 1907 agente.

290 1953 337 1997 1.
356 1951 520 1998 Erant
540 1951 708 1996 autem
719 1949 1132 2009 appropinquan-

222 2024 299 2066 tes
320 2020 371 2065 ei
388 2018 641 2077 publicani
662 2022 713 2065 et
730 2022 1023 2077 peccatores
1037 2050 1051 2079 ,
1078 2024 1134 2065 ut

224 2087 458 2133 audirent
476 2086 633 2131 illum.

291 2156 337 2199 2.
372 2154 440 2199 Et
466 2156 845 2201 murmurabant
870 2154 1132 2201 Pharisaei

224 2224 277 2268 et
305 2222 536 2281 Scribae,
577 2222 827 2267 dicentes:
869 2217 1022 2275 Quiai
1050 2223 1130 2268 hic

222 2293 516 2347 peccatores
548 2289 756 2349 recipit,
789 2290 841 2335 et
865 2289 1131 2336 manducat

225 2370 337 2403 cum
356 2356 455 2402 illis
474 2356 484 2401 Ξ

292 2425 338 2469 3.
372 2424 442 2470 Et
478 2424 551 2469 ait
585 2423 648 2469 ad
682 2423 801 2470 illos
838 2424 1129 2483 parabolam

218 2492 387 2549 istam,
410 2490 607 2545 dicens-2

290 2560 338 2603 4.
376 2551 533 2611 Quis&
566 2572 633 2606 ex
660 2558 805 2606 vobis
834 2559 1012 2619 homo,
1044 2560 1126 2616 qui

220 2627 377 2672 habet
405 2629 601 2672 centum
632 2640 783 2684 oves3
816 2630 867 2673 et
894 2628 936 2673 si
955 2627 1125 2685 perdi-

222 2691 358 2738 derit
374 2706 520 2739 unam
541 2708 607 2741 ex
624 2694 745 2753 illis,
766 2708 939 2741 nonne
960 2694 1126 2740 dimit-

218 2760 288 2807 tit
303 2761 580 2819 nonaginta
607 2775 793 2807 novem
822 2761 875 2807 in
904 2762 1124 2821 deserto,

220 2829 275 2875 et
303 2827 439 2873 vadit
456 2828 519 2874 ad
538 2829 699 2887 illam,
731 2840 857 2884 quae
886 2830 1125 2888 perierat,

224 2895 386 2942 donec
408 2896 637 2942 inveniat
656 2909 765 2941 eam
778 2896 800 2939 ’ἒ

288 2966 333 3008 5.
369 2962 438 3009 Et
456 2978 564 3011 cum
593 2962 851 3009 invenerit
870 2976 1001 3021 eam,
1031 2963 1125 3009 im-

219 3030 437 3089 ponitin
455 3032 694 3077 humeros
716 3043 835 3076 suos
856 3030 1107 3088 gaudens3

286 3100 332 3143 6.
369 3101 421 3145 et
440 3098 653 3145 veniens
674 3097 899 3157 domum,
931 3110 1125 3143 convo·

261 3192 283 3219 h
299 3194 489 3237 Matius,
500 3199 557 3233 13.
607 3190 623 3220 ἰ
638 3192 826 3237 Muttito,
837 3198 894 3231 11.
942 3192 965 3221 ²³
981 3193 1125 3231 Matth.

217 3242 279 3282 18,
297 3245 354 3277 11.
374 3252 461 3289 sqq.

328 3388 442 3443 Cap.
474 3386 607 3429 XIV.
683 3394 751 3431 31.
793 3388 974 3432 milibus
1004 3390 1128 3445 (bis).

217 3440 322 3483 XV.
380 3448 422 3486 4.
457 3443 585 3486 illam
618 3444 690 3499 (in
706 3445 857 3501 fine).
918 3451 958 3488 5.
990 3446 1131 3489 illam.

1218 455 1348 502 erat!

1282 525 1328 568 7.
1366 523 1494 571 Dico
1517 525 1681 585 vobis,
1703 527 1837 584 quod
1856 529 1926 575 ita
1945 531 2124 587 gaudi-

1213 604 1295 636 um
1317 591 1415 637 erit
1439 592 1494 638 in
1525 593 1672 639 coelo
1701 607 1853 652 super
1879 611 1982 643 uno
2004 612 2125 656 pec-

1215 661 1386 705 catore
1395 660 1763 718 poenitentiam
1775 666 2127 722 agente,quam

1213 739 1366 783 super
1409 728 1692 786 nonaginta
1735 742 1923 775 novem
1955 731 2123 794 justis,

1213 795 1298 851 qui
1316 807 1423 840 non
1442 796 1673 854 indigent
1691 797 2022 854 poenitentia.

1280 877 1326 920 8.
1378 877 1480 922 Aut
1530 890 1658 933 quae
1703 876 1887 923 mulier
1932 878 2124 926 habens

1212 941 1473 989 drachmas
1511 943 1711 1004 decem,
1763 945 1807 990 si
1845 946 2125 1003 perdiderit

1211 1009 1496 1056 drachmam
1515 1024 1682 1070 unam,
1695 1025 1869 1058 nonne
1890 1015 2125 1061 accendit

1207 1077 1492 1138 lucernam,
1523 1081 1576 1124 et
1594 1079 1786 1125 everrit
1814 1080 2040 1142 domum,
2071 1085 2123 1128 et

1209 1145 1404 1202 quaerit
1423 1146 1712 1205 diligenter,
1734 1146 1896 1193 donec
1915 1148 2119 1196 inveni-

1209 1213 1290 1258 at?

1274 1283 1320 1325 9.
1356 1277 1425 1325 Et
1443 1293 1556 1326 cum
1574 1279 1849 1340 invenerit,
1869 1286 2120 1331 convocat

1205 1348 1390 1393 amicas
1413 1349 1465 1393 et
1483 1347 1706 1407 vicinas,
1739 1349 1937 1395 dicens:
1979 1353 2118 1396 Con-

1205 1415 1530 1473 gratulamini
1577 1415 1730 1476 mihi,
1780 1417 1896 1474 quia
1942 1417 2121 1467 inveni

1205 1483 1506 1544 drachmam,
1529 1497 1677 1542 quam
1695 1484 2030 1542 perdideram.

1271 1567 1352 1610 10.
1387 1566 1464 1610 Ita
1502 1565 1614 1611 dico
1654 1566 1800 1612 vobis
1813 1597 1828 1626 ,
1881 1568 2119 1625 gaudium

1205 1632 1303 1678 erit
1323 1645 1493 1679 coram
1513 1632 1708 1690 angelis
1720 1633 1819 1678 Dei
1839 1647 1992 1691 super
2010 1649 2114 1682 uno

1203 1702 1471 1756 peccatore
1491 1700 1861 1758 poenitentiam
1881 1704 2080 1758 agente.

1270 1781 1352 1824 11.
1386 1780 1472 1825 Ait
1499 1782 1689 1826 autem:
1718 1781 1885 1826 Homo
1917 1782 2117 1839 quidam

1201 1845 1376 1892 habuit
1394 1847 1518 1892 duos
1539 1846 1700 1905 filios5

1271 1929 1350 1974 12.
1389 1927 1440 1973 et
1467 1925 1595 1974 dixit
1632 1926 2009 1975 adolescentior
2047 1944 2115 1979 ex

1201 1996 1303 2042 illis
1324 1995 1481 2057 patri:
1501 1994 1675 2041 Pater!
1691 1994 1757 2041 da.
1771 1996 1894 2042 mihi
1913 1998 2112 2055 portio-

1201 2078 1318 2110 nem
1345 2064 1680 2121 substantiae,
1721 2076 1848 2120 quae
1875 2079 1954 2111 me
1985 2079 2112 2112 con-

1197 2131 1365 2190 tingit.
1434 2130 1502 2176 Et
1531 2130 1702 2177 divisit
1735 2130 1840 2178 illis
1877 2135 2111 2180 substan-

1200 2200 1336 2245 tiam.

1266 2268 1346 2312 13.
1381 2265 1450 2311 Et
1476 2278 1584 2312 non
1610 2268 1729 2324 post
1763 2267 1949 2314 multos
1983 2269 2108 2329 dies,

1200 2334 1524 2392 congregatis
1543 2335 1792 2394 omnibus,
1808 2335 2108 2383 adolescen-

1197 2402 1299 2448 tior
1327 2402 1458 2448 filius
1489 2416 1705 2460 peregre
1742 2403 2001 2459 profectus
2032 2405 2110 2449 est

1198 2470 1252 2515 in
1278 2470 1546 2527 regionem
1571 2468 1930 2527 longinquam,
1961 2470 2012 2515 et
2039 2469 2110 2517 ibi

1199 2536 1462 2593 dissipavit
1489 2536 1822 2583 substantiam
1858 2549 2000 2583 suam
2028 2538 2108 2583 vi-

1197 2604 1364 2651 vendo
1385 2604 1669 2651 luxuriose.

1263 2688 1343 2731 14.
1379 2686 1448 2732 Et
1481 2687 1748 2743 postquam
1783 2683 1952 2731 omnia
1979 2699 2106 2733 con·

1195 2756 1510 2813 summasset‚
1521 2755 1656 2799 facta
1667 2754 1744 2797 est
1760 2752 1918 2799 fames
1939 2754 2108 2801 valida

1195 2822 1250 2866 in
1283 2821 1500 2877 regione
1535 2820 1642 2879 illa,
1691 2818 1744 2863 et
1783 2818 1892 2877 ipse
1938 2823 2108 2881 coepit

1197 2901 1368 2946 egere.

1263 2956 1343 2999 15.
1377 2953 1448 2999 Et
1484 2953 1623 3014 abiit,
1663 2957 1715 3002 et
1751 2954 1980 3002 adhaesit
2013 2956 2105 3002 uni

1195 3022 1378 3069 civium
1391 3022 1618 3079 regionis
1638 3023 1774 3069 illius
1789 3038 1802 3081 ;
1817 3026 1866 3069 et
1883 3024 2018 3069 misit
2036 3022 2102 3067 il-

1193 3090 1296 3135 lum
1315 3089 1376 3135 in-
1393 3088 1566 3137 viliam
1591 3105 1758 3151 suam,
1789 3094 1844 3137 ut
1870 3090 2103 3150 pasceret

1195 3170 1400 3215 porcos.

1262 3226 1342 3271 16.
1378 3224 1447 3271 Et
1473 3226 1704 3285 cupiebat
1731 3225 1942 3285 implere
1971 3236 2098 3270 ven-

1207 3394 1276 3433 34.
1309 3389 1378 3433 sal
1415 3404 1602 3445 quoque.
1680 3395 1749 3433 35.
1791 3388 2097 3433 sterculinum.

1192 3449 1234 3488 Ἰ.
1267 3448 1592 3501 paenitentiam
1621 3446 1830 3489 habente·
1891 3448 1933 3488 8.
1967 3446 2099 3498 drag-

217 3512 311 3542 mas
329 3524 386 3532 -
406 3501 649 3552 dragmam.
711 3505 777 3543 12.
800 3507 847 3543 et
868 3506 932 3545 13.
964 3502 1314 3545 adulescentior.

1643 3561 1684 3604 F
