2376 3925
391 143 615 194 EPIST.
654 144 867 196 PAULI
901 147 996 196 AD
1033 146 1568 204 PHILIPPENSES.
1608 155 1759 206 CAP.
1786 159 1832 206 2.

1970 159 2068 210 313

185 219 2072 246 ——-—-———-—---—--—-—-—..———-

257 249 306 290 5.
341 246 450 290 Hoc
480 247 614 291 enim
641 247 824 292 sentite
852 249 906 292 in
932 249 1094 306 vobis,

185 312 327 368 quod
347 313 469 358 etin
490 314 692 358 Christo
711 315 832 359 Jesu
842 319 882 372 q,

257 383 304 423 6.
341 380 426 435 qui
447 394 558 426 cum
577 380 630 425 in
649 382 812 426 forma
829 382 926 428 Dei
943 384 1093 442 esset,

183 459 295 491 non
323 447 552 503 rapinam
579 448 846 494 arbitratus
875 453 954 495 est
981 463 1093 496 esse

184 527 243 558 se
265 513 529 569 aequalem
545 514 683 571 Deo;

253 583 302 623 7.
341 581 428 626 sed
441 583 598 626 semet
613 581 776 638 ipsum
791 582 1090 642 exinanivit,

178 648 404 692 formam
421 648 558 692 servi
577 649 830 705 accipiens
843 679 857 707 ,
879 650 931 694 in
951 650 1092 695 simi-

178 713 452 765 litudinem
472 715 727 760 hominum
739 717 918 774 factus,
929 719 982 764 et
998 719 1091 764 ha-

179 781 293 826 bitu
311 781 548 827 inventus
566 785 622 827 ut
639 783 792 828 homo
803 789 840 829 '‘-

251 867 300 908 8.
339 865 634 912 Humiliavit
648 867 807 912 semet
831 866 993 923 ipsum
1013 869 1091 913 fa-

177 933 295 976 ctus
323 932 562 977 obediens
591 946 748 988 usque
777 933 838 978 ad
857 937 1089 994 mortem,

173 1001 393 1043 mortem
413 1002 578 1044 autem
599 1000 774 1046 crucis.

251 1067 301 1108 9.
329 1065 543 1122 Propter
564 1066 698 1122 quod
719 1069 769 1112 et
787 1067 924 1112 Deus
947 1068 1089 1114 exal-

175 1132 311 1177 tavit
328 1131 486 1190 illum,
501 1135 552 1178 et
563 1133 772 1178 donavit
789 1133 866 1179 illi
884 1147 1088 1195 nomen,

177 1198 316 1254 quod
337 1202 414 1244 est
433 1213 584 1256 super
605 1213 753 1245 omne
774 1213 978 1260 nomen,

249 1283 330 1326 10.
364 1285 422 1328 ut
456 1283 510 1327 in
546 1283 752 1330 nomine
780 1285 903 1331 Jesu
940 1300 1088 1332 omne

175 1363 318 1406 genu
345 1351 602 1395 flectatur⁸
631 1351 951 1413 coelestium,
982 1357 1088 1400 ter-

173 1415 434 1476 restrium,
457 1420 506 1462 et
526 1417 869 1478 infernorum3

248 1485 331 1527 11.
369 1486 419 1528 et
448 1485 610 1530 omnis
640 1484 815 1544 lingua
844 1489 1085 1534 confitea-

171 1553 278 1607 tur,
301 1551 416 1606 quia
433 1551 680 1596 Dominus
699 1553 729 1596 J
733 1567 847 1599 esus
861 1556 1086 1601 Christus

171 1620 231 1662 in
251 1616 420 1674 gloria
441 1619 516 1662 est
533 1619 629 1664 Dei
648 1619 827 1664 Patris.

245 1685 328 1729 12.
389 1686 563 1738 Itaque
627 1684 906 1731 charissimi
964 1687 1085 1732 mei!

175 1751 339 1810 (sicut
368 1763 565 1806 semper
593 1751 856 1810 obedistis)
895 1765 1000 1798 non
1033 1758 1089 1798 ut

171 1820 228 1863 in
269 1815 560 1874 praesentia
601 1816 700 1862 mei
744 1820 960 1878 tantum,
1000 1821 1087 1865 sed

91 1883 104 1898 '
171 1884 338 1930 multo
385 1883 544 1942 magis
588 1897 724 1930 nunc
769 1885 824 1930 in
861 1887 1088 1933 absentia

172 1966 318 2009 mea,
352 1966 461 1996 cum
490 1954 623 1997 metu
654 1954 706 2002 et,
733 1954 956 2000 tremore
997 1969 1083 2001 ve-

173 2023 332 2065 stram
356 2018 567 2064 salutem
587 2021 881 2077 operamini.

244 2088 326 2131 13.
362 2086 499 2131 Deus
521 2089 597 2132 est
617 2087 768 2147 enim,
791 2089 875 2144 qui
898 2102 1082 2146 opera-

171 2154 334 2199 turin
356 2154 498 2199 vobis
519 2156 571 2199 et
591 2154 721 2200 velle
743 2157 793 2201 et
821 2159 1080 2216 perficere,

171 2234 270 2279 pro
295 2222 427 2265 bona
448 2220 706 2268 voluntate
723 2222 754 2267 ί.

244 2288 324 2331 14.
363 2288 541 2333 Omnia
578 2291 744 2334 autem
780 2290 932 2337 facite
971 2292 1080 2338 sine

167 2354 653 2402 murmurationibus
667 2357 718 2401 et
728 2356 1080 2404 haesitationi-

168 2426 295 2478 bus;

241 2490 324 2533 15.
363 2490 416 2533 ut
453 2488 562 2533 sitis
601 2489 710 2535 sine
751 2491 982 2550 querela,
1031 2495 1083 2537 et

169 2554 426 2612 simplices
445 2555 658 2615 filiiDei,
672 2556 782 2602 sine
800 2559 1080 2615 reprehen-

168 2624 320 2668 sione
337 2653 350 2679 ,
379 2621 432 2667 in
451 2622 614 2668 medio
643 2624 864 2670 nationis
894 2639 1080 2682 pravae

170 2694 225 2736 et
245 2702 542 2749 perversae,
564 2690 698 2736 inter
719 2705 844 2747 quos
864 2691 1082 2739 lucetisu

168 2757 304 2803 sicut
322 2756 589 2802 luminaria
606 2757 660 2802 in
679 2759 883 2817 mundo,

240 2836 322 2879 16.
361 2836 568 2879 verbum
597 2834 730 2880 vitae
759 2837 1077 2883 continentes

169 2902 235 2947 ad
255 2901 470 2959 gloriam
490 2908 686 2947 meam⁹
705 2902 759 2947 in
779 2902 858 2948 die
875 2904 1074 2964 Christi,

218 3018 235 3043 9
254 3008 345 3045 Joh.
364 3012 424 3049 13,
441 3012 504 3046 34.
549 3016 569 3035 ²·
585 3008 732 3047 Matth.
749 3014 810 3052 20,
829 3013 890 3048 28.
915 3010 1076 3055 Joh.13,

165 3060 220 3093 14
235 3076 284 3083 —
300 3060 358 3092 17.
400 3055 516 3092 Rom.
533 3058 578 3098 8,
597 3060 634 3093 3.
679 3063 695 3081 ⁸
711 3056 827 3094 Rom.
854 3060 925 3100 14,
955 3063 1012 3096 11.
1059 3063 1078 3086 ἲ

162 3107 189 3138 2
211 3102 304 3138 Cor.
321 3105 367 3142 3,
386 3105 422 3139 5.
471 3110 492 3127 ¹⁸
508 3101 655 3138 Matth.
674 3104 718 3145 5,
745 3106 804 3140 16.
853 3110 872 3129 ¹³
889 3108 911 3139 1
931 3103 1076 3144 Thess.

163 3153 203 3189 2,
225 3153 286 3185 19.

285 3294 397 3349 Cap.
435 3294 499 3337 11.
574 3299 616 3339 9.
665 3296 794 3339 illum
832 3298 1072 3343 exaltavit.

1164 252 1281 306 quia
1298 266 1405 298 non
1425 255 1477 299 in
1498 269 1708 303 vacuum
1726 261 1951 319 cucurri,
1972 274 2065 306 ne-

1163 332 1260 375 que
1280 319 1332 364 in
1361 334 1567 368 vacuum
1586 323 1831 372 laboravi.

1209 400 1309 443 ¹17.
1348 401 1447 446 Sed
1486 405 1537 448 et
1570 405 1615 448 si
1642 405 1877 453 immolor
1915 422 2067 465 supra

1161 466 1457 513 sacrificium
1472 500 1486 527 ,
1535 473 1587 514 et
1623 474 1913 529 obsequium
1951 476 2067 521 fidei

1163 535 1387 592 vestrae,
1411 536 1606 593 gaudeo
1621 569 1635 596 ,
1658 542 1709 584 et
1736 542 2065 600 congratulor

1161 601 1390 646 omnibus
1414 603 1556 649 vobis
1568 609 1621 650 Ψ.

1227 668 1305 712 18.
1326 669 1379 712 Id
1400 670 1561 726 ipsum
1581 674 1747 718 autem
1768 676 1817 720 et
1831 688 1919 720 vos
1940 691 2064 733 gau-

1161 733 1291 793 dete,
1314 739 1365 781 et
1384 740 1809 796 congratulamini
1826 743 1963 788 mihi.

1228 815 1306 859 19.
1345 817 1505 872 Spero
1545 823 1712 866 autem
1748 821 1800 866 in
1843 823 2063 869 Domino

1157 881 1187 924 J
1192 894 1306 940 esu,
1338 884 1689 932 Timotheumx
1716 903 1795 934 me
1826 890 1925 936 cito
1948 891 2063 936 mit-

1157 950 1267 993 tere
1287 949 1349 993 ad
1369 964 1488 1009 vos3
1520 956 1573 1000 ut
1602 958 1652 1000 et
1673 970 1770 1016 ego
1791 959 1925 1003 bono
1952 959 2062 1003 ani-

1158 1028 1239 1060 mo
1262 1016 1379 1076 sim,
1411 1021 1627 1077 cognitis
1659 1036 1785 1079 quae
1816 1024 1951 1070 circa
1974 1039 2063 1072 vos

1157 1085 1289 1128 sunt

1224 1151 1304 1194 20.
1340 1150 1603 1199 Neminem
1622 1156 1756 1202 enim
1774 1158 1933 1204 habeo
1963 1163 2063 1205 tam

1155 1216 1459 1278 unanimem,
1472 1221 1553 1276 qui
1575 1222 1775 1268 sincera
1792 1225 2061 1272 affectione

1157 1296 1251 1340 pro
1272 1285 1415 1330 vobis
1436 1287 1664 1334 solicitus
1686 1291 1765 1335 sit.

1223 1369 1303 1413 21.
1342 1370 1527 1416 Omnes
1544 1372 1676 1417 enim
1688 1387 1815 1430 quae
1836 1388 1927 1420 sua
1946 1380 2063 1422 sunt

1155 1438 1429 1496 quaerunt,
1477 1451 1583 1483 non
1622 1454 1749 1496 quae
1787 1445 1905 1488 sunt
1936 1445 2061 1490 Jesu

1157 1502 1361 1548 Christi.

1222 1571 1302 1614 22.
1338 1571 1757 1629 Experimentum
1770 1581 1934 1623 autem
1948 1580 2057 1636 ejus

1155 1638 1467 1696 cognoscite,
1483 1641 1598 1695 quia
1611 1642 1740 1687 sicut
1759 1647 1890 1700 patri
1908 1647 2057 1703 filius,

1153 1715 1347 1746 mecum
1368 1707 1581 1750 servivit
1597 1707 1652 1751 in
1671 1709 1955 1768 Evangelio
1968 1719 2016 1757 J.

1222 1783 1301 1825 23.
1330 1783 1475 1829 Hunc
1496 1785 1649 1841 igitur
1671 1801 1819 1844 spero
1840 1805 1921 1836 me
1940 1793 2057 1836 mit-

1153 1847 1264 1892 tere
1283 1848 1344 1892 ad
1368 1862 1476 1907 vos,
1497 1865 1619 1898 mox
1636 1856 1693 1898 ut
1712 1854 1906 1916 videro,
1929 1872 2056 1914 quae

1154 1914 1289 1960 circa
1306 1929 1385 1960 me
1405 1919 1537 1962 sunt.

1219 1984 1299 2027 24.
1338 1984 1546 2030 Confido
1570 1988 1735 2033 autem
1753 1989 1806 2035 in
1819 1992 2055 2054 Domino,

1151 2050 1389 2105 quoniam
1418 2054 1470 2097 et
1496 2053 1606 2111 ipse
1639 2056 1835 2103 veniam
1862 2060 1924 2105 ad
1962 2075 2055 2107 vos

1151 2117 1269 2163 cito.

1219 2186 1297 2230 25.
1324 2186 1677 2235 Necessarium
1690 2194 1854 2239 autem
1875 2197 2053 2243 existi-

1147 2254 1283 2297 mavi
1310 2254 1740 2312 Epaphroditum‘
1771 2263 1975 2310 fratrem
2006 2269 2057 2311 et

1149 2324 1535 2376 cooperatorem
1548 2356 1563 2383 ‚
1594 2329 1645 2371 et
1663 2329 2055 2377 commilitonem

1147 2400 1339 2446 meum,
1381 2393 1602 2436 vestrum
1640 2396 1807 2439 autem
1844 2402 2049 2454 aposto-

1147 2452 1275 2512 lum,
1324 2458 1375 2501 et
1408 2458 1691 2503 ministrum
1736 2465 2051 2511 necessitatis

1147 2533 1307 2578 meae,
1326 2523 1526 2570 mittere
1549 2525 1611 2569 ad
1633 2538 1751 2583 vos3

1216 2602 1295 2646 26.
1350 2605 1586 2659 quoniam
1632 2608 1829 2662 quidem
1877 2624 2051 2659 omnes

1147 2680 1241 2713 vos
1264 2668 1592 2731 desiderabat,
1615 2676 1665 2719 et
1683 2679 1903 2723 moestus
1924 2685 2049 2741 erat,

1145 2738 1419 2792 propterea
1448 2740 1581 2795 quod
1610 2741 1881 2791 audieratis
1908 2746 2049 2794 illum

1145 2802 1460 2850 infirmatum.

1214 2871 1295 2914 27.
1318 2872 1443 2916 Nam
1456 2874 1506 2917 et
1516 2872 1789 2922 infirmatus
1804 2882 2047 2939 estusque

1147 2935 1209 2980 ad
1245 2939 1485 2996 mortem3
1525 2942 1614 2986 sed
1648 2942 1783 2989 Deus
1813 2948 2047 2995 misertus

1147 3005 1226 3048 est
1245 3004 1381 3061 ejus3
1413 3019 1518 3051 non
1549 3009 1713 3055 solum
1732 3017 1896 3061 autem
1917 3017 2043 3074 ejus,

1191 3119 1222 3137 w
1243 3110 1293 3147 cf.
1323 3124 1357 3149 c.
1386 3119 1429 3156 1,
1458 3120 1518 3151 14.
1568 3118 1703 3156 2Act.
1731 3125 1797 3163 16,
1828 3128 1861 3161 1.
1910 3132 1933 3159 r
1952 3122 2043 3162 Act.

1143 3160 1203 3199 16,
1222 3162 1258 3195 3.
1279 3163 1335 3195 ια.
1388 3168 1404 3184 ⁵
1426 3161 1475 3198 ef.
1499 3175 1531 3197 e.
1552 3168 1590 3207 4,
1611 3169 1669 3202 18.

1155 3309 1221 3347 14.
1272 3307 1632 3355 hesitationibus.
1711 3320 1777 3358 15.
1828 3318 2045 3369 querella.

168 3356 237 3395 19.
270 3352 360 3395 cito
389 3364 473 3392 me.
531 3356 599 3394 21.
634 3366 714 3394 sua
743 3360 962 3406 quaerunt
993 3358 1137 3412 (deest
1164 3365 1305 3417 sunt).
1364 3370 1433 3407 22.
1464 3371 1685 3420 quoniam.
1746 3375 1813 3413 2³.
1848 3388 1915 3415 me
1943 3376 2045 3416 mit-

167 3414 266 3450 tere
303 3420 412 3449 mox
455 3407 597 3458 (deest
630 3409 687 3451 ad
723 3408 840 3463 vos).

169 3467 386 3505 maestus-

918 3416 987 3455 25.
1020 3419 1219 3459 vestmm
1262 3421 1513 3476 apostolum
1552 3426 1697 3478 (deest
1731 3430 1916 3483 autem).
1976 3433 2043 3474 26.

1598 3542 1638 3582 0
