2376 3925
299 557 1301 647 APOCALYPSIS
1426 562 2043 651 JOANNIS.

551 870 719 921 CAP.
774 871 817 920 1.

225 960 432 1003 Joannes
455 960 640 1013 jubetur
657 958 815 1003 literas
843 962 1038 1005 scribere
1067 976 1135 1006 se·

426 1020 552 1071 ptem
572 1016 709 1059 Asiae
730 1015 948 1059 ecelesiis.

299 1136 347 1180 1.
381 1110 447 1181 A
454 1134 740 1193 pocalypsis
754 1135 878 1182 Jesu
896 1136 1080 1181 Christi
1091 1142 1133 1195 α,

224 1214 380 1257 quam
400 1202 536 1248 dedit
556 1202 633 1247 illi
651 1202 786 1248 Deus
807 1203 971 1260 palam
997 1205 1134 1248 face-

221 1282 286 1314 re
308 1270 472 1315 servis
492 1270 595 1315 suis
609 1300 622 1327 ,
657 1282 784 1326 quae
804 1272 1008 1328 oportet
1026 1270 1135 1315 fieri

223 1336 332 1382 cito
344 1328 393 1393 ὃς
418 1338 469 1383 et
487 1336 803 1396 significavit,
821 1338 1024 1383 mittens
1044 1351 1135 1395 per

218 1404 510 1461 Angelum⁰
529 1418 672 1450 suum
705 1418 856 1451 servo
886 1418 979 1451 suo
993 1397 1021 1433 ἆ
1039 1404 1070 1449 J
1075 1418 1134 1449 o-

222 1484 371 1531 anm,

299 1540 345 1582 2.
381 1538 466 1595 qui
505 1538 847 1584 testimonium
885 1536 1138 1595 perhibuit

223 1606 388 1650 verbo
417 1605 540 1661 Dei,
575 1607 628 1649 et
652 1606 994 1651 testimonium
1013 1605 1136 1651 Jesu

228 1672 469 1728 Clu-istie,
491 1682 830 1727 quaecumque
851 1671 992 1716 vidit.

300 1738 347 1782 3.
385 1738 582 1794 Beatus,
621 1737 706 1793 qui
732 1736 882 1795 legit,
923 1739 972 1782 et
1001 1736 1139 1783 audit

225 1805 388 1849 verba
405 1803 702 1860 prophetiae
717 1804 884 1863 hujus,
897 1807 948 1848 et
967 1806 1138 1850 servat

224 1884 294 1918 ea
314 1884 441 1927 quae
461 1871 515 1915 in
536 1884 596 1917 ea
615 1872 802 1928 scripta
819 1860 1136 1916 suntfltem-

223 1952 324 1998 pus
345 1938 479 1985 enim
498 1951 656 1996 prope
677 1940 767 1985 est.

300 2008 346 2052 4.
382 2007 413 2052 J
417 2019 608 2052 oannes
646 2009 838 2064 septem
869 2005 1134 2065 Ecclesiis‚

225 2088 362 2132 quae
383 2078 499 2120 sunt
518 2075 570 2120 in
591 2074 726 2119 Asia.

299 2141 473 2187 Gratia
491 2142 663 2200 vobis,
697 2143 747 2188 et
766 2153 865 2198 pax
886 2142 947 2186 ab
968 2152 1030 2185 eo
1051 2139 1137 2196 qui

227 2211 335 2266 est,
363 2211 416 2254 et
443 2209 527 2264 qui
555 2211 686 2267 erat,
719 2213 770 2254 et
788 2207 873 2265 qui
896 2209 1135 2253 venturus

227 2276 348 2322 estg
360 2290 374 2332 ς
407 2277 456 2320 et
476 2288 505 2319 a
524 2278 713 2333 septem
734 2275 989 2332 spiritibus
1002 2306 1019 2330 ‚
1051 2274 1138 2331 qui

223 2343 284 2389 in
307 2343 580 2398 conspectu
599 2342 770 2388 throni
792 2342 900 2398 eJ'us
920 2343 1066 2398 sunt3

301 2413 345 2454 5.
384 2413 436 2455 et
469 2423 500 2454 a
527 2409 650 2455 Jesu
681 2409 880 2454 Christo
893 2438 909 2467 ,
947 2407 1034 2464 qui
1061 2410 1139 2454 est

226 2477 376 2523 testis
393 2477 553 2522 fidelis
563 2469 609 2532 ἦ,
621 2476 783 2533 primo
787 2475 986 2533 genitus
997 2487 1135 2520 mor-

225 2548 432 2590 tuorum
445 2539 480 2602 i,
505 2545 556 2589 et
575 2544 810 2600 princeps
829 2555 1006 2600 regum
1027 2544 1135 2588 ter-

225 2624 322 2657 rae
333 2603 374 2670 l',
394 2611 477 2668 qui
490 2610 669 2656 dilexit
679 2623 791 2669 nos,
807 2612 857 2655 et
866 2609 988 2656 lavit
1001 2622 1096 2654 nos
1107 2622 1138 2654 a

226 2678 452 2736 peccatis
465 2678 655 2724 nostris
675 2678 727 2723 in
742 2677 987 2735 sanguine
1000 2689 1091 2722 suo
1101 2667 1134 2735 ι,

279 2763 300 2781 ⁸
320 2759 440 2798 c.22‚
467 2759 525 2793 16.
572 2755 646 2792 ὃν.
663 2760 701 2793 3.
731 2768 765 2792 c.
791 2760 862 2798 22,
883 2761 940 2792 10.
991 2759 1135 2797 ⁰c.22,

227 2807 266 2840 ⁶·
287 2805 347 2838 16·
395 2801 416 2828 a
433 2813 472 2838 v·
489 2806 547 2840 19.
577 2813 610 2838 c·
627 2805 696 2841 22·
713 2805 748 2839 6·
797 2810 814 2828 ⁸
829 2814 871 2837 V·
889 2806 928 2839 9ο
982 2799 1009 2833 f
1027 2813 1059 2839 00
1075 2805 1136 2844 22,

229 2853 267 2886 7.
316 2853 342 2882 5
361 2860 395 2883 c.
413 2849 454 2889 4,
469 2851 505 2885 8.
551 2846 572 2874 Β
591 2859 625 2884 c.
643 2853 702 2888 19,
721 2852 779 2884 11.
803 2847 885 2884 Jes.
903 2851 964 2890 55,
981 2851 1020 2884 4.
1067 2846 1082 2874 ἶ
1097 2859 1136 2884 v,

230 2899 292 2932 18.
328 2898 346 2929 1
369 2893 460 2930 cor.
479 2896 546 2938 15,
571 2897 630 2930 20.
678 2893 700 2921 ¹⁶
719 2907 753 2930 c.
771 2899 841 2937 17,
860 2895 919 2932 14.
937 2899 997 2936 19,
1017 2897 1075 2932 15.
1123 2891 1139 2920 ἶ

233 2955 271 2978 ο.
290 2942 328 2982 5,
345 2945 382 2977 9.
401 2945 438 2983 7,
457 2942 516 2976 14.

1270 880 1315 922 6.
1354 881 1405 923 et
1429 879 1551 926 fecit
1576 892 1671 924 nos
1700 891 1910 935 regnum
1942 881 1993 924 et
2022 892 2104 924 sa-

1204 944 1481 991 cerdotesm
1504 948 1610 992 Deo
1632 948 1682 992 et
1701 946 1837 991 Patri
1859 958 1968 991 suo.
2002 947 2106 1003 Ipsi

1204 1011 1369 1069 gloria
1418 1015 1469 1058 et
1514 1012 1777 1071 imperium
1812 1013 1867 1057 in
1905 1012 2107 1059 saecula

1203 1079 1541 1125 saeculorum!
1563 1082 1736 1126 Amen.

1270 1147 1316 1191 7.
1351 1146 1509 1192 Ecce!
1538 1147 1681 1193 venit
1708 1160 1817 1192 cum
1838 1147 2049 1193 nubibus
2060 1154 2101 1206 ¹¹,

1202 1216 1254 1257 et
1274 1212 1461 1259 videbit
1488 1227 1601 1259 eum
1630 1214 1791 1259 omnis
1820 1214 2023 1272 oculus,
2055 1220 2105 1261 et

1203 1280 1425 1335 quicum
1452 1281 1829 1337 pupugerunt03
1869 1283 1919 1327 et
1956 1281 2101 1338 plan-

1203 1348 1326 1404 gent
1352 1360 1407 1393 se
1435 1361 1584 1404 super
1614 1362 1728 1393 eum
1752 1360 1926 1393 omnes
1946 1349 2103 1395 tribus

1203 1416 1385 1460 terrae.
1420 1412 1608 1459 Etiam!
1628 1412 1811 1459 Amen!

1270 1496 1315 1539 8.
1350 1495 1463 1551 Ego
1484 1508 1589 1541 sum
1614 1496 1673 1551 A,
1701 1498 1751 1539 et
1770 1495 1811 1539 Ο
1824 1526 1841 1550 ,
1861 1495 2105 1552 principi-

1201 1575 1285 1607 um
1306 1565 1355 1607 et
1373 1562 1485 1607 finis
1496 1568 1544 1620 Ρ,
1559 1561 1680 1607 dicit
1691 1562 1935 1607 Dominus
1948 1562 2103 1620 Deus,

1203 1630 1287 1685 qui
1307 1631 1399 1687 est,
1422 1632 1472 1675 et
1491 1629 1575 1685 qui
1595 1632 1727 1685 erat,
1750 1633 1801 1675 et
1820 1630 1904 1686 qui
1924 1634 2105 1675 ventu-

1203 1707 1288 1741 rus
1310 1699 1402 1753 est,
1424 1696 1759 1753 omnipotens.

1272 1778 1316 1820 9.
1352 1774 1465 1832 Ego
1486 1776 1729 1832 Joannen,
1743 1778 1901 1821 frater
1916 1754 2105 1832 vestet,

1205 1842 1256 1885 et
1289 1842 1541 1899 particeps
1580 1842 1635 1887 in
1668 1842 2018 1900 tribulatione,
2058 1846 2109 1889 et

1204 1920 1383 1966 regno,
1406 1911 1457 1953 et
1474 1909 1713 1966 patientia
1733 1909 1782 1954 in
1807 1909 2005 1955 Christo
2018 1910 2049 1953 J
2052 1924 2106 1955 e-

1204 1989 1280 2035 su,
1300 1976 1376 2020 fui
1395 1975 1448 2021 in
1468 1976 1633 2021 insula
1645 2007 1660 2035 ,
1681 1991 1806 2033 quae
1826 1978 2108 2034 appellatur

1203 2044 1432 2102 Patmos,
1459 2045 1667 2101 propter
1688 2047 1893 2090 verbum
1920 2045 2033 2104 Dei,
2057 2049 2108 2092 et

1203 2110 1543 2156 testimonium
1561 2111 1592 2156 J
1596 2125 1699 2156 esu.

1271 2179 1351 2223 10.
1387 2177 1483 2224 Fui
1502 2179 1555 2223 in
1576 2179 1754 2235 spiritu
1772 2179 1825 2224 in
1840 2179 2107 2226 Dominica

1205 2244 1302 2304 die,
1316 2248 1367 2291 et
1386 2245 1553 2291 audivi
1572 2247 1687 2303 post
1704 2261 1783 2292 me
1803 2260 1979 2294 vocem
1999 2262 2105 2292 ma-

1204 2326 1354 2371 gnam
1371 2315 1622 2370 tamquam
1640 2315 1807 2374 tubae,

1270 2397 1352 2442 11.
1388 2397 1599 2442 dicentis
1613 2410 1629 2442 :
1647 2397 1779 2454 quod
1799 2398 1957 2456 vides,
1978 2399 2105 2444 scri-

1204 2463 1338 2509 bein
1358 2462 1519 2520 libr03
1550 2465 1602 2508 et
1628 2465 1768 2510 mitte
1795 2467 1984 2521 septem
2003 2465 2106 2512 Ec-

1206 2529 1393 2588 clesiis,
1414 2543 1540 2586 quae
1561 2531 1678 2576 sunt
1694 2531 1747 2575 in
1765 2528 1887 2577 Asia
1900 2561 1914 2589 ‚
1933 2531 2105 2588 Ephe·

1206 2609 1291 2654 so,
1321 2598 1372 2642 et
1391 2597 1661 2655 Smyrnae,
1692 2599 1742 2642 et
1759 2598 2023 2656 Pergamo,
2056 2604 2108 2646 et

1207 2663 1497 2722 Thyatirae,
1538 2667 1589 2710 et
1625 2662 1813 2722 Sardis,
1851 2667 1903 2712 et
1934 2665 2106 2714 Phila-

1208 2731 1455 2790 delphiae,
1478 2733 1528 2777 et
1545 2731 1829 2777 Laodiciae.

1252 2855 1282 2874 ”¹
1302 2861 1338 2884 c.
1362 2853 1400 2892 5,
1427 2853 1485 2885 10.
1522 2848 1655 2884 Exod.
1682 2853 1748 2891 19,
1766 2851 1802 2886 6.
1866 2857 1887 2876 ¹⁸
1907 2862 1940 2887 c.
1960 2855 2028 2894 19,
2047 2856 2104 2887 11.

1206 2895 1314 2930 Dan.
1335 2899 1371 2938 7,
1391 2899 1447 2932 13.
1496 2902 1513 2921 ⁰
1530 2893 1621 2931 Joh.
1642 2899 1700 2938 19,
1711 2899 1767 2932 37.
1813 2904 1837 2930 P
1860 2909 1891 2934 c.
1910 2901 1971 2940 21,
1990 2901 2026 2935 6.
2044 2901 2104 2939 22,

1207 2945 1267 2978 13.
1284 2941 1365 2976 Jes.
1384 2943 1449 2984 44,
1466 2944 1503 2978 6.

354 3086 467 3142 Cap.
504 3086 543 3129 1.
611 3091 649 3130 1.
687 3087 828 3130 Jhesu
859 3087 1056 3138 Christi3
1091 3088 1201 3132 ibid.
1230 3087 1301 3131 illi
1338 3102 1478 3132 manu
1501 3092 1694 3132 secunda
1721 3090 1999 3147 adscriptum
2017 3097 2107 3142 αἱς

238 3142 348 3186 ibid.
368 3143 581 3185 Johanni.
639 3147 682 3185 3.
713 3148 760 3184 et
781 3145 854 3195 qui
875 3145 1060 3186 audiunt
1079 3149 1125 3186 et
1143 3149 1347 3193 servant;
1378 3144 1486 3187 ibid.
1513 3145 1561 3186 in
1588 3143 1669 3188 illa
1699 3148 1868 3202 scripta
1888 3149 2004 3188 sunt.
2062 3150 2103 3189 4.

239 3198 474 3241 Johannis.
533 3203 574 3242 5.
606 3205 652 3242 et
679 3199 732 3241 ab
761 3199 904 3241 Jhesu
934 3199 1126 3244 Christo.
1185 3205 1226 3243 6.
1259 3204 1305 3243 et
1332 3200 1445 3242 fecit
1472 3204 1671 3243 nostrum
1696 3215 1879 3254 regnum
1898 3201 2105 3244 sacerdo-

239 3261 310 3297 tes
335 3255 449 3296 Deo.
514 3257 555 3296 Ἰ.
587 3258 866 3310 pupucerunt
891 3255 1074 3312 (prima
1093 3257 1279 3310 manu);
1300 3260 1591 3311 pupuxerunt
1609 3258 2005 3310 (secundamanu).
2064 3261 2101 3302 9.

239 3323 322 3361 ego
344 3309 562 3352 Johannis
583 3309 676 3364 (ita
701 3310 918 3367 semper),
949 3310 1058 3355 ibid.
1081 3311 1304 3365 patientia
1323 3313 1369 3353 in
1388 3311 1495 3353 Jesu
1521 3314 1663 3367 (deest
1682 3311 1883 3365 Christo)
1900 3328 1911 3361 3
1931 3311 2036 3357 ibid.
2059 3314 2107 3355 in

239 3363 521 3416 insulamque
556 3366 788 3408 Pathmos.
851 3370 917 3408 11.
947 3371 994 3409 et
1023 3367 1149 3408 mitte
1181 3372 1353 3420 septem
1390 3366 1595 3410 ecclesiis
1623 3367 1849 3420 Ephesum
1877 3374 1924 3410 et
1950 3367 2107 3421 Zmyr-

243 3434 341 3462 nam
371 3427 416 3462 et
435 3419 695 3472 Pergamum
721 3427 767 3464 et
787 3421 1052 3474 Thyatiram
1083 3427 1130 3465 et
1149 3419 1307 3464 Sardis
1326 3428 1373 3465 et
1392 3422 1758 3479 Philadelphiam
1785 3426 1830 3465 et
1851 3423 2108 3468 Laodiciam

241 3475 426 3528 (desunt
443 3476 579 3518 verba
599 3490 710 3532 quae
730 3482 832 3520 sunt
850 3479 896 3521 in
917 3477 1062 3532 Asia).
