<?xml version="1.0" encoding="UTF-8"?>
<!DOCTYPE html PUBLIC "-//W3C//DTD XHTML 1.0 Transitional//EN"
    "http://www.w3.org/TR/xhtml1/DTD/xhtml1-transitional.dtd">
<html xmlns="http://www.w3.org/1999/xhtml" xml:lang="en" lang="en">
 <head>
  <title>
</title>
<meta http-equiv="Content-Type" content="text/html;charset=utf-8" />
  <meta name='ocr-system' content='tesseract 3.04.00' />
  <meta name='ocr-capabilities' content='ocr_page ocr_carea ocr_par ocr_line ocrx_word'/>
</head>
<body>
  <div class='ocr_page' id='page_1' title='image "./novumtestamentu01flecgoog_0259.png"; bbox 0 0 2376 3925; ppageno 0'>
   <div class='ocr_carea' id='block_1_1' title="bbox 466 213 1828 277">
    <p class='ocr_par' dir='ltr' id='par_1_1' title="bbox 466 213 1828 277">
     <span class='ocr_line' id='line_1_1' title="bbox 466 213 1828 277; baseline 0.007 -10"><span class='ocrx_word' id='word_1_1' title='bbox 466 215 737 269; x_wconf 80' lang='lat' dir='ltr'><strong>AC&#39;rUS</strong></span> <span class='ocrx_word' id='word_1_2' title='bbox 788 213 1444 271; x_wconf 81' lang='lat' dir='ltr'><strong>APOSTOLORUM.</strong></span> <span class='ocrx_word' id='word_1_3' title='bbox 1501 221 1668 274; x_wconf 84' lang='lat' dir='ltr'><strong>CAP.</strong></span> <span class='ocrx_word' id='word_1_4' title='bbox 1707 226 1828 277; x_wconf 83' lang='lat'><strong>4.5.</strong></span> 
     </span>
    </p>
   </div>
   <div class='ocr_carea' id='block_1_2' title="bbox 1997 231 2097 280">
    <p class='ocr_par' dir='ltr' id='par_1_2' title="bbox 1997 231 2097 280">
     <span class='ocr_line' id='line_1_2' title="bbox 1997 231 2097 280; baseline 0.02 -2"><span class='ocrx_word' id='word_1_5' title='bbox 1997 231 2097 280; x_wconf 78' lang='lat'><strong>191</strong></span> 
     </span>
    </p>
   </div>
   <div class='ocr_carea' id='block_1_3' title="bbox 222 291 2098 316">
    <p class='ocr_par' dir='ltr' id='par_1_3' title="bbox 222 291 2098 316">
     <span class='ocr_line' id='line_1_3' title="bbox 222 291 2098 316; baseline 0 3609"><span class='ocrx_word' id='word_1_6' title='bbox 222 291 2098 316; x_wconf 95' lang='lat' dir='ltr'><strong> </strong></span> 
     </span>
    </p>
   </div>
   <div class='ocr_carea' id='block_1_4' title="bbox 214 317 2095 392">
    <p class='ocr_par' dir='ltr' id='par_1_4' title="bbox 214 317 2095 392">
     <span class='ocr_line' id='line_1_4' title="bbox 214 317 2095 392; baseline 0.008 -28"><span class='ocrx_word' id='word_1_7' title='bbox 214 317 488 364; x_wconf 86' lang='lat' dir='ltr'><strong>eonsilium</strong></span> <span class='ocrx_word' id='word_1_8' title='bbox 512 321 657 365; x_wconf 87' lang='lat' dir='ltr'><strong>tuum</strong></span> <span class='ocrx_word' id='word_1_9' title='bbox 680 318 1015 367; x_wconf 82' lang='lat' dir='ltr'><strong>decreverunt</strong></span> <span class='ocrx_word' id='word_1_10' title='bbox 1031 321 1122 366; x_wconf 83' lang='lat' dir='ltr'><strong>fie-</strong></span> <span class='ocrx_word' id='word_1_11' title='bbox 1187 321 1350 368; x_wconf 81' lang='lat' dir='ltr'><strong>Filius</strong></span> <span class='ocrx_word' id='word_1_12' title='bbox 1403 325 1822 388; x_wconf 74' lang='lat' dir='ltr'><strong>consolationis),</strong></span> <span class='ocrx_word' id='word_1_13' title='bbox 1873 331 2095 392; x_wconf 85' lang='lat' dir='ltr'><strong>Levites,</strong></span> 
     </span>
    </p>
   </div>
   <div class='ocr_carea' id='block_1_5' title="bbox 208 386 1123 1304">
    <p class='ocr_par' dir='ltr' id='par_1_5' title="bbox 210 386 317 432">
     <span class='ocr_line' id='line_1_5' title="bbox 210 386 317 432; baseline -0.019 0"><span class='ocrx_word' id='word_1_14' title='bbox 210 386 264 432; x_wconf 83' lang='lat' dir='ltr'><strong>ri</strong></span> <span class='ocrx_word' id='word_1_15' title='bbox 276 391 317 430; x_wconf 68' lang='lat'><strong>³.</strong></span> 
     </span>
    </p>

    <p class='ocr_par' dir='ltr' id='par_1_6' title="bbox 210 451 1122 712">
     <span class='ocr_line' id='line_1_6' title="bbox 282 451 1122 512; baseline 0.006 -16"><span class='ocrx_word' id='word_1_16' title='bbox 282 454 363 497; x_wconf 81' lang='grc'><strong>29.</strong></span> <span class='ocrx_word' id='word_1_17' title='bbox 398 451 468 498; x_wconf 90' lang='lat' dir='ltr'><strong>Et</strong></span> <span class='ocrx_word' id='word_1_18' title='bbox 483 464 641 512; x_wconf 81' lang='lat' dir='ltr'><strong>nune,</strong></span> <span class='ocrx_word' id='word_1_19' title='bbox 659 452 897 501; x_wconf 83' lang='lat' dir='ltr'><strong>Domine!</strong></span> <span class='ocrx_word' id='word_1_20' title='bbox 923 453 1122 512; x_wconf 84' lang='lat' dir='ltr'><strong>respice</strong></span> 
     </span>
     <span class='ocr_line' id='line_1_7' title="bbox 210 518 1121 578; baseline 0.003 -14"><span class='ocrx_word' id='word_1_21' title='bbox 210 520 270 564; x_wconf 91' lang='lat' dir='ltr'><strong>in</strong></span> <span class='ocrx_word' id='word_1_22' title='bbox 286 518 453 564; x_wconf 85' lang='lat' dir='ltr'><strong>minas</strong></span> <span class='ocrx_word' id='word_1_23' title='bbox 472 531 667 578; x_wconf 86' lang='lat' dir='ltr'><strong>eorum,</strong></span> <span class='ocrx_word' id='word_1_24' title='bbox 688 522 741 566; x_wconf 89' lang='lat' dir='ltr'><strong>et</strong></span> <span class='ocrx_word' id='word_1_25' title='bbox 756 519 819 566; x_wconf 91' lang='lat' dir='ltr'><strong>da</strong></span> <span class='ocrx_word' id='word_1_26' title='bbox 838 520 1001 567; x_wconf 86' lang='lat' dir='ltr'><strong>servis</strong></span> <span class='ocrx_word' id='word_1_27' title='bbox 1021 521 1121 567; x_wconf 89' lang='lat' dir='ltr'><strong>tuis</strong></span> 
     </span>
     <span class='ocr_line' id='line_1_8' title="bbox 213 585 1122 645; baseline 0.002 -13"><span class='ocrx_word' id='word_1_28' title='bbox 213 599 328 632; x_wconf 81' lang='lat' dir='ltr'><strong>eum</strong></span> <span class='ocrx_word' id='word_1_29' title='bbox 346 586 490 632; x_wconf 89' lang='lat' dir='ltr'><strong>omni</strong></span> <span class='ocrx_word' id='word_1_30' title='bbox 509 585 719 634; x_wconf 78' lang='lat' dir='ltr'><strong>fiducia“</strong></span> <span class='ocrx_word' id='word_1_31' title='bbox 743 587 887 645; x_wconf 89' lang='lat' dir='ltr'><strong>loqui</strong></span> <span class='ocrx_word' id='word_1_32' title='bbox 915 589 1122 635; x_wconf 86' lang='lat' dir='ltr'><strong>verbum</strong></span> 
     </span>
     <span class='ocr_line' id='line_1_9' title="bbox 210 656 372 712; baseline -0.006 -13"><span class='ocrx_word' id='word_1_33' title='bbox 210 656 372 712; x_wconf 83' lang='lat' dir='ltr'><strong>tuum,</strong></span> 
     </span>
    </p>

    <p class='ocr_par' dir='ltr' id='par_1_7' title="bbox 208 719 1123 967">
     <span class='ocr_line' id='line_1_10' title="bbox 280 719 1121 780; baseline 0.004 -15"><span class='ocrx_word' id='word_1_34' title='bbox 280 721 363 766; x_wconf 81' lang='lat'><strong>30.</strong></span> <span class='ocrx_word' id='word_1_35' title='bbox 400 719 458 766; x_wconf 91' lang='lat' dir='ltr'><strong>in</strong></span> <span class='ocrx_word' id='word_1_36' title='bbox 476 732 567 780; x_wconf 90' lang='lat' dir='ltr'><strong>eo,</strong></span> <span class='ocrx_word' id='word_1_37' title='bbox 599 720 733 777; x_wconf 88' lang='lat' dir='ltr'><strong>quod</strong></span> <span class='ocrx_word' id='word_1_38' title='bbox 755 733 959 768; x_wconf 88' lang='lat' dir='ltr'><strong>manum</strong></span> <span class='ocrx_word' id='word_1_39' title='bbox 983 723 1121 768; x_wconf 88' lang='lat' dir='ltr'><strong>tuam</strong></span> 
     </span>
     <span class='ocr_line' id='line_1_11' title="bbox 212 787 1119 847; baseline 0.001 -13"><span class='ocrx_word' id='word_1_40' title='bbox 212 787 461 834; x_wconf 76' lang='lat' dir='ltr'><strong>extendas</strong></span> <span class='ocrx_word' id='word_1_41' title='bbox 482 787 543 832; x_wconf 87' lang='lat' dir='ltr'><strong>ad</strong></span> <span class='ocrx_word' id='word_1_42' title='bbox 572 787 840 847; x_wconf 75' lang='lat' dir='ltr'><strong>sanitates,</strong></span> <span class='ocrx_word' id='word_1_43' title='bbox 880 790 932 834; x_wconf 91' lang='lat' dir='ltr'><strong>et</strong></span> <span class='ocrx_word' id='word_1_44' title='bbox 956 789 1119 847; x_wconf 79' lang='lat' dir='ltr'><strong>signa,</strong></span> 
     </span>
     <span class='ocr_line' id='line_1_12' title="bbox 212 853 1123 913; baseline 0.005 -14"><span class='ocrx_word' id='word_1_45' title='bbox 212 858 267 900; x_wconf 86' lang='lat' dir='ltr'><strong>et</strong></span> <span class='ocrx_word' id='word_1_46' title='bbox 284 853 518 912; x_wconf 79' lang='lat' dir='ltr'><strong>prodigia</strong></span> <span class='ocrx_word' id='word_1_47' title='bbox 526 854 639 901; x_wconf 85' lang='lat' dir='ltr'><strong>fieri</strong></span> <span class='ocrx_word' id='word_1_48' title='bbox 655 867 747 913; x_wconf 86' lang='lat' dir='ltr'><strong>per</strong></span> <span class='ocrx_word' id='word_1_49' title='bbox 756 867 945 904; x_wconf 88' lang='lat' dir='ltr'><strong>nomen</strong></span> <span class='ocrx_word' id='word_1_50' title='bbox 960 857 1123 904; x_wconf 85' lang='lat' dir='ltr'><strong>sancti</strong></span> 
     </span>
     <span class='ocr_line' id='line_1_13' title="bbox 208 913 611 967; baseline 0.002 -1"><span class='ocrx_word' id='word_1_51' title='bbox 208 919 337 966; x_wconf 84' lang='lat' dir='ltr'><strong>Filii</strong></span> <span class='ocrx_word' id='word_1_52' title='bbox 350 921 425 967; x_wconf 88' lang='lat' dir='ltr'><strong>tui</strong></span> <span class='ocrx_word' id='word_1_53' title='bbox 440 913 611 967; x_wconf 66' lang='lat' dir='ltr'><strong>Jesub.</strong></span> 
     </span>
    </p>

    <p class='ocr_par' dir='ltr' id='par_1_8' title="bbox 209 987 1121 1304">
     <span class='ocr_line' id='line_1_14' title="bbox 284 987 1121 1050; baseline 0.005 -18"><span class='ocrx_word' id='word_1_54' title='bbox 284 988 363 1032; x_wconf 85' lang='grc'><strong>31.</strong></span> <span class='ocrx_word' id='word_1_55' title='bbox 393 987 463 1034; x_wconf 92' lang='lat' dir='ltr'><strong>Et</strong></span> <span class='ocrx_word' id='word_1_56' title='bbox 508 1001 619 1034; x_wconf 84' lang='lat' dir='ltr'><strong>eum</strong></span> <span class='ocrx_word' id='word_1_57' title='bbox 656 991 915 1050; x_wconf 72' lang='lat' dir='ltr'><strong>orassent,</strong></span> <span class='ocrx_word' id='word_1_58' title='bbox 953 991 1121 1036; x_wconf 85' lang='lat' dir='ltr'><strong>motus</strong></span> 
     </span>
     <span class='ocr_line' id='line_1_15' title="bbox 212 1053 1119 1114; baseline 0.004 -14"><span class='ocrx_word' id='word_1_59' title='bbox 212 1057 296 1100; x_wconf 82' lang='lat' dir='ltr'><strong>est</strong></span> <span class='ocrx_word' id='word_1_60' title='bbox 313 1053 478 1114; x_wconf 85' lang='lat' dir='ltr'><strong>loeus,</strong></span> <span class='ocrx_word' id='word_1_61' title='bbox 508 1055 563 1100; x_wconf 89' lang='lat' dir='ltr'><strong>in</strong></span> <span class='ocrx_word' id='word_1_62' title='bbox 592 1068 692 1112; x_wconf 90' lang='lat' dir='ltr'><strong>quo</strong></span> <span class='ocrx_word' id='word_1_63' title='bbox 726 1057 872 1103; x_wconf 86' lang='lat' dir='ltr'><strong>erant</strong></span> <span class='ocrx_word' id='word_1_64' title='bbox 900 1068 1119 1114; x_wconf 79' lang='lat' dir='ltr'><strong>congre-</strong></span> 
     </span>
     <span class='ocr_line' id='line_1_16' title="bbox 211 1121 1118 1181; baseline 0.004 -15"><span class='ocrx_word' id='word_1_65' title='bbox 211 1121 346 1179; x_wconf 68' lang='lat' dir='ltr'><strong>gati,</strong></span> <span class='ocrx_word' id='word_1_66' title='bbox 375 1124 425 1168; x_wconf 88' lang='lat' dir='ltr'><strong>et</strong></span> <span class='ocrx_word' id='word_1_67' title='bbox 439 1121 622 1180; x_wconf 86' lang='lat' dir='ltr'><strong>repleti</strong></span> <span class='ocrx_word' id='word_1_68' title='bbox 648 1124 768 1170; x_wconf 89' lang='lat' dir='ltr'><strong>sunt</strong></span> <span class='ocrx_word' id='word_1_69' title='bbox 796 1135 971 1169; x_wconf 87' lang='lat' dir='ltr'><strong>omnes</strong></span> <span class='ocrx_word' id='word_1_70' title='bbox 1002 1123 1118 1181; x_wconf 85' lang='lat' dir='ltr'><strong>Spi-</strong></span> 
     </span>
     <span class='ocr_line' id='line_1_17' title="bbox 209 1188 1117 1248; baseline 0.004 -14"><span class='ocrx_word' id='word_1_71' title='bbox 209 1188 315 1234; x_wconf 86' lang='lat' dir='ltr'><strong>ritu</strong></span> <span class='ocrx_word' id='word_1_72' title='bbox 336 1191 509 1235; x_wconf 82' lang='lat' dir='ltr'><strong>sancto</strong></span> <span class='ocrx_word' id='word_1_73' title='bbox 520 1197 558 1248; x_wconf 80' lang='lat'><strong>⁰,</strong></span> <span class='ocrx_word' id='word_1_74' title='bbox 580 1191 633 1236; x_wconf 90' lang='lat' dir='ltr'><strong>et</strong></span> <span class='ocrx_word' id='word_1_75' title='bbox 649 1189 987 1247; x_wconf 77' lang='lat' dir='ltr'><strong>loquebantur</strong></span> <span class='ocrx_word' id='word_1_76' title='bbox 1000 1203 1117 1238; x_wconf 87' lang='lat' dir='ltr'><strong>ver-</strong></span> 
     </span>
     <span class='ocr_line' id='line_1_18' title="bbox 212 1255 787 1304; baseline 0.005 -3"><span class='ocrx_word' id='word_1_77' title='bbox 212 1257 331 1302; x_wconf 88' lang='lat' dir='ltr'><strong>bum</strong></span> <span class='ocrx_word' id='word_1_78' title='bbox 347 1255 447 1302; x_wconf 88' lang='lat' dir='ltr'><strong>Dei</strong></span> <span class='ocrx_word' id='word_1_79' title='bbox 466 1269 574 1302; x_wconf 88' lang='lat' dir='ltr'><strong>cum</strong></span> <span class='ocrx_word' id='word_1_80' title='bbox 592 1257 787 1304; x_wconf 83' lang='lat' dir='ltr'><strong>fiducia.</strong></span> 
     </span>
    </p>
   </div>
   <div class='ocr_carea' id='block_1_6' title="bbox 193 1339 1116 2959">
    <p class='ocr_par' dir='ltr' id='par_1_9' title="bbox 204 1339 1116 1720">
     <span class='ocr_line' id='line_1_19' title="bbox 276 1339 1114 1389; baseline 0.005 -4"><span class='ocrx_word' id='word_1_81' title='bbox 276 1340 363 1385; x_wconf 89' lang='grc'><strong>32.</strong></span> <span class='ocrx_word' id='word_1_82' title='bbox 412 1339 745 1387; x_wconf 82' lang='lat' dir='ltr'><strong>Multitudinis</strong></span> <span class='ocrx_word' id='word_1_83' title='bbox 788 1343 957 1388; x_wconf 87' lang='lat' dir='ltr'><strong>autem</strong></span> <span class='ocrx_word' id='word_1_84' title='bbox 999 1355 1114 1389; x_wconf 87' lang='lat' dir='ltr'><strong>ere-</strong></span> 
     </span>
     <span class='ocr_line' id='line_1_20' title="bbox 210 1405 1116 1468; baseline 0.008 -18"><span class='ocrx_word' id='word_1_85' title='bbox 210 1405 433 1452; x_wconf 87' lang='lat' dir='ltr'><strong>dentium</strong></span> <span class='ocrx_word' id='word_1_86' title='bbox 453 1410 562 1453; x_wconf 85' lang='lat' dir='ltr'><strong>erat</strong></span> <span class='ocrx_word' id='word_1_87' title='bbox 578 1420 669 1454; x_wconf 86' lang='lat' dir='ltr'><strong>cor</strong></span> <span class='ocrx_word' id='word_1_88' title='bbox 684 1421 857 1468; x_wconf 90' lang='lat' dir='ltr'><strong>unum,</strong></span> <span class='ocrx_word' id='word_1_89' title='bbox 879 1411 932 1455; x_wconf 90' lang='lat' dir='ltr'><strong>et</strong></span> <span class='ocrx_word' id='word_1_90' title='bbox 948 1409 1116 1457; x_wconf 88' lang='lat' dir='ltr'><strong>anima</strong></span> 
     </span>
     <span class='ocr_line' id='line_1_21' title="bbox 206 1474 1113 1536; baseline 0.007 -18"><span class='ocrx_word' id='word_1_91' title='bbox 206 1485 337 1531; x_wconf 83' lang='lat' dir='ltr'><strong>una3</strong></span> <span class='ocrx_word' id='word_1_92' title='bbox 365 1486 460 1520; x_wconf 83' lang='lat' dir='ltr'><strong>nee</strong></span> <span class='ocrx_word' id='word_1_93' title='bbox 479 1474 739 1532; x_wconf 85' lang='lat' dir='ltr'><strong>quisquam</strong></span> <span class='ocrx_word' id='word_1_94' title='bbox 758 1488 931 1522; x_wconf 87' lang='lat' dir='ltr'><strong>eorum</strong></span> <span class='ocrx_word' id='word_1_95' title='bbox 944 1507 959 1536; x_wconf 94' lang='lat'><strong>,</strong></span> <span class='ocrx_word' id='word_1_96' title='bbox 984 1489 1113 1534; x_wconf 87' lang='lat' dir='ltr'><strong>quae</strong></span> 
     </span>
     <span class='ocr_line' id='line_1_22' title="bbox 206 1539 1111 1600; baseline 0.007 -15"><span class='ocrx_word' id='word_1_97' title='bbox 206 1539 513 1600; x_wconf 77' lang='lat' dir='ltr'><strong>possidebat,</strong></span> <span class='ocrx_word' id='word_1_98' title='bbox 532 1541 722 1598; x_wconf 88' lang='lat' dir='ltr'><strong>aliquid</strong></span> <span class='ocrx_word' id='word_1_99' title='bbox 740 1555 884 1588; x_wconf 88' lang='lat' dir='ltr'><strong>suum</strong></span> <span class='ocrx_word' id='word_1_100' title='bbox 902 1557 1015 1590; x_wconf 84' lang='lat' dir='ltr'><strong>esse</strong></span> <span class='ocrx_word' id='word_1_101' title='bbox 1034 1542 1111 1590; x_wconf 89' lang='lat' dir='ltr'><strong>di-</strong></span> 
     </span>
     <span class='ocr_line' id='line_1_23' title="bbox 208 1607 1113 1666; baseline 0.004 -12"><span class='ocrx_word' id='word_1_102' title='bbox 208 1609 370 1666; x_wconf 84' lang='lat' dir='ltr'><strong>cebat,</strong></span> <span class='ocrx_word' id='word_1_103' title='bbox 390 1607 480 1654; x_wconf 87' lang='lat' dir='ltr'><strong>sed</strong></span> <span class='ocrx_word' id='word_1_104' title='bbox 499 1612 645 1655; x_wconf 86' lang='lat' dir='ltr'><strong>erant</strong></span> <span class='ocrx_word' id='word_1_105' title='bbox 662 1608 764 1655; x_wconf 87' lang='lat' dir='ltr'><strong>illis</strong></span> <span class='ocrx_word' id='word_1_106' title='bbox 784 1610 954 1656; x_wconf 80' lang='lat' dir='ltr'><strong>omnia</strong></span> <span class='ocrx_word' id='word_1_107' title='bbox 972 1623 1113 1658; x_wconf 87' lang='lat' dir='ltr'><strong>eom-</strong></span> 
     </span>
     <span class='ocr_line' id='line_1_24' title="bbox 204 1667 435 1720; baseline 0 0"><span class='ocrx_word' id='word_1_108' title='bbox 204 1675 378 1720; x_wconf 87' lang='lat' dir='ltr'><strong>munia</strong></span> <span class='ocrx_word' id='word_1_109' title='bbox 390 1667 435 1720; x_wconf 64' lang='grc' dir='ltr'><strong>ἆ.</strong></span> 
     </span>
    </p>

    <p class='ocr_par' dir='ltr' id='par_1_10' title="bbox 201 1741 1115 2058">
     <span class='ocr_line' id='line_1_25' title="bbox 272 1741 1113 1798; baseline 0.001 -10"><span class='ocrx_word' id='word_1_110' title='bbox 272 1743 356 1788; x_wconf 84' lang='grc'><strong>33.</strong></span> <span class='ocrx_word' id='word_1_111' title='bbox 392 1741 463 1787; x_wconf 90' lang='lat' dir='ltr'><strong>Et</strong></span> <span class='ocrx_word' id='word_1_112' title='bbox 490 1741 677 1786; x_wconf 88' lang='lat' dir='ltr'><strong>virtute</strong></span> <span class='ocrx_word' id='word_1_113' title='bbox 712 1753 896 1798; x_wconf 85' lang='lat' dir='ltr'><strong>magna</strong></span> <span class='ocrx_word' id='word_1_114' title='bbox 929 1743 1113 1789; x_wconf 88' lang='lat' dir='ltr'><strong>redde-</strong></span> 
     </span>
     <span class='ocr_line' id='line_1_26' title="bbox 202 1806 1114 1865; baseline -0.002 -9"><span class='ocrx_word' id='word_1_115' title='bbox 202 1811 325 1856; x_wconf 86' lang='lat' dir='ltr'><strong>bant</strong></span> <span class='ocrx_word' id='word_1_116' title='bbox 334 1806 574 1865; x_wconf 79' lang='lat' dir='ltr'><strong>Apostoli</strong></span> <span class='ocrx_word' id='word_1_117' title='bbox 590 1807 931 1853; x_wconf 86' lang='lat' dir='ltr'><strong>testimonium</strong></span> <span class='ocrx_word' id='word_1_118' title='bbox 940 1822 1114 1854; x_wconf 85' lang='lat' dir='ltr'><strong>resur-</strong></span> 
     </span>
     <span class='ocr_line' id='line_1_27' title="bbox 202 1874 1115 1922; baseline -0.001 0"><span class='ocrx_word' id='word_1_119' title='bbox 202 1874 453 1922; x_wconf 77' lang='lat' dir='ltr'><strong>rectionis</strong></span> <span class='ocrx_word' id='word_1_120' title='bbox 509 1875 633 1920; x_wconf 80' lang='lat' dir='ltr'><strong>Jesu</strong></span> <span class='ocrx_word' id='word_1_121' title='bbox 678 1874 864 1920; x_wconf 86' lang='lat' dir='ltr'><strong>Christi</strong></span> <span class='ocrx_word' id='word_1_122' title='bbox 907 1875 1115 1922; x_wconf 86' lang='lat' dir='ltr'><strong>Domini</strong></span> 
     </span>
     <span class='ocr_line' id='line_1_28' title="bbox 201 1939 1113 2002; baseline 0.001 -12"><span class='ocrx_word' id='word_1_123' title='bbox 201 1942 397 2001; x_wconf 81' lang='lat' dir='ltr'><strong>nostri3</strong></span> <span class='ocrx_word' id='word_1_124' title='bbox 438 1942 491 1989; x_wconf 87' lang='lat' dir='ltr'><strong>et</strong></span> <span class='ocrx_word' id='word_1_125' title='bbox 525 1939 689 2000; x_wconf 83' lang='lat' dir='ltr'><strong>gratia</strong></span> <span class='ocrx_word' id='word_1_126' title='bbox 714 1954 897 2002; x_wconf 82' lang='lat' dir='ltr'><strong>magna</strong></span> <span class='ocrx_word' id='word_1_127' title='bbox 922 1945 1033 1991; x_wconf 85' lang='lat' dir='ltr'><strong>erat</strong></span> <span class='ocrx_word' id='word_1_128' title='bbox 1058 1943 1113 1991; x_wconf 92' lang='lat' dir='ltr'><strong>in</strong></span> 
     </span>
     <span class='ocr_line' id='line_1_29' title="bbox 203 2008 576 2058; baseline -0.005 -1"><span class='ocrx_word' id='word_1_129' title='bbox 203 2010 439 2058; x_wconf 84' lang='lat' dir='ltr'><strong>omnibus</strong></span> <span class='ocrx_word' id='word_1_130' title='bbox 456 2008 576 2055; x_wconf 90' lang='lat' dir='ltr'><strong>illis.</strong></span> 
     </span>
    </p>

    <p class='ocr_par' dir='ltr' id='par_1_11' title="bbox 196 2092 1111 2489">
     <span class='ocr_line' id='line_1_30' title="bbox 270 2092 1111 2154; baseline 0.002 -13"><span class='ocrx_word' id='word_1_131' title='bbox 270 2096 355 2141; x_wconf 82' lang='lat'><strong>34.</strong></span> <span class='ocrx_word' id='word_1_132' title='bbox 419 2094 592 2151; x_wconf 86' lang='lat' dir='ltr'><strong>Neque</strong></span> <span class='ocrx_word' id='word_1_133' title='bbox 658 2092 794 2141; x_wconf 84' lang='lat' dir='ltr'><strong>enim</strong></span> <span class='ocrx_word' id='word_1_134' title='bbox 852 2095 1111 2154; x_wconf 88' lang='lat' dir='ltr'><strong>quisquam</strong></span> 
     </span>
     <span class='ocr_line' id='line_1_31' title="bbox 202 2160 1111 2222; baseline 0.001 -12"><span class='ocrx_word' id='word_1_135' title='bbox 202 2175 363 2222; x_wconf 83' lang='lat' dir='ltr'><strong>egens</strong></span> <span class='ocrx_word' id='word_1_136' title='bbox 384 2164 492 2209; x_wconf 86' lang='lat' dir='ltr'><strong>erat</strong></span> <span class='ocrx_word' id='word_1_137' title='bbox 520 2161 657 2207; x_wconf 89' lang='lat' dir='ltr'><strong>inter</strong></span> <span class='ocrx_word' id='word_1_138' title='bbox 684 2160 832 2220; x_wconf 80' lang='lat' dir='ltr'><strong>illos3</strong></span> <span class='ocrx_word' id='word_1_139' title='bbox 864 2165 1111 2221; x_wconf 85' lang='lat' dir='ltr'><strong>quotquot</strong></span> 
     </span>
     <span class='ocr_line' id='line_1_32' title="bbox 200 2229 1111 2289; baseline 0 -12"><span class='ocrx_word' id='word_1_140' title='bbox 200 2229 344 2277; x_wconf 89' lang='lat' dir='ltr'><strong>enim</strong></span> <span class='ocrx_word' id='word_1_141' title='bbox 377 2241 699 2287; x_wconf 79' lang='lat' dir='ltr'><strong>possessores</strong></span> <span class='ocrx_word' id='word_1_142' title='bbox 730 2241 995 2289; x_wconf 82' lang='lat' dir='ltr'><strong>agrorum,</strong></span> <span class='ocrx_word' id='word_1_143' title='bbox 1024 2235 1111 2277; x_wconf 86' lang='lat' dir='ltr'><strong>aut</strong></span> 
     </span>
     <span class='ocr_line' id='line_1_33' title="bbox 200 2295 1108 2355; baseline 0.003 -13"><span class='ocrx_word' id='word_1_144' title='bbox 200 2297 469 2343; x_wconf 87' lang='lat' dir='ltr'><strong>domorum</strong></span> <span class='ocrx_word' id='word_1_145' title='bbox 492 2297 664 2355; x_wconf 89' lang='lat' dir='ltr'><strong>erant,</strong></span> <span class='ocrx_word' id='word_1_146' title='bbox 693 2295 1003 2343; x_wconf 79' lang='lat' dir='ltr'><strong>vendentes⁰</strong></span> <span class='ocrx_word' id='word_1_147' title='bbox 1028 2300 1108 2345; x_wconf 81' lang='lat' dir='ltr'><strong>af-</strong></span> 
     </span>
     <span class='ocr_line' id='line_1_34' title="bbox 196 2362 1109 2422; baseline 0 -11"><span class='ocrx_word' id='word_1_148' title='bbox 196 2364 435 2411; x_wconf 78' lang='lat' dir='ltr'><strong>ferebant</strong></span> <span class='ocrx_word' id='word_1_149' title='bbox 452 2362 613 2421; x_wconf 87' lang='lat' dir='ltr'><strong>pretia</strong></span> <span class='ocrx_word' id='word_1_150' title='bbox 628 2375 820 2422; x_wconf 87' lang='lat' dir='ltr'><strong>eorum,</strong></span> <span class='ocrx_word' id='word_1_151' title='bbox 834 2377 961 2421; x_wconf 89' lang='lat' dir='ltr'><strong>quae</strong></span> <span class='ocrx_word' id='word_1_152' title='bbox 980 2376 1109 2412; x_wconf 87' lang='lat' dir='ltr'><strong>ven-</strong></span> 
     </span>
     <span class='ocr_line' id='line_1_35' title="bbox 197 2430 406 2489; baseline -0.01 -12"><span class='ocrx_word' id='word_1_153' title='bbox 197 2430 406 2489; x_wconf 86' lang='lat' dir='ltr'><strong>debant,</strong></span> 
     </span>
    </p>

    <p class='ocr_par' dir='ltr' id='par_1_12' title="bbox 193 2498 1107 2746">
     <span class='ocr_line' id='line_1_36' title="bbox 268 2498 1107 2557; baseline 0.004 -14"><span class='ocrx_word' id='word_1_154' title='bbox 268 2498 351 2544; x_wconf 83' lang='grc'><strong>35.</strong></span> <span class='ocrx_word' id='word_1_155' title='bbox 396 2498 448 2544; x_wconf 88' lang='lat' dir='ltr'><strong>et</strong></span> <span class='ocrx_word' id='word_1_156' title='bbox 491 2498 750 2555; x_wconf 86' lang='lat' dir='ltr'><strong>ponebant</strong></span> <span class='ocrx_word' id='word_1_157' title='bbox 800 2499 917 2545; x_wconf 89' lang='lat' dir='ltr'><strong>ante</strong></span> <span class='ocrx_word' id='word_1_158' title='bbox 952 2499 1107 2557; x_wconf 87' lang='lat' dir='ltr'><strong>pedes</strong></span> 
     </span>
     <span class='ocr_line' id='line_1_37' title="bbox 194 2563 1106 2623; baseline 0.003 -12"><span class='ocrx_word' id='word_1_159' title='bbox 194 2565 578 2623; x_wconf 80' lang='lat' dir='ltr'><strong>Apostolorum.</strong></span> <span class='ocrx_word' id='word_1_160' title='bbox 645 2563 977 2613; x_wconf 84' lang='lat' dir='ltr'><strong>Dividebatur</strong></span> <span class='ocrx_word' id='word_1_161' title='bbox 1012 2579 1106 2614; x_wconf 88' lang='lat' dir='ltr'><strong>au-</strong></span> 
     </span>
     <span class='ocr_line' id='line_1_38' title="bbox 193 2631 1106 2692; baseline 0.003 -14"><span class='ocrx_word' id='word_1_162' title='bbox 193 2636 303 2678; x_wconf 86' lang='lat' dir='ltr'><strong>tem</strong></span> <span class='ocrx_word' id='word_1_163' title='bbox 320 2631 560 2691; x_wconf 82' lang='lat' dir='ltr'><strong>singulis,</strong></span> <span class='ocrx_word' id='word_1_164' title='bbox 589 2632 743 2689; x_wconf 84' lang='lat' dir='ltr'><strong>prout</strong></span> <span class='ocrx_word' id='word_1_165' title='bbox 768 2632 947 2691; x_wconf 81' lang='lat' dir='ltr'><strong>cuique</strong></span> <span class='ocrx_word' id='word_1_166' title='bbox 978 2646 1106 2692; x_wconf 86' lang='lat' dir='ltr'><strong>opus</strong></span> 
     </span>
     <span class='ocr_line' id='line_1_39' title="bbox 198 2700 328 2746; baseline -0.008 -1"><span class='ocrx_word' id='word_1_167' title='bbox 198 2700 328 2746; x_wconf 86' lang='lat' dir='ltr'><strong>erat.</strong></span> 
     </span>
    </p>

    <p class='ocr_par' dir='ltr' id='par_1_13' title="bbox 194 2764 1104 2959">
     <span class='ocr_line' id='line_1_40' title="bbox 267 2764 1104 2825; baseline 0.002 -14"><span class='ocrx_word' id='word_1_168' title='bbox 267 2766 351 2811; x_wconf 98' lang='grc'><strong>36.</strong></span> <span class='ocrx_word' id='word_1_169' title='bbox 383 2764 574 2822; x_wconf 79' lang='lat' dir='ltr'><strong>Joseph</strong></span> <span class='ocrx_word' id='word_1_170' title='bbox 594 2767 781 2825; x_wconf 83' lang='lat' dir='ltr'><strong>autem,</strong></span> <span class='ocrx_word' id='word_1_171' title='bbox 803 2766 889 2823; x_wconf 90' lang='lat' dir='ltr'><strong>qui</strong></span> <span class='ocrx_word' id='word_1_172' title='bbox 908 2778 1104 2825; x_wconf 79' lang='lat' dir='ltr'><strong>eogno-</strong></span> 
     </span>
     <span class='ocr_line' id='line_1_41' title="bbox 194 2824 1103 2890; baseline 0.001 -11"><span class='ocrx_word' id='word_1_173' title='bbox 194 2832 419 2879; x_wconf 86' lang='lat' dir='ltr'><strong>minatns</strong></span> <span class='ocrx_word' id='word_1_174' title='bbox 449 2835 527 2879; x_wconf 88' lang='lat' dir='ltr'><strong>est</strong></span> <span class='ocrx_word' id='word_1_175' title='bbox 552 2824 853 2878; x_wconf 85' lang='lat' dir='ltr'><strong>Barnabass</strong></span> <span class='ocrx_word' id='word_1_176' title='bbox 881 2834 943 2880; x_wconf 87' lang='lat' dir='ltr'><strong>ab</strong></span> <span class='ocrx_word' id='word_1_177' title='bbox 962 2835 1103 2890; x_wconf 90' lang='lat' dir='ltr'><strong>Apo-</strong></span> 
     </span>
     <span class='ocr_line' id='line_1_42' title="bbox 194 2898 1103 2959; baseline 0.002 -14"><span class='ocrx_word' id='word_1_178' title='bbox 194 2900 347 2947; x_wconf 88' lang='lat' dir='ltr'><strong>stolis</strong></span> <span class='ocrx_word' id='word_1_179' title='bbox 400 2898 559 2959; x_wconf 88' lang='lat' dir='ltr'><strong>(quod</strong></span> <span class='ocrx_word' id='word_1_180' title='bbox 593 2900 670 2945; x_wconf 86' lang='lat' dir='ltr'><strong>est</strong></span> <span class='ocrx_word' id='word_1_181' title='bbox 719 2898 1103 2957; x_wconf 84' lang='lat' dir='ltr'><strong>interpretatum</strong></span> 
     </span>
    </p>
   </div>
   <div class='ocr_carea' id='block_1_7' title="bbox 190 3014 1100 3152">
    <p class='ocr_par' dir='ltr' id='par_1_14' title="bbox 190 3014 1100 3152">
     <span class='ocr_line' id='line_1_43' title="bbox 244 3014 1100 3090; baseline 0.001 -37"><span class='ocrx_word' id='word_1_182' title='bbox 244 3026 262 3042; x_wconf 56' lang='grc' dir='ltr'><strong>ὃ</strong></span> <span class='ocrx_word' id='word_1_183' title='bbox 282 3029 319 3054; x_wconf 83' lang='lat' dir='ltr'><strong>e.</strong></span> <span class='ocrx_word' id='word_1_184' title='bbox 334 3020 373 3059; x_wconf 82' lang='lat'><strong>3,</strong></span> <span class='ocrx_word' id='word_1_185' title='bbox 392 3018 453 3063; x_wconf 65' lang='lat'><strong>18.</strong></span> <span class='ocrx_word' id='word_1_186' title='bbox 516 3023 539 3043; x_wconf 74' lang='lat'><em>⁰</em></span> <span class='ocrx_word' id='word_1_187' title='bbox 552 3014 663 3090; x_wconf 51' lang='lat' dir='ltr'><strong>Eyh.</strong></span> <span class='ocrx_word' id='word_1_188' title='bbox 678 3018 717 3059; x_wconf 77' lang='grc' dir='ltr'><strong>ὃ,</strong></span> <span class='ocrx_word' id='word_1_189' title='bbox 734 3019 797 3053; x_wconf 80' lang='lat'><strong>19.</strong></span> <span class='ocrx_word' id='word_1_190' title='bbox 862 3014 879 3042; x_wconf 71' lang='grc' dir='ltr'>δ</span> <span class='ocrx_word' id='word_1_191' title='bbox 896 3016 1022 3053; x_wconf 79' lang='lat' dir='ltr'><strong>Marc.</strong></span> <span class='ocrx_word' id='word_1_192' title='bbox 1041 3020 1100 3061; x_wconf 85' lang='lat'><strong>16,</strong></span> 
     </span>
     <span class='ocr_line' id='line_1_44' title="bbox 190 3064 1098 3110; baseline -0.002 -9"><span class='ocrx_word' id='word_1_193' title='bbox 190 3068 254 3101; x_wconf 83' lang='lat'><strong>1⁷.</strong></span> <span class='ocrx_word' id='word_1_194' title='bbox 304 3070 322 3090; x_wconf 77' lang='lat'><em>⁰</em></span> <span class='ocrx_word' id='word_1_195' title='bbox 340 3075 374 3099; x_wconf 88' lang='lat' dir='ltr'><strong>c.</strong></span> <span class='ocrx_word' id='word_1_196' title='bbox 394 3066 432 3106; x_wconf 87' lang='lat'><strong>2,</strong></span> <span class='ocrx_word' id='word_1_197' title='bbox 450 3068 485 3101; x_wconf 87' lang='lat'><strong>1.</strong></span> <span class='ocrx_word' id='word_1_198' title='bbox 504 3066 543 3100; x_wconf 81' lang='lat'><strong>4.</strong></span> <span class='ocrx_word' id='word_1_199' title='bbox 631 3072 664 3099; x_wconf 88' lang='lat' dir='ltr'><strong>c.</strong></span> <span class='ocrx_word' id='word_1_200' title='bbox 681 3066 727 3105; x_wconf 92' lang='lat'><strong>2,</strong></span> <span class='ocrx_word' id='word_1_201' title='bbox 753 3064 820 3098; x_wconf 77' lang='lat'><strong>44.</strong></span> <span class='ocrx_word' id='word_1_202' title='bbox 840 3072 925 3110; x_wconf 85' lang='lat' dir='ltr'><strong>sqq.</strong></span> <span class='ocrx_word' id='word_1_203' title='bbox 974 3069 991 3087; x_wconf 57' lang='grc' dir='ltr'><em>θ</em></span> <span class='ocrx_word' id='word_1_204' title='bbox 1010 3075 1042 3099; x_wconf 82' lang='lat' dir='ltr'><strong>e.</strong></span> <span class='ocrx_word' id='word_1_205' title='bbox 1061 3066 1098 3105; x_wconf 80' lang='lat'><strong>2,</strong></span> 
     </span>
     <span class='ocr_line' id='line_1_45' title="bbox 190 3106 803 3152; baseline -0.002 -5"><span class='ocrx_word' id='word_1_206' title='bbox 190 3113 255 3147; x_wconf 76' lang='lat'><strong>45.</strong></span> <span class='ocrx_word' id='word_1_207' title='bbox 288 3109 390 3147; x_wconf 79' lang='lat' dir='ltr'><strong>Luc.</strong></span> <span class='ocrx_word' id='word_1_208' title='bbox 409 3112 469 3152; x_wconf 88' lang='lat'><strong>12,</strong></span> <span class='ocrx_word' id='word_1_209' title='bbox 486 3112 547 3147; x_wconf 78' lang='lat'><strong>33.</strong></span> <span class='ocrx_word' id='word_1_210' title='bbox 591 3106 619 3141; x_wconf 67' lang='lat' dir='ltr'><strong>f</strong></span> <span class='ocrx_word' id='word_1_211' title='bbox 636 3121 671 3147; x_wconf 75' lang='lat' dir='ltr'><strong>c.</strong></span> <span class='ocrx_word' id='word_1_212' title='bbox 687 3112 727 3151; x_wconf 81' lang='lat'><strong>9,</strong></span> <span class='ocrx_word' id='word_1_213' title='bbox 744 3112 803 3146; x_wconf 83' lang='lat'><strong>27.</strong></span> 
     </span>
    </p>
   </div>
   <div class='ocr_carea' id='block_1_8' title="bbox 1186 388 2096 653">
    <p class='ocr_par' dir='ltr' id='par_1_15' title="bbox 1192 388 1635 451">
     <span class='ocr_line' id='line_1_46' title="bbox 1192 388 1635 451; baseline 0.014 -19"><span class='ocrx_word' id='word_1_214' title='bbox 1192 388 1408 447; x_wconf 83' lang='lat' dir='ltr'><strong>Cyprius</strong></span> <span class='ocrx_word' id='word_1_215' title='bbox 1428 403 1635 451; x_wconf 82' lang='lat' dir='ltr'><strong>genere,</strong></span> 
     </span>
    </p>

    <p class='ocr_par' dir='ltr' id='par_1_16' title="bbox 1186 456 2096 653">
     <span class='ocr_line' id='line_1_47' title="bbox 1257 456 2094 524; baseline 0.017 -24"><span class='ocrx_word' id='word_1_216' title='bbox 1257 456 1338 501; x_wconf 77' lang='grc'><strong>37.</strong></span> <span class='ocrx_word' id='word_1_217' title='bbox 1375 470 1488 502; x_wconf 84' lang='lat' dir='ltr'><strong>cum</strong></span> <span class='ocrx_word' id='word_1_218' title='bbox 1505 458 1713 507; x_wconf 84' lang='lat' dir='ltr'><strong>haberet</strong></span> <span class='ocrx_word' id='word_1_219' title='bbox 1735 475 1938 524; x_wconf 81' lang='lat' dir='ltr'><strong>agrum,</strong></span> <span class='ocrx_word' id='word_1_220' title='bbox 1966 478 2094 513; x_wconf 86' lang='lat' dir='ltr'><strong>ven-</strong></span> 
     </span>
     <span class='ocr_line' id='line_1_48' title="bbox 1191 521 2096 592; baseline 0.015 -26"><span class='ocrx_word' id='word_1_221' title='bbox 1191 521 1315 568; x_wconf 84' lang='lat' dir='ltr'><strong>didit</strong></span> <span class='ocrx_word' id='word_1_222' title='bbox 1333 536 1472 583; x_wconf 88' lang='lat' dir='ltr'><strong>eum,</strong></span> <span class='ocrx_word' id='word_1_223' title='bbox 1503 526 1556 571; x_wconf 88' lang='lat' dir='ltr'><strong>et</strong></span> <span class='ocrx_word' id='word_1_224' title='bbox 1586 527 1752 574; x_wconf 86' lang='lat' dir='ltr'><strong>attulit</strong></span> <span class='ocrx_word' id='word_1_225' title='bbox 1769 531 2012 592; x_wconf 89' lang='lat' dir='ltr'><strong>pretium,</strong></span> <span class='ocrx_word' id='word_1_226' title='bbox 2043 537 2096 580; x_wconf 79' lang='lat' dir='ltr'><strong>et</strong></span> 
     </span>
     <span class='ocr_line' id='line_1_49' title="bbox 1186 589 2058 653; baseline 0.014 -19"><span class='ocrx_word' id='word_1_227' title='bbox 1186 589 1358 646; x_wconf 83' lang='lat' dir='ltr'><strong>posuit</strong></span> <span class='ocrx_word' id='word_1_228' title='bbox 1376 593 1494 637; x_wconf 88' lang='lat' dir='ltr'><strong>ante</strong></span> <span class='ocrx_word' id='word_1_229' title='bbox 1513 592 1667 649; x_wconf 85' lang='lat' dir='ltr'><strong>pedes</strong></span> <span class='ocrx_word' id='word_1_230' title='bbox 1684 596 2058 653; x_wconf 83' lang='lat' dir='ltr'><strong>Apostolorum.</strong></span> 
     </span>
    </p>
   </div>
   <div class='ocr_carea' id='block_1_9' title="bbox 1491 791 1790 846">
    <p class='ocr_par' dir='ltr' id='par_1_17' title="bbox 1491 791 1790 846">
     <span class='ocr_line' id='line_1_50' title="bbox 1491 791 1790 846; baseline 0.003 -5"><span class='ocrx_word' id='word_1_231' title='bbox 1491 791 1662 842; x_wconf 84' lang='lat' dir='ltr'><strong>GAP.</strong></span> <span class='ocrx_word' id='word_1_232' title='bbox 1720 794 1790 846; x_wconf 89' lang='lat' dir='ltr'><strong>V.</strong></span> 
     </span>
    </p>
   </div>
   <div class='ocr_carea' id='block_1_10' title="bbox 1184 885 2094 1158">
    <p class='ocr_par' dir='ltr' id='par_1_18' title="bbox 1186 885 2092 946">
     <span class='ocr_line' id='line_1_51' title="bbox 1186 885 2092 946; baseline 0.013 -18"><span class='ocrx_word' id='word_1_233' title='bbox 1186 885 1260 929; x_wconf 89' lang='lat' dir='ltr'><strong>De</strong></span> <span class='ocrx_word' id='word_1_234' title='bbox 1286 886 1493 932; x_wconf 81' lang='lat' dir='ltr'><strong>Ananiae</strong></span> <span class='ocrx_word' id='word_1_235' title='bbox 1522 895 1570 933; x_wconf 85' lang='lat' dir='ltr'><strong>et</strong></span> <span class='ocrx_word' id='word_1_236' title='bbox 1597 889 1824 946; x_wconf 82' lang='lat' dir='ltr'><strong>saphirae</strong></span> <span class='ocrx_word' id='word_1_237' title='bbox 1853 901 1995 939; x_wconf 77' lang='lat' dir='ltr'><strong>morte</strong></span> <span class='ocrx_word' id='word_1_238' title='bbox 2021 911 2092 940; x_wconf 84' lang='lat' dir='ltr'><strong>re-</strong></span> 
     </span>
    </p>

    <p class='ocr_par' dir='ltr' id='par_1_19' title="bbox 1186 942 2092 1007">
     <span class='ocr_line' id='line_1_52' title="bbox 1186 942 2092 1007; baseline 0.01 -24"><span class='ocrx_word' id='word_1_239' title='bbox 1186 942 1389 996; x_wconf 85' lang='lat' dir='ltr'><strong>pentina.</strong></span> <span class='ocrx_word' id='word_1_240' title='bbox 1447 943 1486 985; x_wconf 88' lang='lat' dir='ltr'><strong>E</strong></span> <span class='ocrx_word' id='word_1_241' title='bbox 1509 957 1686 990; x_wconf 82' lang='lat' dir='ltr'><strong>carcere</strong></span> <span class='ocrx_word' id='word_1_242' title='bbox 1709 946 1964 993; x_wconf 87' lang='lat' dir='ltr'><strong>liberantur</strong></span> <span class='ocrx_word' id='word_1_243' title='bbox 1981 964 2092 1007; x_wconf 81' lang='lat' dir='ltr'><strong>apn-</strong></span> 
     </span>
    </p>

    <p class='ocr_par' dir='ltr' id='par_1_20' title="bbox 1187 997 2094 1060">
     <span class='ocr_line' id='line_1_53' title="bbox 1187 997 2094 1060; baseline 0.011 -20"><span class='ocrx_word' id='word_1_244' title='bbox 1187 997 1309 1046; x_wconf 84' lang='lat' dir='ltr'><strong>stoli,</strong></span> <span class='ocrx_word' id='word_1_245' title='bbox 1341 997 1569 1043; x_wconf 85' lang='lat' dir='ltr'><strong>Christum</strong></span> <span class='ocrx_word' id='word_1_246' title='bbox 1601 1003 1871 1057; x_wconf 79' lang='lat' dir='ltr'><strong>praedicare</strong></span> <span class='ocrx_word' id='word_1_247' title='bbox 1899 1015 2094 1060; x_wconf 76' lang='lat' dir='ltr'><strong>pergunt</strong></span> 
     </span>
    </p>

    <p class='ocr_par' dir='ltr' id='par_1_21' title="bbox 1184 1053 2092 1158">
     <span class='ocr_line' id='line_1_54' title="bbox 1184 1053 2092 1114; baseline 0.012 -19"><span class='ocrx_word' id='word_1_248' title='bbox 1184 1053 1450 1106; x_wconf 73' lang='lat' dir='ltr'><strong>gaudentes,</strong></span> <span class='ocrx_word' id='word_1_249' title='bbox 1460 1057 1578 1109; x_wconf 87' lang='lat' dir='ltr'><strong>quod</strong></span> <span class='ocrx_word' id='word_1_250' title='bbox 1593 1071 1675 1112; x_wconf 85' lang='lat' dir='ltr'><strong>pro</strong></span> <span class='ocrx_word' id='word_1_251' title='bbox 1699 1058 1878 1104; x_wconf 81' lang='lat' dir='ltr'><strong>Christo</strong></span> <span class='ocrx_word' id='word_1_252' title='bbox 1893 1061 2092 1114; x_wconf 77' lang='lat' dir='ltr'><strong>flagellis</strong></span> 
     </span>
     <span class='ocr_line' id='line_1_55' title="bbox 1473 1112 1801 1158; baseline 0.018 -6"><span class='ocrx_word' id='word_1_253' title='bbox 1473 1112 1594 1154; x_wconf 85' lang='lat' dir='ltr'><strong>eaesi</strong></span> <span class='ocrx_word' id='word_1_254' title='bbox 1613 1113 1801 1158; x_wconf 83' lang='lat' dir='ltr'><strong>fuerint·</strong></span> 
     </span>
    </p>
   </div>
   <div class='ocr_carea' id='block_1_11' title="bbox 1168 1202 2112 3075">
    <p class='ocr_par' dir='ltr' id='par_1_22' title="bbox 1181 1202 2090 1398">
     <span class='ocr_line' id='line_1_56' title="bbox 1252 1202 2090 1263; baseline 0.013 -16"><span class='ocrx_word' id='word_1_255' title='bbox 1252 1203 1300 1248; x_wconf 89' lang='lat'><strong>1.</strong></span> <span class='ocrx_word' id='word_1_256' title='bbox 1334 1202 1428 1249; x_wconf 87' lang='lat' dir='ltr'><strong>Vir</strong></span> <span class='ocrx_word' id='word_1_257' title='bbox 1454 1206 1622 1250; x_wconf 87' lang='lat' dir='ltr'><strong>autem</strong></span> <span class='ocrx_word' id='word_1_258' title='bbox 1649 1207 1849 1263; x_wconf 85' lang='lat' dir='ltr'><strong>quidam</strong></span> <span class='ocrx_word' id='word_1_259' title='bbox 1883 1212 2090 1258; x_wconf 85' lang='lat' dir='ltr'><strong>nomine</strong></span> 
     </span>
     <span class='ocr_line' id='line_1_57' title="bbox 1182 1267 2089 1335; baseline 0.013 -22"><span class='ocrx_word' id='word_1_260' title='bbox 1182 1267 1425 1329; x_wconf 82' lang='lat' dir='ltr'><strong>Ananias,</strong></span> <span class='ocrx_word' id='word_1_261' title='bbox 1443 1284 1553 1316; x_wconf 85' lang='lat' dir='ltr'><strong>eum</strong></span> <span class='ocrx_word' id='word_1_262' title='bbox 1565 1272 1779 1330; x_wconf 79' lang='lat' dir='ltr'><strong>saphira</strong></span> <span class='ocrx_word' id='word_1_263' title='bbox 1796 1289 1962 1324; x_wconf 83' lang='lat' dir='ltr'><strong>uxore</strong></span> <span class='ocrx_word' id='word_1_264' title='bbox 1981 1291 2089 1335; x_wconf 84' lang='lat' dir='ltr'><strong>sua,</strong></span> 
     </span>
     <span class='ocr_line' id='line_1_58' title="bbox 1181 1335 1622 1398; baseline 0.011 -18"><span class='ocrx_word' id='word_1_265' title='bbox 1181 1335 1410 1383; x_wconf 85' lang='lat' dir='ltr'><strong>vendidit</strong></span> <span class='ocrx_word' id='word_1_266' title='bbox 1427 1348 1622 1398; x_wconf 83' lang='lat' dir='ltr'><strong>agrum,</strong></span> 
     </span>
    </p>

    <p class='ocr_par' dir='ltr' id='par_1_23' title="bbox 1178 1404 2112 1663">
     <span class='ocr_line' id='line_1_59' title="bbox 1248 1404 2088 1472; baseline 0.014 -24"><span class='ocrx_word' id='word_1_267' title='bbox 1248 1404 1296 1448; x_wconf 88' lang='grc'><strong>2.</strong></span> <span class='ocrx_word' id='word_1_268' title='bbox 1333 1407 1386 1450; x_wconf 87' lang='lat' dir='ltr'><strong>et</strong></span> <span class='ocrx_word' id='word_1_269' title='bbox 1401 1405 1658 1452; x_wconf 79' lang='lat' dir='ltr'><strong>fraudavit</strong></span> <span class='ocrx_word' id='word_1_270' title='bbox 1685 1406 1745 1455; x_wconf 92' lang='lat' dir='ltr'><strong>de</strong></span> <span class='ocrx_word' id='word_1_271' title='bbox 1772 1411 1939 1468; x_wconf 85' lang='lat' dir='ltr'><strong>pretio</strong></span> <span class='ocrx_word' id='word_1_272' title='bbox 1959 1414 2088 1472; x_wconf 83' lang='lat' dir='ltr'><strong>agri,</strong></span> 
     </span>
     <span class='ocr_line' id='line_1_60' title="bbox 1182 1470 2112 1534; baseline 0.011 -19"><span class='ocrx_word' id='word_1_273' title='bbox 1182 1470 1389 1517; x_wconf 82' lang='lat' dir='ltr'><strong>conseia</strong></span> <span class='ocrx_word' id='word_1_274' title='bbox 1425 1484 1590 1519; x_wconf 84' lang='lat' dir='ltr'><strong>uxore</strong></span> <span class='ocrx_word' id='word_1_275' title='bbox 1627 1487 1745 1534; x_wconf 85' lang='lat' dir='ltr'><strong>sua;</strong></span> <span class='ocrx_word' id='word_1_276' title='bbox 1785 1480 1837 1523; x_wconf 86' lang='lat' dir='ltr'><strong>et</strong></span> <span class='ocrx_word' id='word_1_277' title='bbox 1869 1479 2112 1527; x_wconf 82' lang='lat' dir='ltr'><strong>afferens.</strong></span> 
     </span>
     <span class='ocr_line' id='line_1_61' title="bbox 1178 1537 2086 1604; baseline 0.013 -22"><span class='ocrx_word' id='word_1_278' title='bbox 1178 1537 1374 1595; x_wconf 87' lang='lat' dir='ltr'><strong>partem</strong></span> <span class='ocrx_word' id='word_1_279' title='bbox 1395 1540 1672 1601; x_wconf 85' lang='lat' dir='ltr'><strong>quamdam,</strong></span> <span class='ocrx_word' id='word_1_280' title='bbox 1693 1542 1758 1589; x_wconf 88' lang='lat' dir='ltr'><strong>ad</strong></span> <span class='ocrx_word' id='word_1_281' title='bbox 1774 1545 1928 1603; x_wconf 82' lang='lat' dir='ltr'><strong>pedes</strong></span> <span class='ocrx_word' id='word_1_282' title='bbox 1947 1548 2086 1604; x_wconf 88' lang='lat' dir='ltr'><strong>Apo-</strong></span> 
     </span>
     <span class='ocr_line' id='line_1_62' title="bbox 1178 1602 1669 1663; baseline 0.01 -14"><span class='ocrx_word' id='word_1_283' title='bbox 1178 1602 1429 1651; x_wconf 82' lang='lat' dir='ltr'><strong>stolorum</strong></span> <span class='ocrx_word' id='word_1_284' title='bbox 1447 1608 1669 1663; x_wconf 69' lang='lat' dir='ltr'><strong>posuite.</strong></span> 
     </span>
    </p>

    <p class='ocr_par' dir='ltr' id='par_1_24' title="bbox 1178 1671 2086 1935">
     <span class='ocr_line' id='line_1_63' title="bbox 1249 1671 2085 1727; baseline 0.014 -12"><span class='ocrx_word' id='word_1_285' title='bbox 1249 1672 1295 1716; x_wconf 89' lang='grc'><strong>3.</strong></span> <span class='ocrx_word' id='word_1_286' title='bbox 1328 1671 1478 1718; x_wconf 84' lang='lat' dir='ltr'><strong>Dixit</strong></span> <span class='ocrx_word' id='word_1_287' title='bbox 1515 1677 1682 1720; x_wconf 89' lang='lat' dir='ltr'><strong>autem</strong></span> <span class='ocrx_word' id='word_1_288' title='bbox 1709 1677 1916 1724; x_wconf 86' lang='lat' dir='ltr'><strong>Petrus:</strong></span> <span class='ocrx_word' id='word_1_289' title='bbox 1947 1683 2085 1727; x_wconf 85' lang='lat' dir='ltr'><strong>Ana-</strong></span> 
     </span>
     <span class='ocr_line' id='line_1_64' title="bbox 1180 1735 2085 1793; baseline 0.015 -13"><span class='ocrx_word' id='word_1_290' title='bbox 1180 1735 1287 1783; x_wconf 85' lang='lat' dir='ltr'><strong>nia!</strong></span> <span class='ocrx_word' id='word_1_291' title='bbox 1301 1751 1390 1783; x_wconf 86' lang='lat' dir='ltr'><strong>eur</strong></span> <span class='ocrx_word' id='word_1_292' title='bbox 1403 1740 1620 1787; x_wconf 87' lang='lat' dir='ltr'><strong>tentavit</strong></span> <span class='ocrx_word' id='word_1_293' title='bbox 1639 1743 1840 1791; x_wconf 84' lang='lat' dir='ltr'><strong>satanas</strong></span> <span class='ocrx_word' id='word_1_294' title='bbox 1849 1737 1876 1774; x_wconf 66' lang='grc' dir='ltr'><strong>Ι*</strong></span> <span class='ocrx_word' id='word_1_295' title='bbox 1895 1758 1986 1792; x_wconf 84' lang='lat' dir='ltr'><strong>eor</strong></span> <span class='ocrx_word' id='word_1_296' title='bbox 2004 1751 2085 1793; x_wconf 89' lang='lat' dir='ltr'><strong>tu-</strong></span> 
     </span>
     <span class='ocr_line' id='line_1_65' title="bbox 1178 1805 2086 1872; baseline 0.011 -23"><span class='ocrx_word' id='word_1_297' title='bbox 1178 1815 1290 1861; x_wconf 89' lang='lat' dir='ltr'><strong>um,</strong></span> <span class='ocrx_word' id='word_1_298' title='bbox 1321 1805 1527 1852; x_wconf 88' lang='lat' dir='ltr'><strong>mentiri</strong></span> <span class='ocrx_word' id='word_1_299' title='bbox 1545 1809 1596 1853; x_wconf 89' lang='lat' dir='ltr'><strong>te</strong></span> <span class='ocrx_word' id='word_1_300' title='bbox 1629 1808 1838 1865; x_wconf 85' lang='lat' dir='ltr'><strong>Spiritui</strong></span> <span class='ocrx_word' id='word_1_301' title='bbox 1865 1817 2086 1872; x_wconf 65' lang='lat' dir='ltr'><strong>sanctor,</strong></span> 
     </span>
     <span class='ocr_line' id='line_1_66' title="bbox 1182 1870 1918 1935; baseline 0.012 -21"><span class='ocrx_word' id='word_1_302' title='bbox 1182 1870 1236 1915; x_wconf 86' lang='lat' dir='ltr'><strong>et</strong></span> <span class='ocrx_word' id='word_1_303' title='bbox 1251 1870 1488 1918; x_wconf 80' lang='lat' dir='ltr'><strong>fraudare</strong></span> <span class='ocrx_word' id='word_1_304' title='bbox 1507 1871 1568 1918; x_wconf 87' lang='lat' dir='ltr'><strong>de</strong></span> <span class='ocrx_word' id='word_1_305' title='bbox 1587 1872 1754 1931; x_wconf 85' lang='lat' dir='ltr'><strong>pretio</strong></span> <span class='ocrx_word' id='word_1_306' title='bbox 1775 1877 1918 1935; x_wconf 62' lang='lat' dir='ltr'><strong>agris</strong></span> 
     </span>
    </p>

    <p class='ocr_par' dir='ltr' id='par_1_25' title="bbox 1174 1945 2086 2279">
     <span class='ocr_line' id='line_1_67' title="bbox 1247 1945 2084 2005; baseline 0.018 -14"><span class='ocrx_word' id='word_1_307' title='bbox 1247 1947 1295 1992; x_wconf 83' lang='lat'><strong>4.</strong></span> <span class='ocrx_word' id='word_1_308' title='bbox 1331 1945 1516 1994; x_wconf 88' lang='lat' dir='ltr'><strong>Nonne</strong></span> <span class='ocrx_word' id='word_1_309' title='bbox 1542 1960 1753 1997; x_wconf 89' lang='lat' dir='ltr'><strong>manens</strong></span> <span class='ocrx_word' id='word_1_310' title='bbox 1781 1952 1874 2001; x_wconf 87' lang='lat' dir='ltr'><strong>tibi</strong></span> <span class='ocrx_word' id='word_1_311' title='bbox 1908 1968 2084 2005; x_wconf 87' lang='lat' dir='ltr'><strong>mane-</strong></span> 
     </span>
     <span class='ocr_line' id='line_1_68' title="bbox 1178 2015 2086 2073; baseline 0.012 -12"><span class='ocrx_word' id='word_1_312' title='bbox 1178 2015 1281 2073; x_wconf 89' lang='lat' dir='ltr'><strong>bat,</strong></span> <span class='ocrx_word' id='word_1_313' title='bbox 1320 2016 1374 2060; x_wconf 86' lang='lat' dir='ltr'><strong>et</strong></span> <span class='ocrx_word' id='word_1_314' title='bbox 1406 2015 1746 2065; x_wconf 84' lang='lat' dir='ltr'><strong>venundatum</strong></span> <span class='ocrx_word' id='word_1_315' title='bbox 1777 2019 1832 2066; x_wconf 90' lang='lat' dir='ltr'><strong>in</strong></span> <span class='ocrx_word' id='word_1_316' title='bbox 1861 2022 1948 2069; x_wconf 87' lang='lat' dir='ltr'><strong>tua</strong></span> <span class='ocrx_word' id='word_1_317' title='bbox 1976 2030 2086 2072; x_wconf 87' lang='lat' dir='ltr'><strong>erat</strong></span> 
     </span>
     <span class='ocr_line' id='line_1_69' title="bbox 1176 2082 2080 2143; baseline 0.015 -17"><span class='ocrx_word' id='word_1_318' title='bbox 1176 2082 1639 2139; x_wconf 64' lang='lat' dir='ltr'><strong>potestate‘lstuare</strong></span> <span class='ocrx_word' id='word_1_319' title='bbox 1657 2088 1871 2143; x_wconf 87' lang='lat' dir='ltr'><strong>posuisti</strong></span> <span class='ocrx_word' id='word_1_320' title='bbox 1888 2090 1943 2136; x_wconf 89' lang='lat' dir='ltr'><strong>in</strong></span> <span class='ocrx_word' id='word_1_321' title='bbox 1965 2105 2080 2139; x_wconf 89' lang='lat' dir='ltr'><strong>cor-</strong></span> 
     </span>
     <span class='ocr_line' id='line_1_70' title="bbox 1178 2148 2080 2207; baseline 0.014 -12"><span class='ocrx_word' id='word_1_322' title='bbox 1178 2148 1240 2196; x_wconf 92' lang='lat' dir='ltr'><strong>de</strong></span> <span class='ocrx_word' id='word_1_323' title='bbox 1257 2150 1346 2195; x_wconf 90' lang='lat' dir='ltr'><strong>tuo</strong></span> <span class='ocrx_word' id='word_1_324' title='bbox 1366 2149 1496 2197; x_wconf 87' lang='lat' dir='ltr'><strong>hanc</strong></span> <span class='ocrx_word' id='word_1_325' title='bbox 1515 2152 1654 2198; x_wconf 66' lang='lat' dir='ltr'><strong>rem?</strong></span> <span class='ocrx_word' id='word_1_326' title='bbox 1680 2153 1794 2200; x_wconf 92' lang='lat' dir='ltr'><strong>Non</strong></span> <span class='ocrx_word' id='word_1_327' title='bbox 1824 2170 1877 2204; x_wconf 89' lang='lat' dir='ltr'><strong>es</strong></span> <span class='ocrx_word' id='word_1_328' title='bbox 1896 2161 2080 2207; x_wconf 84' lang='lat' dir='ltr'><strong>menti-</strong></span> 
     </span>
     <span class='ocr_line' id='line_1_71' title="bbox 1174 2216 1835 2279; baseline 0.012 -17"><span class='ocrx_word' id='word_1_329' title='bbox 1174 2217 1256 2263; x_wconf 88' lang='lat' dir='ltr'><strong>tus</strong></span> <span class='ocrx_word' id='word_1_330' title='bbox 1275 2216 1579 2279; x_wconf 84' lang='lat' dir='ltr'><strong>hominibus,</strong></span> <span class='ocrx_word' id='word_1_331' title='bbox 1601 2219 1689 2266; x_wconf 91' lang='lat' dir='ltr'><strong>sed</strong></span> <span class='ocrx_word' id='word_1_332' title='bbox 1707 2221 1835 2271; x_wconf 89' lang='lat' dir='ltr'><strong>Deo.</strong></span> 
     </span>
    </p>

    <p class='ocr_par' dir='ltr' id='par_1_26' title="bbox 1173 2284 2082 2543">
     <span class='ocr_line' id='line_1_72' title="bbox 1243 2284 2080 2342; baseline 0.018 -15"><span class='ocrx_word' id='word_1_333' title='bbox 1243 2286 1290 2328; x_wconf 84' lang='lat'><strong>5.</strong></span> <span class='ocrx_word' id='word_1_334' title='bbox 1309 2284 1532 2331; x_wconf 88' lang='lat' dir='ltr'><strong>Audiens</strong></span> <span class='ocrx_word' id='word_1_335' title='bbox 1545 2290 1709 2334; x_wconf 89' lang='lat' dir='ltr'><strong>autem</strong></span> <span class='ocrx_word' id='word_1_336' title='bbox 1718 2290 1940 2339; x_wconf 85' lang='lat' dir='ltr'><strong>Ananias</strong></span> <span class='ocrx_word' id='word_1_337' title='bbox 1955 2294 2080 2342; x_wconf 85' lang='lat' dir='ltr'><strong>haee</strong></span> 
     </span>
     <span class='ocr_line' id='line_1_73' title="bbox 1174 2351 2082 2414; baseline 0.013 -19"><span class='ocrx_word' id='word_1_338' title='bbox 1174 2351 1349 2409; x_wconf 86' lang='lat' dir='ltr'><strong>verba,</strong></span> <span class='ocrx_word' id='word_1_339' title='bbox 1370 2351 1550 2399; x_wconf 83' lang='lat' dir='ltr'><strong>cecidit</strong></span> <span class='ocrx_word' id='word_1_340' title='bbox 1578 2355 1628 2400; x_wconf 90' lang='lat' dir='ltr'><strong>et</strong></span> <span class='ocrx_word' id='word_1_341' title='bbox 1648 2358 1942 2414; x_wconf 84' lang='lat' dir='ltr'><strong>exspiravit.</strong></span> <span class='ocrx_word' id='word_1_342' title='bbox 2010 2361 2082 2406; x_wconf 84' lang='lat' dir='ltr'><strong>Et</strong></span> 
     </span>
     <span class='ocr_line' id='line_1_74' title="bbox 1173 2417 2078 2485; baseline 0.013 -23"><span class='ocrx_word' id='word_1_343' title='bbox 1173 2417 1335 2463; x_wconf 84' lang='lat' dir='ltr'><strong>faetus</strong></span> <span class='ocrx_word' id='word_1_344' title='bbox 1372 2420 1451 2465; x_wconf 91' lang='lat' dir='ltr'><strong>est</strong></span> <span class='ocrx_word' id='word_1_345' title='bbox 1483 2419 1635 2467; x_wconf 87' lang='lat' dir='ltr'><strong>timor</strong></span> <span class='ocrx_word' id='word_1_346' title='bbox 1679 2435 1889 2481; x_wconf 81' lang='lat' dir='ltr'><strong>magnus</strong></span> <span class='ocrx_word' id='word_1_347' title='bbox 1926 2438 2078 2485; x_wconf 83' lang='lat' dir='ltr'><strong>super</strong></span> 
     </span>
     <span class='ocr_line' id='line_1_75' title="bbox 1176 2484 1775 2543; baseline 0.008 -14"><span class='ocrx_word' id='word_1_348' title='bbox 1176 2496 1369 2543; x_wconf 90' lang='lat' dir='ltr'><strong>omnes,</strong></span> <span class='ocrx_word' id='word_1_349' title='bbox 1390 2484 1477 2542; x_wconf 88' lang='lat' dir='ltr'><strong>qui</strong></span> <span class='ocrx_word' id='word_1_350' title='bbox 1494 2486 1775 2534; x_wconf 87' lang='lat' dir='ltr'><strong>audierunt.</strong></span> 
     </span>
    </p>

    <p class='ocr_par' dir='ltr' id='par_1_27' title="bbox 1168 2551 2074 2743">
     <span class='ocr_line' id='line_1_76' title="bbox 1242 2551 2074 2615; baseline 0.013 -20"><span class='ocrx_word' id='word_1_351' title='bbox 1242 2552 1290 2595; x_wconf 84' lang='lat'><strong>6.</strong></span> <span class='ocrx_word' id='word_1_352' title='bbox 1336 2551 1612 2609; x_wconf 78' lang='lat' dir='ltr'><strong>Sui-gentes</strong></span> <span class='ocrx_word' id='word_1_353' title='bbox 1659 2558 1824 2603; x_wconf 88' lang='lat' dir='ltr'><strong>autem</strong></span> <span class='ocrx_word' id='word_1_354' title='bbox 1856 2558 2074 2615; x_wconf 82' lang='lat' dir='ltr'><strong>juvenes</strong></span> 
     </span>
     <span class='ocr_line' id='line_1_77' title="bbox 1172 2620 2072 2681; baseline 0.012 -19"><span class='ocrx_word' id='word_1_355' title='bbox 1172 2620 1474 2664; x_wconf 86' lang='lat' dir='ltr'><strong>amoverunt</strong></span> <span class='ocrx_word' id='word_1_356' title='bbox 1492 2633 1622 2681; x_wconf 91' lang='lat' dir='ltr'><strong>eum,</strong></span> <span class='ocrx_word' id='word_1_357' title='bbox 1634 2622 1686 2667; x_wconf 86' lang='lat' dir='ltr'><strong>et</strong></span> <span class='ocrx_word' id='word_1_358' title='bbox 1701 2622 1970 2671; x_wconf 84' lang='lat' dir='ltr'><strong>efferentes</strong></span> <span class='ocrx_word' id='word_1_359' title='bbox 1989 2640 2072 2673; x_wconf 86' lang='lat' dir='ltr'><strong>se·-</strong></span> 
     </span>
     <span class='ocr_line' id='line_1_78' title="bbox 1168 2683 1441 2743; baseline 0 -12"><span class='ocrx_word' id='word_1_360' title='bbox 1168 2683 1441 2743; x_wconf 85' lang='lat' dir='ltr'><strong>pelierunt.</strong></span> 
     </span>
    </p>

    <p class='ocr_par' dir='ltr' id='par_1_28' title="bbox 1168 2751 2071 3009">
     <span class='ocr_line' id='line_1_79' title="bbox 1239 2751 2068 2814; baseline 0.013 -16"><span class='ocrx_word' id='word_1_361' title='bbox 1239 2753 1286 2797; x_wconf 75' lang='lat'><strong>⁶1.</strong></span> <span class='ocrx_word' id='word_1_362' title='bbox 1321 2751 1530 2799; x_wconf 83' lang='lat' dir='ltr'><strong>Factum</strong></span> <span class='ocrx_word' id='word_1_363' title='bbox 1548 2754 1626 2799; x_wconf 89' lang='lat' dir='ltr'><strong>est</strong></span> <span class='ocrx_word' id='word_1_364' title='bbox 1635 2756 1800 2801; x_wconf 85' lang='lat' dir='ltr'><strong>autem</strong></span> <span class='ocrx_word' id='word_1_365' title='bbox 1814 2760 1956 2814; x_wconf 84' lang='lat' dir='ltr'><strong>quasi</strong></span> <span class='ocrx_word' id='word_1_366' title='bbox 1973 2762 2068 2809; x_wconf 89' lang='lat' dir='ltr'><strong>ho-</strong></span> 
     </span>
     <span class='ocr_line' id='line_1_80' title="bbox 1168 2820 2071 2882; baseline 0.017 -19"><span class='ocrx_word' id='word_1_367' title='bbox 1168 2830 1344 2863; x_wconf 87' lang='lat' dir='ltr'><strong>rarum</strong></span> <span class='ocrx_word' id='word_1_368' title='bbox 1376 2820 1530 2866; x_wconf 84' lang='lat' dir='ltr'><strong>trium</strong></span> <span class='ocrx_word' id='word_1_369' title='bbox 1565 2820 1805 2882; x_wconf 89' lang='lat' dir='ltr'><strong>spatium,</strong></span> <span class='ocrx_word' id='word_1_370' title='bbox 1853 2828 1905 2872; x_wconf 86' lang='lat' dir='ltr'><strong>et</strong></span> <span class='ocrx_word' id='word_1_371' title='bbox 1939 2842 2071 2877; x_wconf 81' lang='lat' dir='ltr'><strong>uxor</strong></span> 
     </span>
     <span class='ocr_line' id='line_1_81' title="bbox 1168 2884 2070 2947; baseline 0.018 -18"><span class='ocrx_word' id='word_1_372' title='bbox 1168 2884 1346 2943; x_wconf 88' lang='lat' dir='ltr'><strong>ipsius,</strong></span> <span class='ocrx_word' id='word_1_373' title='bbox 1399 2884 1650 2946; x_wconf 85' lang='lat' dir='ltr'><strong>nesciens,</strong></span> <span class='ocrx_word' id='word_1_374' title='bbox 1703 2890 1836 2947; x_wconf 87' lang='lat' dir='ltr'><strong>quod</strong></span> <span class='ocrx_word' id='word_1_375' title='bbox 1885 2894 2070 2943; x_wconf 82' lang='lat' dir='ltr'><strong>factum</strong></span> 
     </span>
     <span class='ocr_line' id='line_1_82' title="bbox 1168 2950 1614 3009; baseline 0 -12"><span class='ocrx_word' id='word_1_376' title='bbox 1168 2952 1353 3009; x_wconf 86' lang='lat' dir='ltr'><strong>fuerat,</strong></span> <span class='ocrx_word' id='word_1_377' title='bbox 1369 2950 1614 2999; x_wconf 88' lang='lat' dir='ltr'><strong>introivit.</strong></span> 
     </span>
    </p>

    <p class='ocr_par' dir='ltr' id='par_1_29' title="bbox 1235 3016 2069 3075">
     <span class='ocr_line' id='line_1_83' title="bbox 1235 3016 2069 3075; baseline 0.018 -14"><span class='ocrx_word' id='word_1_378' title='bbox 1235 3018 1282 3062; x_wconf 91' lang='grc'><strong>8.</strong></span> <span class='ocrx_word' id='word_1_379' title='bbox 1317 3016 1462 3064; x_wconf 85' lang='lat' dir='ltr'><strong>Dixit</strong></span> <span class='ocrx_word' id='word_1_380' title='bbox 1480 3020 1644 3067; x_wconf 86' lang='lat' dir='ltr'><strong>autem</strong></span> <span class='ocrx_word' id='word_1_381' title='bbox 1671 3023 1718 3070; x_wconf 87' lang='lat' dir='ltr'><strong>ei</strong></span> <span class='ocrx_word' id='word_1_382' title='bbox 1743 3024 1949 3074; x_wconf 83' lang='lat' dir='ltr'><strong>Petrus:</strong></span> <span class='ocrx_word' id='word_1_383' title='bbox 1974 3029 2069 3075; x_wconf 82' lang='lat' dir='ltr'><strong>Die</strong></span> 
     </span>
    </p>
   </div>
   <div class='ocr_carea' id='block_1_12' title="bbox 1212 3111 1980 3165">
    <p class='ocr_par' dir='ltr' id='par_1_30' title="bbox 1212 3111 1980 3165">
     <span class='ocr_line' id='line_1_84' title="bbox 1212 3111 1980 3165; baseline 0.021 -19"><span class='ocrx_word' id='word_1_384' title='bbox 1212 3116 1238 3145; x_wconf 73' lang='grc' dir='ltr'><strong><em>ε</em></strong></span> <span class='ocrx_word' id='word_1_385' title='bbox 1255 3122 1287 3148; x_wconf 89' lang='lat' dir='ltr'><strong>c.</strong></span> <span class='ocrx_word' id='word_1_386' title='bbox 1306 3114 1346 3153; x_wconf 80' lang='lat'><strong>4,</strong></span> <span class='ocrx_word' id='word_1_387' title='bbox 1364 3114 1425 3151; x_wconf 78' lang='lat'><strong>35.</strong></span> <span class='ocrx_word' id='word_1_388' title='bbox 1471 3111 1491 3140; x_wconf 58' lang='grc' dir='ltr'><strong>ἢ</strong></span> <span class='ocrx_word' id='word_1_389' title='bbox 1506 3113 1594 3153; x_wconf 78' lang='lat' dir='ltr'><strong>Joh.</strong></span> <span class='ocrx_word' id='word_1_390' title='bbox 1611 3118 1649 3161; x_wconf 85' lang='lat'><strong>8,</strong></span> <span class='ocrx_word' id='word_1_391' title='bbox 1666 3122 1730 3157; x_wconf 84' lang='lat'><strong>44.</strong></span> <span class='ocrx_word' id='word_1_392' title='bbox 1779 3117 1796 3146; x_wconf 71' lang='lat' dir='ltr'><strong>z·</strong></span> <span class='ocrx_word' id='word_1_393' title='bbox 1814 3134 1847 3160; x_wconf 83' lang='lat' dir='ltr'><strong>c.</strong></span> <span class='ocrx_word' id='word_1_394' title='bbox 1863 3126 1905 3165; x_wconf 76' lang='lat'><strong>4,</strong></span> <span class='ocrx_word' id='word_1_395' title='bbox 1923 3128 1980 3161; x_wconf 84' lang='lat'><strong>31.</strong></span> 
     </span>
    </p>
   </div>
   <div class='ocr_carea' id='block_1_13' title="bbox 308 3254 2065 3323">
    <p class='ocr_par' dir='ltr' id='par_1_31' title="bbox 308 3254 2065 3323">
     <span class='ocr_line' id='line_1_85' title="bbox 308 3254 2065 3323; baseline 0.01 -27"><span class='ocrx_word' id='word_1_396' title='bbox 308 3254 425 3310; x_wconf 85' lang='lat' dir='ltr'><strong>Cap.</strong></span> <span class='ocrx_word' id='word_1_397' title='bbox 454 3254 538 3297; x_wconf 84' lang='lat' dir='ltr'><strong>IV.</strong></span> <span class='ocrx_word' id='word_1_398' title='bbox 595 3259 665 3298; x_wconf 82' lang='lat'><strong>28.</strong></span> <span class='ocrx_word' id='word_1_399' title='bbox 697 3254 931 3299; x_wconf 76' lang='lat' dir='ltr'><strong>eonsilium</strong></span> <span class='ocrx_word' id='word_1_400' title='bbox 954 3254 1006 3308; x_wconf 81' lang='lat' dir='ltr'><strong>s.</strong></span> <span class='ocrx_word' id='word_1_401' title='bbox 1036 3257 1332 3303; x_wconf 76' lang='lat' dir='ltr'><strong>decreverunt</strong></span> <span class='ocrx_word' id='word_1_402' title='bbox 1359 3266 1484 3305; x_wconf 83' lang='lat' dir='ltr'><strong>tuum</strong></span> <span class='ocrx_word' id='word_1_403' title='bbox 1522 3264 1594 3318; x_wconf 77' lang='lat' dir='ltr'><strong>(in</strong></span> <span class='ocrx_word' id='word_1_404' title='bbox 1621 3267 1832 3323; x_wconf 74' lang='lat' dir='ltr'><strong>margine</strong></span> <span class='ocrx_word' id='word_1_405' title='bbox 1859 3269 2065 3315; x_wconf 73' lang='lat' dir='ltr'><strong>additum</strong></span> 
     </span>
    </p>
   </div>
   <div class='ocr_carea' id='block_1_14' title="bbox 197 3308 526 3363">
    <p class='ocr_par' dir='ltr' id='par_1_32' title="bbox 197 3308 526 3363">
     <span class='ocr_line' id='line_1_86' title="bbox 197 3308 526 3363; baseline 0.006 -12"><span class='ocrx_word' id='word_1_406' title='bbox 197 3310 251 3363; x_wconf 79' lang='lat' dir='ltr'><strong>s.</strong></span> <span class='ocrx_word' id='word_1_407' title='bbox 271 3318 399 3354; x_wconf 85' lang='lat' dir='ltr'><strong>tunm</strong></span> <span class='ocrx_word' id='word_1_408' title='bbox 418 3308 526 3353; x_wconf 71' lang='lat' dir='ltr'><strong>muti</strong></span> 
     </span>
    </p>
   </div>
   <div class='ocr_carea' id='block_1_15' title="bbox 626 3312 2064 3374">
    <p class='ocr_par' dir='ltr' id='par_1_33' title="bbox 626 3312 2064 3374">
     <span class='ocr_line' id='line_1_87' title="bbox 626 3312 2064 3374; baseline 0.009 -20"><span class='ocrx_word' id='word_1_409' title='bbox 626 3312 800 3365; x_wconf 81' lang='lat' dir='ltr'><strong>manu).</strong></span> <span class='ocrx_word' id='word_1_410' title='bbox 858 3315 928 3353; x_wconf 77' lang='lat'><strong>31.</strong></span> <span class='ocrx_word' id='word_1_411' title='bbox 960 3317 1117 3356; x_wconf 84' lang='lat' dir='ltr'><strong>saneto</strong></span> <span class='ocrx_word' id='word_1_412' title='bbox 1138 3312 1326 3369; x_wconf 85' lang='lat' dir='ltr'><strong>Spiritu.</strong></span> <span class='ocrx_word' id='word_1_413' title='bbox 1384 3321 1454 3360; x_wconf 85' lang='grc'><strong>32.</strong></span> <span class='ocrx_word' id='word_1_414' title='bbox 1485 3332 1562 3362; x_wconf 79' lang='lat' dir='ltr'><strong>eor</strong></span> <span class='ocrx_word' id='word_1_415' title='bbox 1587 3326 1634 3364; x_wconf 86' lang='lat' dir='ltr'><strong>et</strong></span> <span class='ocrx_word' id='word_1_416' title='bbox 1657 3324 1806 3365; x_wconf 85' lang='lat' dir='ltr'><strong>anima</strong></span> <span class='ocrx_word' id='word_1_417' title='bbox 1822 3336 1936 3374; x_wconf 85' lang='lat' dir='ltr'><strong>una;</strong></span> <span class='ocrx_word' id='word_1_418' title='bbox 1957 3324 2064 3370; x_wconf 70' lang='lat' dir='ltr'><strong>ibid.</strong></span> 
     </span>
    </p>
   </div>
   <div class='ocr_carea' id='block_1_16' title="bbox 189 3324 2067 3590">
    <p class='ocr_par' dir='ltr' id='par_1_34' title="bbox 189 3324 2067 3590">
     <span class='ocr_line' id='line_1_88' title="bbox 191 3324 2061 3423; baseline 0.007 -14"><span class='ocrx_word' id='word_1_419' title='bbox 191 3379 307 3419; x_wconf 83' lang='lat' dir='ltr'><strong>quae</strong></span> <span class='ocrx_word' id='word_1_420' title='bbox 327 3324 647 3421; x_wconf 56' lang='lat' dir='ltr'><strong>possideffln</strong></span> <span class='ocrx_word' id='word_1_421' title='bbox 674 3365 783 3409; x_wconf 72' lang='lat' dir='ltr'><strong>ibid.</strong></span> <span class='ocrx_word' id='word_1_422' title='bbox 808 3366 1033 3411; x_wconf 81' lang='lat' dir='ltr'><strong>dicebant.</strong></span> <span class='ocrx_word' id='word_1_423' title='bbox 1117 3372 1187 3412; x_wconf 87' lang='grc'><strong>33.</strong></span> <span class='ocrx_word' id='word_1_424' title='bbox 1218 3369 1356 3415; x_wconf 77' lang='lat' dir='ltr'><strong>Deest</strong></span> <span class='ocrx_word' id='word_1_425' title='bbox 1369 3376 1526 3417; x_wconf 85' lang='lat' dir='ltr'><strong>nostri.</strong></span> <span class='ocrx_word' id='word_1_426' title='bbox 1599 3380 1668 3420; x_wconf 76' lang='grc'><strong>37.</strong></span> <span class='ocrx_word' id='word_1_427' title='bbox 1699 3376 1902 3419; x_wconf 82' lang='lat' dir='ltr'><strong>vendidit</strong></span> <span class='ocrx_word' id='word_1_428' title='bbox 1918 3377 2061 3423; x_wconf 83' lang='lat' dir='ltr'><strong>illum.</strong></span> 
     </span>
     <span class='ocr_line' id='line_1_89' title="bbox 189 3420 2067 3484; baseline 0.009 -21"><span class='ocrx_word' id='word_1_429' title='bbox 189 3421 251 3463; x_wconf 69' lang='lat' dir='ltr'><strong>V.</strong></span> <span class='ocrx_word' id='word_1_430' title='bbox 310 3426 351 3465; x_wconf 84' lang='lat'><strong>1.</strong></span> <span class='ocrx_word' id='word_1_431' title='bbox 380 3421 617 3465; x_wconf 81' lang='lat' dir='ltr'><strong>Annanias</strong></span> <span class='ocrx_word' id='word_1_432' title='bbox 640 3420 732 3475; x_wconf 72' lang='lat' dir='ltr'><strong>(s&#39;ta</strong></span> <span class='ocrx_word' id='word_1_433' title='bbox 748 3434 921 3479; x_wconf 71' lang='lat' dir='ltr'><strong>semper</strong></span> <span class='ocrx_word' id='word_1_434' title='bbox 948 3436 1049 3467; x_wconf 78' lang='lat' dir='ltr'><strong>cum</strong></span> <span class='ocrx_word' id='word_1_435' title='bbox 1076 3426 1246 3469; x_wconf 74' lang='grc' dir='ltr'><strong>αιιαὺω</strong></span> <span class='ocrx_word' id='word_1_436' title='bbox 1272 3426 1418 3472; x_wconf 73' lang='lat' dir='ltr'><strong>literis</strong></span> <span class='ocrx_word' id='word_1_437' title='bbox 1441 3430 1513 3484; x_wconf 85' lang='lat' dir='ltr'><strong>n).</strong></span> <span class='ocrx_word' id='word_1_438' title='bbox 1569 3434 1612 3473; x_wconf 82' lang='grc'><strong>3.</strong></span> <span class='ocrx_word' id='word_1_439' title='bbox 1642 3432 1856 3481; x_wconf 70' lang='lat' dir='ltr'><strong>mantii-03</strong></span> <span class='ocrx_word' id='word_1_440' title='bbox 1882 3431 1992 3477; x_wconf 74' lang='lat' dir='ltr'><strong>ibid.</strong></span> <span class='ocrx_word' id='word_1_441' title='bbox 2018 3442 2067 3479; x_wconf 81' lang='lat' dir='ltr'><strong>et</strong></span> 
     </span>
     <span class='ocr_line' id='line_1_90' title="bbox 189 3477 2065 3540; baseline 0.008 -20"><span class='ocrx_word' id='word_1_442' title='bbox 189 3478 453 3521; x_wconf 78' lang='lat' dir='ltr'><strong>fraudares.</strong></span> <span class='ocrx_word' id='word_1_443' title='bbox 511 3480 553 3518; x_wconf 80' lang='lat'><strong>5.</strong></span> <span class='ocrx_word' id='word_1_444' title='bbox 584 3477 631 3519; x_wconf 89' lang='lat' dir='ltr'><strong>in</strong></span> <span class='ocrx_word' id='word_1_445' title='bbox 650 3490 827 3529; x_wconf 62' lang='lat' dir='ltr'><strong>omnen</strong></span> <span class='ocrx_word' id='word_1_446' title='bbox 844 3477 1218 3525; x_wconf 70' lang='lat' dir='ltr'><strong>ibid-audierant.</strong></span> <span class='ocrx_word' id='word_1_447' title='bbox 1276 3485 1318 3526; x_wconf 87' lang='grc'><strong>6.</strong></span> <span class='ocrx_word' id='word_1_448' title='bbox 1347 3484 1626 3540; x_wconf 83' lang='lat' dir='ltr'><strong>sepelierunt</strong></span> <span class='ocrx_word' id='word_1_449' title='bbox 1643 3499 1756 3529; x_wconf 83' lang='lat' dir='ltr'><strong>eum.</strong></span> <span class='ocrx_word' id='word_1_450' title='bbox 1813 3489 1853 3528; x_wconf 79' lang='grc'><strong>’1.</strong></span> <span class='ocrx_word' id='word_1_451' title='bbox 1885 3492 1933 3530; x_wconf 79' lang='lat' dir='ltr'><strong>et</strong></span> <span class='ocrx_word' id='word_1_452' title='bbox 1947 3503 2065 3535; x_wconf 82' lang='lat' dir='ltr'><strong>uxor</strong></span> 
     </span>
     <span class='ocr_line' id='line_1_91' title="bbox 192 3532 1330 3590; baseline 0.005 -13"><span class='ocrx_word' id='word_1_453' title='bbox 192 3534 321 3587; x_wconf 79' lang='lat' dir='ltr'><strong>ejus3</strong></span> <span class='ocrx_word' id='word_1_454' title='bbox 340 3532 451 3577; x_wconf 73' lang='lat' dir='ltr'><strong>ibid.</strong></span> <span class='ocrx_word' id='word_1_455' title='bbox 472 3532 662 3575; x_wconf 83' lang='lat' dir='ltr'><strong>introiit·</strong></span> <span class='ocrx_word' id='word_1_456' title='bbox 721 3536 760 3575; x_wconf 84' lang='lat'><strong>8.</strong></span> <span class='ocrx_word' id='word_1_457' title='bbox 791 3534 1088 3590; x_wconf 77' lang='lat' dir='ltr'><strong>Respondens</strong></span> <span class='ocrx_word' id='word_1_458' title='bbox 1106 3542 1254 3583; x_wconf 78' lang='lat' dir='ltr'><strong>autem</strong></span> <span class='ocrx_word' id='word_1_459' title='bbox 1273 3540 1330 3583; x_wconf 82' lang='lat' dir='ltr'><strong>ei·</strong></span> 
     </span>
    </p>
   </div>
  </div>
 </body>
</html>
