2376 3925
493 167 838 211 DECRETA
881 165 984 212 Ex
1032 166 1239 212 CONC.
1284 168 1783 214 TRIDENTINo.
1908 168 2075 214 xun

198 299 386 346 Sancta
401 298 570 346 Mater
586 295 842 355 Ecclesia,
873 295 1018 354 cujus
1038 297 1117 342 est
1127 295 1361 354 judicare
1380 296 1442 344 de
1469 311 1593 344 vero
1620 311 1773 344 sensu
1785 329 1805 354 ,
1834 299 1887 344 et
1912 297 2074 344 inter·

193 382 484 442 pretatione
512 379 884 438 Scripturarnm
911 382 1226 440 sanctarum;
1273 381 1361 427 aut
1389 379 1537 426 etiam
1567 385 1747 428 contra
1790 382 2077 430 unanimem

196 479 506 514 consensum
533 465 736 510 Patrum
763 463 925 520 ipsam
949 464 1268 523 'Scripturam
1298 465 1503 511 Sacram
1532 465 1857 524 interpretari
1873 465 2075 525 audeat,

193 550 403 598 etiamsi
421 547 712 606 hujusmodi
730 547 1180 606 interpretationes
1192 548 1335 596 nullo
1353 561 1573 605 unquam
1591 550 1819 607 tempore
1836 550 1891 596 in
1910 550 2077 596 lucem

194 634 422 682 edendae
441 634 627 678 forent.
700 631 802 684 Qui
821 632 1265 692 contravenerint,
1296 645 1387 691 per
1409 632 1709 680 ordinarios
1734 633 2072 693 declarentur,

193 722 246 766 et
263 717 445 777 poenis
465 729 494 762 a
507 717 626 774 jure
647 715 846 762 statutis
865 714 1156 773 puniantur.

301 801 400 848 Sed
425 805 474 848 et
499 800 888 860 impressoribus
907 799 1108 848 modum
1127 800 1182 848 in
1202 798 1294 847 hac
1312 801 1455 859 parte
1469 831 1485 860 ,
1504 802 1561 848 ut
1578 812 1670 859 par
1688 801 1794 859 est,
1814 799 2074 858 imponere

197 885 402 942 voleus,
429 885 515 942 qui
536 884 643 942 jam
676 883 788 929 sine
818 883 997 943 modo,
1027 884 1126 930 hoc
1160 885 1265 943 est,
1296 886 1529 942 putantes
1548 884 1645 932 sibi
1661 883 1821 931 licere
1840 883 2077 941 quidquid

193 970 324 1017 libet
347 968 458 1015 sine
481 967 690 1014 licentia
717 967 1049 1024 superiorum
1067 967 1542 1016 Ecclesiasticorum
1567 969 1706 1027 ipsos
1728 969 1913 1016 Sacrae
1936 969 2077 1016 Scri-

193 1059 371 1112 pturae
389 1052 547 1099 libros
560 1082 576 1111 ,
607 1054 659 1098 et
677 1063 830 1109 super
856 1051 960 1097 illis
981 1051 1367 1110 annotationes,
1396 1055 1448 1099 et
1466 1053 1816 1112 expositiones
1836 1066 2078 1111 quorum-

192 1137 320 1184 libet
349 1136 698 1182 indifferenter
727 1148 880 1192 saepe
901 1135 1074 1195 tacito,
1113 1149 1265 1194 saepe
1295 1135 1445 1182 etiam
1473 1137 1740 1196 ementito,
1782 1137 1989 1196 praelo,
2027 1139 2081 1184 et

191 1221 330 1282 quod
347 1220 554 1280 gravius
575 1219 782 1266 estsine
799 1218 1008 1266 nomine
1037 1219 1261 1266 auctoris
1290 1219 1607 1278 imprimunt3
1653 1220 1775 1268 alibi
1804 1221 1955 1268 etiam
1981 1222 2078 1268 im-

191 1318 402 1366 pressos
422 1304 580 1352 libros
599 1303 889 1362 hujusmodi
907 1305 1098 1350 temere
1120 1303 1329 1350 venales
1354 1303 1569 1364 habent,
1600 1302 1855 1366 decernit,
1896 1306 1947 1352 et
1972 1308 2079 1352 sta-

191 1389 318 1448 tuit,
344 1390 404 1434 ut
420 1389 631 1446 posthac
652 1389 807 1436 Sacra
827 1388 1115 1448 Scriptura,
1147 1387 1463 1447 potissimum
1494 1401 1619 1436 vero
1638 1389 1763 1436 haec
1782 1389 1895 1447 ipsa
1912 1392 2077 1449 vetus,

191 1476 244 1520 et
262 1473 474 1531 vulgata
493 1471 669 1532 editio,
691 1485 837 1530 quam
857 1471 1263 1519 emendatissime
1293 1471 1635 1530 imprimatur:
1670 1474 1900 1531 nullique
1925 1474 2081 1521 liceat

192 1557 512 1616 imprimere,
543 1555 628 1603 vel
656 1555 877 1615 imprimi
903 1557 1074 1603 facere
1099 1556 1307 1614 quosvis
1341 1556 1501 1604 libros
1528 1555 1589 1605 de
1616 1560 1769 1606 rebus
1789 1558 1947 1608 sacris
1968 1559 2079 1606 sine

193 1642 404 1688 nomine
421 1639 663 1699 auctoris,
683 1653 848 1698 neque
868 1639 986 1687 illos
1006 1639 1062 1686 in
1079 1641 1305 1686 futurum
1326 1640 1573 1701 vendere,
1596 1643 1851 1690 autetiam
1872 1643 2005 1700 apud
2023 1657 2079 1690 se

197 1725 449 1784 retinere,
477 1725 581 1772 nisi
608 1725 822 1783 primum
854 1723 1157 1782 examinati,
1185 1723 1488 1782 probatique
1507 1725 1699 1773 fuerint
1716 1728 1779 1773 ab
1799 1726 2080 1783 ordinario,

197 1811 296 1856 sub
323 1821 485 1868 poena
509 1807 870 1866 anathematis,
901 1809 952 1853 et
978 1807 1226 1866 pecuniae
1252 1807 1307 1852 in
1333 1808 1543 1855 canone
1572 1809 1791 1856 concilii
1818 1809 2085 1856 novissimi

201 1893 557 1940 Lateranensis
578 1892 829 1952 apposita.
895 1890 964 1937 Et
981 1891 1027 1937 si
1044 1889 1308 1950 regulares
1327 1891 1547 1952 fuerint,
1579 1890 1713 1938 ultra
1744 1891 2084 1940 examinatio-

192 1992 335 2039 nem,
357 1984 408 2025 et
425 1979 780 2039 probationem
798 1975 1104 2035 hujusmodi,
1125 1975 1385 2023 licentiam
1405 1988 1605 2034 quoque
1627 1990 1656 2023 a
1674 1976 1779 2023 suis
1800 1978 2083 2037 superiori-

194 2066 291 2111 bus
311 2062 584 2122 impetrare
603 2063 903 2121 teneantur,
937 2058 1220 2119 recognitis
1249 2073 1342 2119 per
1370 2073 1461 2107 eos
1487 2061 1661 2122 libris,
1689 2062 1841 2121 juxta
1870 2064 2086 2111 formam

194 2160 402 2195 suarum
431 2144 822 2193 ordinationum.
896 2144 995 2197 Qui
1031 2146 1196 2191 autem
1228 2145 1420 2205 scripto
1451 2158 1542 2193 eos
1572 2146 1970 2207 communicant,
2004 2148 2087 2195 vel

196 2229 470 2291 evulgant,
499 2228 600 2275 nisi
626 2231 777 2275 antea
809 2227 1103 2289 examinati,
1125 2228 1425 2287 probatique
1444 2229 1663 2290 fuerint,
1695 2231 1883 2278 eisdem
1903 2234 2085 2291 poenis

194 2314 513 2373 subjaceant,
532 2313 712 2371 quibus
731 2312 1083 2371 impressores.
1135 2312 1205 2359 Et
1222 2313 1309 2370 qui
1328 2326 1418 2360 eos
1437 2314 1723 2375 habuerint,
1746 2316 1829 2364 vel
1847 2316 2085 2377 legerint,

196 2398 309 2445 nisi
337 2397 650 2457 prodiderint
680 2399 942 2457 auctores,
983 2410 1076 2456 pro
1115 2398 1407 2445 auctoribus
1446 2398 1741 2447 habeantur.
1811 2402 1926 2459 Ipsa
1957 2413 2085 2447 vero

194 2482 493 2541 hujusmodi
512 2482 760 2530 librorum
777 2481 1012 2541 probatio
1031 2480 1087 2527 in
1108 2481 1310 2539 scriptis
1332 2482 1505 2543 detur,
1535 2485 1684 2541 atque
1706 2484 1821 2531 ideo
1842 2484 1897 2529 in
1916 2485 2088 2531 fronte

199 2566 350 2626 libri,
379 2566 462 2613 vel
485 2566 691 2625 scripti,
728 2566 814 2613 vel
841 2566 1076 2625 impressi
1099 2566 1391 2615 authentice
1430 2569 1695 2627 appareat,
1735 2569 1884 2625 idque
1911 2570 2088 2629 totum,

197 2651 304 2700 hoc
325 2652 425 2711 est,
455 2653 508 2699 et
524 2650 786 2710 probatio,
807 2652 859 2697 et
878 2663 1092 2697 examen
1113 2650 1273 2709 gratis
1293 2652 1405 2711 fiat,
1437 2652 1491 2698 ut
1509 2652 1769 2709 probanda
1789 2652 2087 2713 probentur,

201 2737 260 2783 et
285 2718 622 2793 reprobentur
651 2734 996 2793 improbanda.
1064 2735 1190 2781 Post
1217 2734 1371 2795 haec,
1402 2735 1737 2781 temeritatem
1761 2734 1899 2783 illam
1920 2738 2089 2796 repri-

197 2832 348 2867 mere
367 2820 544 2867 volens
557 2849 573 2878 ,
604 2831 702 2876 qua
721 2819 781 2865 ad
801 2820 1020 2878 profana
1038 2832 1266 2877 quaeque
1286 2820 1683 2876 convertuntur,
1711 2821 1763 2864 et
1787 2820 2089 2879 torquentur

197 2906 378 2965 verba,
396 2906 447 2951 et
463 2902 749 2950 sententiae
763 2904 948 2951 Sacrae
961 2904 1273 2964 Scripturae,
1286 2903 1350 2948 ad
1369 2901 1604 2949 scurrilia
1614 2901 1826 2964 scilicet,
1838 2904 2087 2963 fabulosa,

197 3001 354 3048 vana,
373 2986 694 3035 adulationes
708 3018 723 3047 ,
743 2986 1085 3035 detractiones
1097 3019 1113 3048 ,
1133 2986 1555 3047 superstitiones,
1576 2986 1780 3048 impias,
1803 2992 1855 3037 et
1873 2989 2089 3037 diaboli-

200 3086 290 3123 cas
325 3071 731 3131 incantationes,
769 3071 1137 3131 divinationes,
1185 3071 1382 3129 sortes,
1420 3068 1622 3117 libellos
1660 3072 1812 3119 etiam
1844 3075 2088 3131 famosos,

199 3157 424 3218 mandat,
439 3159 491 3205 et
511 3156 774 3219 praecipit,
787 3156 850 3202 ad
867 3154 1144 3202 tollendam
1162 3154 1452 3213 hujusmodi
1469 3154 1873 3217 irreverentiam,
1893 3159 1945 3204 et
1962 3168 2089 3203 con-

200 3245 474 3301 temptum,
503 3255 570 3289 ne
611 3241 674 3289 de
715 3243 888 3289 cetero
918 3240 1179 3299 quisquam
1208 3237 1587 3297 quomodolibet
1615 3241 1771 3289 verba
1798 3239 2091 3300 scripturae

207 3327 392 3375 Sacrae
412 3326 478 3372 ad
493 3325 619 3372 haec
631 3356 646 3385 ‚
669 3326 720 3372 et
741 3324 926 3371 similia
943 3323 1127 3371 audeat
1149 3336 1420 3383 usurpare,
1440 3324 1498 3369 ut
1518 3335 1694 3369 omnes
1713 3322 1864 3381 hujus
1883 3321 2089 3381 generis

205 3409 442 3460 homines
461 3411 813 3470 temeratores,
837 3413 887 3456 et
909 3408 1186 3457 violatores
1210 3407 1353 3456 verbi
1369 3407 1484 3467 Dei,
1503 3408 1655 3466 juris,
1676 3408 1727 3454 et
1745 3405 1941 3453 arbitrii
1961 3419 2090 3465 poe-

210 3493 293 3541 nis
308 3506 401 3555 per
418 3492 707 3553 Episcopus
727 3495 1077 3541 coerceantur.

880 3573 1432 3625 ...wa—..-
