2376 3925
277 151 377 198 2⁰0

574 274 614 322 C
625 272 669 321 A
679 271 740 321 P.
778 270 872 321 lx.

280 370 443 412 Saulus
465 370 748 413 Christianus
769 369 919 412 factus
940 365 1172 420 discipulis

278 440 325 467 se
346 427 563 478 adjungit.
623 427 693 467 De
707 425 909 466 Ananiae
927 424 1169 469 sanatione,

277 482 331 522 de
352 481 576 525 Tabithae
596 485 795 578 maz-3135
825 479 1105 522 revocatione
1124 478 1170 518 in

343 633 387 674 1.
424 623 636 676 ⁶Saulus
675 631 838 675 autem
878 627 1033 672 adhuc
1066 626 1169 683 spi-

275 709 394 742 rans
413 697 659 743 minarum
690 699 741 742 et
761 695 923 741 caedis
946 695 997 739 in
1019 693 1169 738 disci-

276 765 422 821 pulos
439 764 670 822 Domini,
701 761 911 808 accessit
937 761 999 805 ad
1028 761 1169 817 prin-

277 833 436 889 cipem
456 831 797 887 sacerdotum,

341 901 386 943 2.
421 899 470 943 et
497 898 639 954 petiit
666 899 725 942 ab
758 908 817 940 eo
850 894 1087 952 epistolas
1117 895 1170 940 in

274 968 568 1010 Damascum
598 962 659 1008 ad
688 975 999 1021 synagogas3
1036 965 1091 1006 ut
1128 961 1171 1006 si

274 1045 397 1089 quos
426 1030 705 1076 invenisset
732 1029 879 1086 hujus
902 1029 1011 1073 viae
1034 1028 1169 1072 viros

274 1114 331 1145 ac
358 1098 620 1156 mulieres,
650 1097 847 1142 vinctos
874 1095 1172 1154 perduceret

274 1168 326 1211 in
344 1164 631 1210 Ierusalem.

341 1233 385 1278 3.
421 1231 489 1277 Et
508 1246 619 1278 cum
636 1231 733 1278 iter
760 1231 976 1288 faceret,
1006 1229 1169 1274 conti—

274 1301 361 1358 git,
382 1302 438 1345 ut
455 1299 879 1356 appropinquaret
895 1298 1139 1342 Damasco
1156 1310 1169 1351 ;

276 1372 327 1413 et
344 1367 508 1413 subito
532 1366 860 1412 circumfulsit
879 1379 991 1410 eum
1008 1364 1100 1409 lux
1111 1363 1170 1407 de

274 1433 419 1480 coelo
438 1449 449 1458 ·

339 1503 385 1546 4.
422 1467 473 1544 et
492 1497 673 1543 cadens
693 1499 748 1543 in
778 1499 962 1543 terram
984 1496 1172 1542 audivit

274 1579 448 1611 vocem
463 1564 708 1611 dicentem
728 1564 845 1610 sibi:
862 1565 1029 1622 Saule,
1043 1564 1169 1609 Sau-

272 1631 344 1680 le!
367 1631 484 1690 quid
504 1645 579 1676 me
599 1631 946 1687 persequeris?

340 1703 385 1745 5.
421 1699 519 1752 Qui
529 1698 680 1745 dixit:
696 1699 819 1752 Quis
841 1712 911 1756 es,
924 1697 1170 1743 Domine‘.⁸

270 1767 339 1812 Et
356 1767 467 1812 ille:
487 1766 600 1823 Ego
622 1779 730 1811 sum
748 1767 780 1811 J
783 1780 921 1824 esus,
954 1779 1100 1823 quem
1117 1767 1172 1810 tu

272 1835 605 1893 persequeris.
640 1835 833 1879 Durum
853 1835 929 1879 est
946 1833 1036 1880 tibi
1047 1846 1171 1879 con-

270 1906 351 1948 tra
370 1901 621 1948 stimulum
640 1901 901 1948 calcitrare
912 1909 948 1946 0.

340 1973 384 2014 6.
420 1970 486 2014 Et
504 1973 723 2015 tremens
735 1983 792 2015 ac
804 1972 1008 2025 stupens
1020 1967 1170 2015 dixit:

273 2035 513 2081 Domine!
536 2036 652 2091 quid
670 2050 749 2080 me
768 2036 845 2081 vis
866 2036 1067 2079 facere?

340 2104 384 2145 7.
421 2102 739 2145 EtDominus
760 2102 819 2145 ad
842 2114 977 2146 eum:
993 2102 1171 2157 Surge,

274 2171 324 2214 et
342 2166 607 2223 ingredere
630 2167 881 2211 civitatem
894 2196 907 2223 ,
940 2170 989 2211 et
1007 2166 1075 2212 ibi
1096 2167 1171 2211 di-

273 2236 413 2279 cetur
425 2232 531 2289 tibi,
546 2232 663 2287 quid
674 2236 721 2277 te
735 2236 969 2290 oporteat
988 2234 1171 2279 facere.

271 2300 382 2345 viri
399 2301 564 2345 autem
582 2298 657 2343 illi
668 2330 683 2357 ,
706 2300 791 2355 qui
811 2301 1173 2346 comitabantur

274 2382 385 2415 cum
403 2379 483 2425 eo,
504 2368 702 2412 stabant
720 2368 1003 2425 stupefacti,
1030 2368 1173 2413 audi-

274 2438 415 2482 entes
456 2434 653 2491 quidem
691 2448 884 2493 vocem,
922 2436 1172 2481 neminem

274 2508 438 2549 autem
459 2502 701 2549 videntes.

340 2572 387 2615 8.
426 2570 661 2616 Surrexit
694 2572 857 2615 autem
889 2569 1066 2614 Saulus
1115 2569 1174 2615 de

273 2640 425 2696 terra,
448 2638 732 2696 apertisque
760 2636 919 2682 oculis
948 2636 1076 2681 nihil
1094 2636 1174 2681 vi-

275 2703 433 2749 debat.
510 2706 586 2750 Ad
620 2718 795 2751 manus
834 2704 996 2749 autem
1035 2697 1175 2747 illum

274 2769 527 2817 trahentes
543 2803 557 2830 ,
582 2772 974 2819 introduxerunt
984 2764 1175 2815 'Dama-

275 2850 431 2882 scum.

342 2906 387 2947 9.
408 2901 477 2947 Et
495 2906 602 2949 erat
620 2906 691 2951 ibi
706 2908 865 2954 tribus
880 2905 1051 2952 diebus
1070 2917 1177 2949 non

322 2999 337 3025 ο
355 3010 393 3035 v.
411 3001 554 3034 1—15.
585 2998 677 3034 Aet.
696 3004 756 3043 22,
775 3005 917 3039 5—15.
952 3004 1013 3043 26,
1031 3002 1173 3037 9—18.
1243 3005 1279 3051 {³³
1296 3005 1333 3038 8.
1379 3008 1404 3035 ε
1423 3013 1454 3037 e.
1475 3004 1542 3043 2⁵,
1569 3003 1628 3037 24.
1678 2998 1696 3024 ἢ
1715 3004 1737 3034 2
1757 3000 1849 3033 Cor.
1881 3004 1947 3040 ιι,

276 3053 291 3070 ³
312 3057 343 3081 c.
362 3049 399 3087 5,
417 3048 475 3081 39.

578 151 840 202 ACTUS
892 146 1536 199 APOSTOLORUM.
1596 145 1761 194 CAP.
1801 144 1849 194 9.

1243 247 1446 304 videns,
1479 250 1528 291 et
1555 259 1661 291 non
1687 245 2031 304 manducavit,
2058 261 2161 294 ne·-

1242 327 1336 370 que
1357 313 1491 358 bibit.

1307 382 1384 424 10.
1420 379 1545 424 Erat
1569 383 1734 424 autem
1761 379 1964 436 quidam
1993 381 2162 427 disci-

1240 447 1383 504 pulus
1404 446 1653 503 Damasci,
1668 446 1874 490 nomine
1889 448 2130 493 Ananias
2145 465 2161 505 ς

1241 517 1290 559 et
1317 513 1444 559 dixit
1471 513 1531 558 ad
1571 512 1711 558 illum
1739 512 1794 558 in
1822 513 1936 558 visu
1965 515 2162 560 Domi-

1240 593 1354 626 nus:
1392 577 1611 625 Anania!
1649 581 1716 624 At
1743 580 1831 625 ille
1863 582 1960 626 ait:
1991 582 2158 638 Ecce,

1240 660 1354 705 egO,
1373 644 1613 692 Domine!

1305 715 1385 759 11.
1419 714 1488 759 Et
1504 713 1750 758 Dominus
1771 713 1835 758 ad
1853 728 1998 759 eum:
2023 717 2156 760 Sur—

1239 795 1318 839 ge,
1340 782 1391 826 et
1410 780 1534 826 vade
1552 781 1607 825 in
1628 780 1810 839 vicum,
1822 781 1911 836 qui
1931 786 2155 826 vocatur

1237 851 1430 905 rectus3
1462 851 1513 894 et
1531 860 1715 904 quaere
1736 848 1790 892 in
1811 847 1961 893 domo
1983 849 2016 893 J
2021 849 2154 894 udae

1239 915 1443 962 Saulum
1508 915 1714 960 nomine
1769 916 2078 960 Tarsensem
2095 909 2126 944 ἆ
2139 931 2154 972 ;

1239 997 1355 1029 ecce
1375 983 1509 1028 enim
1529 984 1654 1027 orat.

1305 1051 1384 1094 12.
1421 1049 1510 1108 (Et
1530 1048 1653 1093 vidit
1671 1049 1858 1106 virum,
1888 1049 2154 1094 Ananiam

1238 1117 1470 1175 nomine,
1501 1116 1866 1172 introeuntem,
1893 1117 1943 1161 et
1969 1115 2151 1172 impo-

1238 1185 1442 1230 nentem
1462 1183 1557 1229 sibi
1573 1195 1749 1228 manus
1761 1213 1776 1240 ,
1799 1186 1853 1227 ut
1872 1182 2029 1227 visum
2051 1197 2147 1227 re-

1239 1250 1428 1308 cipiat.)

1307 1318 1384 1361 13.
1419 1317 1696 1374 Respondit
1715 1320 1879 1362 autem
1891 1318 2141 1362 Ananias:

1238 1383 1478 1429 Domine!
1510 1384 1677 1428 audivi
1706 1396 1736 1428 a
1754 1383 1924 1428 multis
1945 1384 2006 1428 de
2029 1385 2143 1429 viro

1239 1451 1359 1508 hoc,
1391 1453 1574 1507 quanta
1598 1450 1729 1496 mala
1755 1451 1937 1496 fecerit
1955 1452 2147 1496 sanctis

1237 1518 1336 1563 tuis
1357 1517 1410 1562 in
1430 1518 1760 1573 Ierusalem03

1306 1586 1384 1628 14.
1423 1585 1474 1630 et
1499 1584 1581 1630 hic
1609 1585 1756 1630 habet
1783 1587 2086 1640 potestatem
2119 1598 2148 1628 a

1237 1651 1548 1709 principibus
1569 1651 1896 1698 sacerdotum
1926 1651 2147 1708 alligan-

1241 1720 1290 1765 di
1329 1732 1519 1778 omnes,
1559 1719 1644 1776 qui
1677 1719 1922 1764 invocant
1959 1732 2149 1763 nomen

1237 1789 1393 1833 tuum.

1308 1856 1387 1899 15.
1414 1852 1560 1898 Dixit
1577 1854 1742 1897 autem
1761 1851 1824 1897 ad
1843 1865 1959 1898 eum
1969 1853 2147 1898 Domi-

1241 1933 1360 1968 nus:
1382 1920 1545 1979 Vade,
1565 1919 1803 1976 quoniam
1823 1933 1913 1965 vas
1936 1919 2150 1966 electio-

1240 1990 1320 2033 nis
1335 1990 1413 2033 est
1431 1987 1554 2033 mihi
1573 1988 1685 2045 iste,
1697 1989 1752 2032 ut
1770 1990 1942 2044 portet
1961 2002 2148 2033 nomen

1240 2068 1402 2101 meum
1423 2068 1591 2101 coram
1613 2046 1908 2113 gentibuss‚
1939 2058 1990 2101 et
2008 2055 2148 2111 regi-

1241 2125 1331 2169 bus
1341 2128 1388 2179 8,
1410 2125 1460 2167 et
1479 2122 1592 2167 filiis
1612 2122 1798 2178 lsrae‘13

1309 2190 1386 2233 16.
1435 2202 1530 2247 ego
1579 2189 1712 2234 enim
1750 2186 2012 2233 ostendam
2055 2188 2146 2243 illi,

1242 2259 1426 2313 quanta
1445 2258 1681 2314 oporteat
1693 2269 1805 2301 eum
1826 2269 1918 2313 pro
1941 2257 2148 2301 nomine

1240 2337 1354 2369 meo
1375 2324 1479 2381 pati
1493 2316 1536 2367 ἧ.

1311 2392 1389 2435 17.
1425 2390 1492 2435 Et
1506 2390 1627 2436 abiit
1636 2390 1876 2447 Ananias,
1893 2392 1945 2435 et
1963 2390 2149 2435 introi-

1246 2458 1316 2503 vit
1349 2458 1403 2502 in
1442 2458 1667 2513 domum;
1709 2460 1758 2503 et
1795 2458 2063 2513 imponens
2101 2458 2152 2501 ei

1241 2538 1416 2570 manus
1427 2519 1460 2583 i,
1483 2524 1633 2570 dixit:
1657 2524 1806 2569 Saule
1827 2524 2012 2569 frater!
2039 2524 2148 2567 Do-

1242 2592 1406 2637 minus
1431 2592 1568 2637 misit
1591 2604 1669 2635 me
1688 2592 1836 2636 Jesus
1850 2621 1864 2649 ,
1887 2592 1975 2646 qui
1995 2604 2147 2648 appa-

1242 2659 1344 2703 ruit
1368 2658 1456 2703 tibi
1475 2658 1527 2703 in
1547 2658 1657 2715 via,
1687 2672 1784 2714 qua
1805 2658 2047 2703 veniebas
2061 2688 2074 2714 ,
2097 2661 2150 2701 ut

1244 2725 1442 2784 videas,
1474 2727 1524 2771 et
1541 2724 1796 2781 implearis
1818 2726 2010 2782 Spiritu
2031 2737 2146 2769 san-

1247 2796 1344 2838 cto.

1313 2862 1391 2904 18.
1427 2858 1495 2903 Et
1547 2859 1812 2905 confestim
1857 2858 2148 2903 ceciderunt

1289 2955 1310 2981 ἅ
1330 2969 1363 2990 c.
1381 2958 1440 2996 21,
1457 2958 1515 2991 39.
1795 2951 1820 2983 f
1839 2966 1871 2989 c.
1892 2958 1954 2996 22,
1965 2958 2020 2989 21.
2040 2950 2145 2997 Epi».

1976 3003 2031 3035 23.
2063 3008 2144 3043 sqq.

1565 2958 1745 2989 ‘v.l.'2.

1244 3054 1258 3072 ⁸
1279 3061 1308 3082 e.
1329 3050 1366 3089 8,
1386 3050 1442 3083 17.
1459 3049 1519 3088 28,
1537 3048 1570 3083 8·

387 3190 497 3244 Cap.
528 3188 615 3231 IX.
676 3194 713 3231 1.
734 3192 954 3243 aspirans.
1013 3198 1052 3233 2.
1075 3192 1430 3247 epistulas-adin
1443 3194 1712 3235 Damascum
1727 3194 1824 3243 (sed
1841 3194 1898 3234 ad
1915 3206 2063 3249 paene
2075 3196 2145 3235 de-

275 3250 414 3289 letum
432 3247 535 3299 est).
592 3250 632 3286 4.
664 3246 771 3297 quid
791 3259 859 3286 me
880 3250 1177 3299 persequeris.

1238 3250 1406 3291 Durum
1437 3250 1520 3290 tibi
1541 3255 1611 3290 est
1631 3254 1786 3290 contra
1807 3248 2033 3290 stimulum
2056 3246 2143 3289 cal-

276 3304 449 3344 citrare.
512 3302 597 3349 Qui
618 3300 760 3347 dixit,
791 3302 889 3351 quis
910 3314 958 3343 es
976 3302 1196 3345 Domine?
1227 3304 1290 3345 Et
1307 3303 1408 3352 ille,
1430 3305 1525 3355 Ego
1545 3318 1640 3345 sum
1660 3305 1794 3345 Jesus
1823 3318 1954 3356 quem
1973 3310 2020 3343 tu
2043 3314 2142 3357 per-

276 3359 487 3408 sequeris.
548 3354 639 3397 Sed
668 3368 795 3404 surge
830 3360 889 3395 et.
948 3360 988 3396 ⁶1.

274 3412 315 3450 ⁹.
348 3416 445 3451 erat
464 3414 607 3454 tribus
638 3410 801 3462 (deum
824 3410 925 3461 ibi).

1038 3362 1084 3396 et
1118 3360 1294 3401 dicetur
1331 3360 1414 3399 tibi
1455 3360 1618 3411 (deest.·
1650 3359 1760 3409 ibi);
1801 3358 1908 3402 ibid.
1947 3363 2141 3412 oportet.

1003 3414 1069 3451 11.
1098 3413 1157 3451 ad
1184 3412 1312 3455 illum
1340 3426 1524 3465 surgens
1552 3414 1679 3455 vade·

275 3462 451 3507 fecerit.
514 3471 579 3508 1⁶1.
614 3464 832 3506 Dominus
851 3463 985 3505 Jesus
1004 3465 1126 3507 misit
1146 3480 1229 3508 me.

1757 3418 1824 3455 13.
1859 3416 2026 3456 sanctis
2053 3414 2142 3454 tuis
