2376 3925
319 152 673 207 EPISTOLA
705 152 918 204 PAULI
951 154 1048 203 AD
1085 152 1484 206 HEBRAEOS.
1525 155 1679 207 cAP.
1700 156 1749 207 6.
1768 158 1819 206 7.

152 257 512 316 crucifigentes
531 256 730 304 sibimet
746 255 869 313 ipsis
878 255 1065 301 Filium

151 326 276 385 Dei,
298 327 351 372 et
369 324 591 371 ostentui
607 323 864 369 babentes.

227 394 276 437 ⁶¹1.
316 394 478 441 Terra
505 391 640 438 enim
665 403 815 447 saepe
850 388 1064 436 venien-

151 464 266 508 tem
289 472 442 517 super
471 472 526 505 se
557 458 728 505 bibens
755 458 993 516 imbrem,
1014 458 1066 503 et

153 538 418 586 generans
427 526 633 572 herbam
646 525 980 582 opportunam
997 523 1062 570 il-

151 595 241 654 lis,
251 607 286 641 a
295 593 475 651 quibus
495 592 693 651 colitur,
705 592 890 649 accipit
907 594 1064 638 bene-

101 660 104 665 '
155 659 438 709 dictionem
456 673 487 705 a
505 659 630 706 Deo.

225 731 276 773 8.
312 728 584 775 Proferens
611 727 778 773 autem
805 726 974 784 spinas
1003 738 1064 772 ac

153 794 376 842 tribulos
388 794 420 853 ⁸,
452 796 668 852 reproba
688 795 766 839 est
781 796 834 839 et
851 792 1063 839 maledi·

153 865 240 908 cto
261 862 511 920 proxima,
535 861 678 919 cujus
699 860 1062 907 consummatio

153 930 210 975 in
232 930 643 975 combustionem.

225 998 272 1041 9.
313 996 615 1042 confidimus
634 997 800 1041 autem
818 992 880 1040 de
903 993 1062 1052 vobis,

156 1062 492 1111 dilectissimi!
522 1062 738 1108 meliora
767 1062 819 1106 et
848 1060 1062 1107 vicinio-

155 1144 216 1176 ra
237 1130 404 1189 saluti,
423 1129 623 1176 tametsi
642 1128 713 1174 ita
729 1126 998 1183 loquimur.

226 1199 308 1243 10.
344 1198 462 1242 Non
492 1196 624 1242 enim
652 1195 870 1252 injustus
903 1195 1062 1253 Deus,

157 1281 213 1323 ut
250 1276 578 1323 obliviscatur
615 1275 782 1333 operis
823 1274 978 1321 vestri
1015 1275 1066 1321 et

159 1343 484 1391 dilectionisu
497 1374 511 1401 ‚
533 1356 678 1400 quam
699 1342 990 1389 ostendistis
1011 1341 1064 1387 in

158 1411 367 1457 nomine
403 1410 587 1469 ipsius,
623 1409 708 1467 qui
741 1408 1063 1456 ministrastis

164 1478 369 1537 sanctis,
394 1482 445 1525 et
463 1476 772 1523 ministratis.

229 1547 310 1591 11.
365 1544 600 1602 Cupimus
661 1547 828 1590 autem
878 1557 1062 1589 unum—

158 1625 405 1670 quemque
420 1614 638 1657 vestrum
649 1610 873 1657 eamdem
887 1611 1062 1657 osten-

159 1685 269 1726 tare
299 1676 673 1724 solicitudinem
709 1676 772 1721 ad
811 1676 1064 1734 expletio-

157 1760 278 1793 nem
297 1744 408 1802 spei
427 1743 656 1800 usquein
673 1744 822 1789 finem
830 1748 872 1787 ν.

230 1826 312 1870 12.
348 1824 414 1869 Ut
429 1836 536 1868 non
563 1835 745 1880 segnes
766 1821 1063 1880 efficiamini,

159 1904 344 1939 verum
359 1891 638 1936 imitatores
659 1902 852 1949 eorum,
875 1888 960 1945 qui
971 1888 1065 1935 fide

161 1965 212 2008 et
249 1958 495 2019 patientia
532 1955 916 2005 haereditabunt
941 1968 1064 2014 pro-

161 2027 448 2074 missiones.

231 2095 312 2140 13.
347 2093 576 2140 Abrahae
610 2105 824 2149 namque
850 2091 1064 2154 promit-

164 2165 277 2209 tens
288 2162 443 2220 Deus,
455 2160 692 2218 quoniam
701 2159 953 2206 neminem
965 2159 1064 2204 ha-

165 2229 289 2287 buit,
300 2241 390 2285 per
410 2241 556 2284 quem
569 2228 783 2285 juraret,
798 2227 898 2284 maj
905 2238 1062 2284 orem,

161 2294 354 2354 ,iuravit
372 2307 462 2353 per
481 2297 639 2342 semet
657 2295 838 2352 ipsum,

233 2364 314 2407 14.
350 2362 545 2408 dicens:
587 2361 734 2420 „Nisi
763 2359 1065 2407 benedicens

168 2429 496 2490 „benedicam
531 2431 581 2474 te
593 2459 608 2486 ,
647 2429 698 2473 et
731 2425 1066 2484 multiplicans

169 2496 545 2558 „multiplicabo
564 2496 662 2540 tew
674 2491 725 2538 “.

237 2565 316 2610 15.
334 2563 402 2609 Et
418 2563 491 2609 sic
509 2559 866 2620 longanimiter
877 2560 1065 2618 ferens,

169 2631 377 2689 adeptus
397 2632 473 2676 est
491 2627 949 2687 repromissionem.

238 2712 318 2756 16.
352 2709 594 2755 Homines
623 2709 758 2755 enim
786 2720 878 2765 per
905 2707 1067 2764 majo-

170 2791 278 2825 rem
295 2777 373 2825 sui
388 2777 588 2834 jurant;
609 2778 662 2822 et
678 2775 840 2822 omnis
860 2777 1068 2820 contro-

177 2844 369 2892 versiae
399 2855 573 2890 eorum
605 2841 745 2899 finis,
783 2840 845 2886 ad
883 2842 1068 2887 confir-

176 2911 465 2968 mationem,
486 2912 562 2956 est
575 2909 912 2968 juramentum
920 2913 962 2951 ⁸.

221 3012 237 3033 ‘
255 3006 331 3043 δυ.
351 3008 388 3047 5,
408 3009 443 3042 5.
461 3009 498 3042 6.
545 3011 568 3030 '⁶
587 3015 618 3040 c.
639 3007 706 3046 10,
723 3005 894 3038 32—-34-

179 3059 236 3090 14.
283 3059 315 3078 Ψ
335 3053 438 3089 Gen.
456 3056 518 3093 22,
537 3054 594 3087 16.
610 3054 667 3086 17.
716 3055 743 3074 ³
760 3048 890 3084 Exod.
909 3051 970 3090 22,
989 3053 1046 3084 11.

945 3009 963 3027 υ
981 3015 1014 3037 c·
1033 3006 1070 3043 3,
1137 3007 1196 3041 10,
1216 3005 1275 3036 19.
1292 3003 1353 3035 20.
1371 2998 1393 3033 J

1932 156 2032 209 349

1201 257 1280 301 17.
1305 257 1363 300 In
1385 269 1483 313 quo
1502 258 1834 304 abundantius
1853 259 2031 305 volens

1130 323 1269 369 Deus
1306 323 1575 370 ostendere
1609 324 2035 383 pollicitationis!

1129 389 1430 437 haeredibus
1448 390 1843 438 immobilitatem
1862 393 2032 438 consi-

1129 456 1187 502 lii
1206 456 1286 503 sui
1296 486 1313 516 ,
1334 456 1637 515 interposuit
1650 458 2029 517 J’usjurandum3

1198 526 1279 570 18.
1306 527 1363 570 ut
1379 536 1471 582 per
1490 524 1611 570 duas
1630 537 1714 571 res
1733 526 2031 584 immobiles,

1129 590 1309 648 quibus
1353 591 1663 650 impossibile
1709 595 1786 638 est
1828 594 2033 639 mentiri

1128 658 1309 717 Deum,
1329 658 1659 705 fortissimum
1685 658 1918 705 solatium
1938 661 2031 705 ha-

1130 729 1365 784 beamus,
1403 726 1490 783 qui
1516 726 1925 783 confugimus.ad
1952 729 2032 773 te-

1129 793 1345 839 nendam
1365 793 1675 851 propositam
1696 806 1853 852 spem,

1197 861 1277 905 19.
1314 873 1459 916 quam
1486 860 1617 906 sicut
1644 859 1917 907 anchoram
1940 860 2031 905 ha-

1129 927 1302 973 bemus
1312 926 1507 973 animae
1516 930 1673 973 tutam
1682 940 1742 974 ac
1760 929 1967 985 firmam,
1982 930 2033 972 et

1129 992 1445 1041 incedentem
1474 1006 1629 1051 usque
1657 994 1719 1041 ad
1754 994 2031 1042 interiora*

1129 1060 1413 1120 velaminis,

1196 1129 1279 1173 2⁰.
1312 1128 1400 1175 uhi
1425 1141 1727 1186 praecursor
1755 1141 1849 1186 pro
1882 1128 2030 1174 nobis

1128 1193 1395 1241 introivit‘²
1410 1196 1577 1254 Jesus,
1598 1196 1872 1241 secundum
1890 1195 2031 1240 ordi-

1128 1275 1247 1307 nem
1264 1254 1667 1307 Melchisedeehb
1692 1262 1925 1320 pontifex
1950 1263 2031 1307 fa-

1132 1330 1242 1375 ctus
1260 1328 1315 1375 in
1335 1331 1610 1376 aeternum.

1410 1460 1579 1512 GAP.
1634 1458 1751 1513 vll.

1128 1559 1202 1601 Ad
1233 1558 1432 1601 ordinem
1460 1558 1793 1604 Melchisedech
1823 1558 2029 1603 Christus

1422 1616 1631 1658 sacerdos
1649 1618 1733 1658 est.

1198 1710 1245 1752 1.
1295 1706 1391 1753 Hic
1436 1707 1569 1753 enim
1611 1708 1983 1756 Melchisedech
1991 1717 2029 1767 ⁰,

1129 1786 1227 1819 rex
1247 1773 1411 1819 Salem
1426 1804 1439 1831 ‚
1463 1774 1699 1820 sacerdos
1718 1775 1817 1821 Dei
1834 1776 2030 1835 summi,

1130 1840 1219 1897 qui
1239 1840 1462 1886 obviavit
1486 1840 1717 1887 Abrahae
1744 1855 1981 1899 regresso
2002 1856 2035 1887 a

1131 1907 1283 1953 caede
1302 1918 1495 1966 regum,
1516 1910 1566 1953 et
1584 1907 1823 1955 benedixi
1840 1910 1915 1968 εἰς

1198 1977 1245 2020 2.
1282 1973 1363 2020 cui
1382 1977 1433 2020 et
1451 1973 1665 2021 decimas
1678 1968 1706 2004 ἅ
1715 1977 1938 2023 omnium
1955 1978 2032 2024 di-

1131 2041 1253 2088 visit
1276 2042 1553 2099 Abraham3
1581 2041 1795 2100 primum
1815 2044 2031 2104 quidem,

1131 2109 1217 2166 qui
1253 2109 1612 2166 interpretatur
1648 2123 1744 2158 rex
1775 2111 2031 2170 justitiae3

1131 2176 1312 2223 deinde
1334 2179 1499 2224 autem
1520 2179 1571 2223 et
1587 2190 1682 2225 rex
1702 2177 2032 2238 Salem,quod

1130 2247 1225 2304 est,
1245 2257 1343 2290 rex
1359 2243 1512 2303 pacis.

1200 2311 1245 2356 3.
1283 2311 1403 2357 Sine
1424 2315 1582 2369 patre,
1604 2312 1713 2358 sine
1732 2315 1907 2372 matre,
1922 2313 2031 2360 sine

1133 2377 1459 2436 genealogia,
1496 2391 1659 2434 neque
1690 2378 1886 2425 initium
1924 2379 2031 2424 die-

1130 2459 1270 2502 rum,
1298 2458 1461 2501 neque
1492 2446 1640 2490 finem
1669 2444 1804 2491 vitae
1823 2445 2031 2503 habens,

1134 2510 1437 2557 assimilatus
1456 2512 1621 2555 autem
1638 2509 1772 2555 Filio
1792 2511 1906 2570 Dei,
1926 2526 2032 2558 ma-

1134 2580 1224 2624 net
1241 2577 1476 2622 sacerdos
1496 2576 1549 2621 in
1569 2580 1879 2634 perpetuum.

1200 2646 1249 2690 4.
1268 2643 1536 2691 Intuemini
1554 2645 1721 2689 autem
1740 2648 1952 2700 quantus
1971 2647 2036 2692 sit

1133 2711 1233 2772 hic,
1247 2711 1327 2758 cui
1346 2714 1397 2757 et
1416 2710 1629 2756 decimas
1652 2709 1787 2756 dedit
1806 2712 1865 2758 de
1883 2726 2033 2770 prae-

1136 2779 1295 2838 cipuis
1315 2778 1562 2824 Abraham
1581 2776 1880 2834 patriarcha.

1204 2849 1250 2891 5.
1284 2844 1352 2890 Et
1372 2844 1571 2901 quidem
1590 2843 1651 2889 de
1669 2843 1784 2890 liliis
1804 2847 1928 2894 Levi
1948 2862 2030 2895 sa-

1181 2961 1205 2988 ³·
1225 2965 1257 2990 c.
1272 2955 1313 2994 4,
1334 2957 1368 2988 l.
1390 2963 1473 3034 mkq.
1522 2958 1539 2976 ⁸
1560 2962 1591 2988 c.
1609 2957 1647 2994 9,
1666 2955 1703 2989 3.
1724 2957 1757 2990 7.
1774 2959 1831 2998 12,
1850 2961 1908 2994 24.
1959 2965 1979 2983 ⁴¹
1999 2971 2033 2994 c.

1396 3011 1417 3034 o
1451 3023 1462 3034 .
1482 3003 1540 3041 17,
1558 3001 1620 3034 24.
1667 2998 1685 3024 ὗ
1703 3011 1734 3037 c.
1754 3006 1790 3044 5,
1807 3007 1844 3040 6.
1895 3011 1910 3030 ⁸
1930 3005 2033 3040 Gen.

1137 3053 1198 3087 14,
1221 3051 1263 3083 1⁷
1276 3049 1389 3082 —190
1436 3044 1457 3070 d
1474 3055 1512 3081 v.
1531 3047 1570 3080 4ο

289 3199 400 3252 Cap.
431 3197 512 3240 VI.
584 3199 626 3238 ¹1.
665 3201 952 3250 oportunum
988 3193 1096 3239 ibid.
1134 3195 1326 3249 accepit.
1400 3196 1441 3236 9.
1470 3196 1661 3238 tamensi
1697 3196 1762 3238 ita
1796 3195 2033 3250 loquimur.

183 3262 248 3302 ss·
281 3253 644 3297 sollicitudinem.
703 3255 768 3294 13.
797 3251 968 3305 jurabit
997 3265 1081 3306 per
1107 3253 1250 3294 semet
1273 3250 1434 3305 ipsum.
1492 3253 1559 3291 1¹1.
1589 3249 1934 3306 pollicitationis
1959 3253 2036 3296 he-

182 3311 361 3356 sedibus
386 3307 748 3351 innobilitatem.
807 3311 873 3349 18.
904 3305 1164 3355 inmobilem
1202 3304 1310 3348 ibid.
1336 3304 1627 3360 inpossibil03
1662 3305 1771 3350 ibid.
1808 3306 2035 3352 solacium.

187 3371 252 3410 19.
281 3374 513 3412 ancoram3
541 3362 648 3406 ibid.
677 3375 815 3418 usque
843 3363 892 3405 in
921 3362 1138 3405 interiora
1161 3359 1411 3404 velaminis.
1470 3364 1538 3403 20.
1567 3361 1764 3410 introiit;
1793 3362 1901 3406 ibid.
1923 3363 2037 3406 Mel-

186 3421 403 3466 chisedec.
515 3417 622 3462 VII.

188 3479 269 3534 et).
325 3480 366 3518 3.
397 3472 704 3518 adsimulatus.

682 3423 720 3461 1.
752 3417 1077 3466 Melchisedec;
1105 3415 1213 3460 ibici.
1242 3427 1269 3457 a
1296 3416 1420 3460 cede.
1497 3421 1538 3458 2.
1571 3417 1641 3458 cui
1668 3416 1861 3459 decimas
1899 3419 2040 3475 (deest
