2376 3925
294 170 393 222 164
801 162 1192 216 JOANNES.

298 269 429 321 Quia
447 267 783 328 blasphemas!
812 268 930 326 qnia
946 267 1083 326 dixi,
1106 266 1199 312 Fi-

302 337 401 384 lius
415 337 512 384 Dei
530 334 661 382 sum!

362 405 443 450 37.
481 404 535 450 Si
554 415 661 449 non
688 403 821 448 facio
852 414 1009 460 opera
1035 399 1200 447 Patris

296 472 412 530 mei,
434 471 595 516 nolite
614 470 821 516 credere
840 469 989 527 mibi3

364 539 444 584 38.
479 537 525 584 si
553 539 717 584 autem
744 538 908 594 facio;
947 537 999 582 et
1017 534 1062 580 si
1076 534 1203 580 mihi

298 617 403 651 non
422 605 576 650 vultis
595 604 820 662 credere,
833 603 1069 662 operibus
1088 614 1203 647 cre-

300 673 430 729 dite;
457 674 517 718 ut
544 671 867 730 cognoscatis
894 672 947 715 et
964 669 1202 728 credatis,

298 739 449 796 quina
475 739 625 786 Pater
645 739 699 783 in
716 750 797 783 me
818 739 919 795 est,
942 738 994 784 et
1023 749 1120 794 ego
1146 736 1202 782 in

299 808 466 852 Patre.

366 874 446 918 39.
484 872 806 925 Quaerebant
831 883 957 929 ergo
978 883 1093 916 eum
1110 882 1204 927 ap-

296 939 609 998 prehendete
622 953 638 997 3
652 939 703 986 et
720 937 883 985 exivit
900 938 960 984 de
974 937 1202 984 manibus

299 1019 490 1054 eorum.

363 1075 445 1118 40.
481 1072 549 1119 Et
566 1071 689 1120 abiit
706 1071 890 1118 iterum
916 1074 1058 1118 trans
1079 1071 1202 1117 Jor-

298 1141 501 1200 danem,
530 1140 585 1186 in
604 1154 719 1187 eum
736 1139 905 1186 locum
916 1170 931 1199 ,
958 1131 1077 1186 uhi⁶
1095 1140 1206 1184 erat

298 1209 328 1253 J
331 1221 524 1254 oannes
562 1207 822 1268 baptizans
867 1207 1109 1266 primum3
1155 1208 1206 1252 et

300 1275 487 1322 mansit
503 1275 627 1322 illic.

364 1344 448 1388 41.
480 1343 549 1388 Et
566 1343 711 1388 multi
732 1343 981 1388 venerunt
991 1340 1055 1386 ad
1073 1353 1203 1398 eum,

299 1411 351 1454 et
380 1409 636 1456 dicebant:
678 1408 808 1460 Quia
835 1410 1062 1455 Ioannes
1090 1405 1204 1464 qui-

298 1477 410 1522 dem
429 1476 629 1533 signum
646 1475 769 1521 fecit
786 1474 1007 1530 nullum3

365 1543 447 1588 42.
485 1541 655 1588 omnia
692 1543 886 1600 autem,
933 1552 1203 1597 quaecum-

298 1623 393 1666 que
416 1609 571 1657 dixitc
588 1609 815 1655 Joannes
835 1607 895 1654 de
925 1607 1021 1654 hoc
1034 1637 1051 1667 ,
1080 1619 1205 1653 vera

299 1679 459 1723 erant.
526 1676 595 1723 Et
621 1675 779 1722 multi·
794 1673 1117 1723 crediderunt
1148 1673 1205 1721 in

299 1758 426 1791 eum.

593 1856 760 1908 CAP.
812 1855 907 1907 XI.

301 1957 371 1998 De
400 1956 575 2000 Lazaro
602 1956 802 1999 redivivo
822 1955 1040 1998 narratio-
1079 1952 1204 1996 Pon·—

299 2012 444 2053 tiiices
478 2016 526 2053 et
551 2010 793 2053 Pharisaei
840 2011 896 2052 de
934 2010 1046 2052 Jesn
1083 2010 1202 2051 occi-

298 2066 447 2108 dendo
496 2065 686 2109 consilia
722 2078 777 2106 ca
810 2065 921 2105 iunt.
998 2062 1202 2119 Caiphas

548 2120 644 2173 agit
664 2133 779 2174 prop
814 2122 946 2163 etam..

364 2214 411 2257 1.
428 2210 556 2259 Erat
565 2214 732 2257 autem
742 2211 940 2267 quidam
950 2209 1200 2269 languens

298 2280 519 2332 Lazarus
547 2291 577 2324 a
603 2278 873 2337 Bethania,
906 2278 966 2325 de
987 2279 1199 2325 castello

296 2338 529 2393 Mai-ised
547 2348 597 2393 et
606 2344 835 2391 Marthae
856 2346 1050 2392 sororis
1071 2346 1200 2404 ejus.

364 2432 410 2476 2.
448 2430 636 2491 (Maria
671 2431 838 2477 autem
880 2432 1015 2489 erat,
1071 2442 1199 2487 quae

296 2498 472 2545 unxite
508 2497 779 2544 Dominum
822 2500 1110 2557 unguento,
1150 2498 1204 2543 et

296 2566 509 2613 extersit
533 2565 687 2624 pedes
719 2564 829 2622 ejus
851 2564 1045 2622 capillis
1066 2564 1199 2622 suis3

296 2633 439 2691 cujus
467 2635 626 2681 frater
661 2632 885 2679 Lazarus
912 2632 1201 2678 infirmaba-

294 2700 417 2757 tur.)

361 2766 409 2810 3.
442 2767 695 2815 Miserunt
713 2781 837 2827 ergo
863 2778 1069 2812 sorores
1090 2764 1201 2823 ejus

298 2831 360 2877 ad
380 2845 509 2891 eum,
531 2834 779 2883 dieentes:
801 2832 1038 2881 Domine!
1061 2846 1198 2892 ecce,

298 2912 443 2955 quem
462 2912 615 2959 amas,
636 2902 930 2949 infirmatur.

363 2968 409 3011 4.
445 2965 669 3013 Audiens
696 2972 863 3016 autem
893 2970 1043 3015 Iesus
1072 2966 1202 3015 dixit

298 3034 397 3079 eis:
436 3032 702 3079 infirmitas
739 3036 864 3083 haec
898 3050 1004 3082 non
1032 3037 1111 3081 est
1137 3034 1200 3081 ad

342 3136 363 3155 ⁸
383 3127 433 3166 cf.
454 3139 486 3165 c.
505 3132 563 3168 17,
582 3132 642 3164 21.
691 3127 709 3155 ὅ
727 3129 777 3167 cf.
798 3143 830 3167 c.
851 3136 885 3173 1,
903 3134 963 3169 28.
1012 3138 1029 3157 θ
1048 3129 1097 3167 cf.
1116 3134 1197 3171 ο.3,

293 3177 351 3211 26.
373 3186 457 3222 sqq.
504 3172 525 3199 ἆ
540 3173 639 3211 Luc.
659 3178 719 3218 10,
736 3180 797 3213 39.
844 3184 861 3205 θ
881 3176 932 3214 cf.
953 3188 986 3213 c.
1005 3181 1065 3221 12,
1081 3181 1120 3215 8.

408 3320 522 3375 Cap.
570 3318 633 3359 X·
710 3324 778 3363 38.
828 3323 874 3363 in
912 3336 981 3365 me
1018 3328 1089 3365 est
1126 3329 1271 3379 pater·
1347 3329 1416 3367 40·

1266 162 1435 215 CAP.
1472 165 1558 212 10.
1579 164 1662 213 11.

1263 267 1503 324 mortem,
1533 265 1622 310 sed
1649 278 1743 322 pro
1771 265 1937 323 gloria
1965 267 2094 327 Dei,
2123 273 2184 315 ut

1266 332 1575 392 glorificetur
1593 332 1754 378 Filius
1772 332 1870 379 Dei
1888 347 1984 391 per
2005 347 2135 381 eam·

1334 402 1380 444 5.
1415 399 1672 458 Diligebat
1690 402 1857 446 autem
1867 401 2018 446 Iesus
2031 403 2180 449 Mar-

1263 467 1416 525 tham,
1438 468 1490 513 et
1508 479 1742 514 sororem
1759 467 1871 526 ejus
1890 469 2106 515 Mariam
2128 475 2183 516 et

1266 535 1529 580 Lazarum.

1332 603 1380 646 6.
1417 602 1483 647 Ut
1502 613 1626 660 ergo
1645 601 1865 662 audivit,
1894 603 2014 660 quia
2031 605 2178 650 infir-

1267 670 1520 728 mabatur,
1548 671 1668 714 tunc
1698 669 1902 726 quidem
1917 670 2104 718 mansit
2120 671 2180 718 in

1269 735 1446 782 eodem
1464 735 1580 782 loeo
1602 735 1794 783 dnobus
1817 737 2010 784 diebus.

1333 805 1381 848 Ἰ.
1416 803 1612 849 Deinde
1639 805 1757 860 post
1784 803 1910 850 haec
1941 805 2072 851 dixit
2097 805 2177 851 di-

1269 870 1474 928 scipulis
1494 871 1622 916 suis:
1654 870 1840 918 Eamus
1861 871 1916 917 in
1936 873 2178 918 Iudaeam

1269 936 1473 984 iterum!

1335 1007 1384 1050 8.
1419 1005 1606 1051 Dicunt
1633 1004 1682 1050 ei
1709 1005 1966 1063 discipuli:
1995 1006 2179 1054 Babbi!

1269 1085 1404 1118 nunc
1423 1063 1776 1129 quaerebants
1783 1074 1832 1118 te
1842 1072 2024 1118 Iudaei
2044 1073 2181 1131 lapi-

1271 1139 1408 1198 dare,
1429 1141 1483 1185 et
1499 1139 1682 1184 iterum
1699 1139 1840 1185 vadis
1857 1139 2011 1186 illuc?

1337 1209 1383 1250 9.
1420 1205 1699 1263 Respondit
1732 1207 1906 1252 Iesus:
1950 1207 2185 1253 Nonneg

1270 1272 1534 1320 duodecim
1569 1275 1690 1318 sunt
1733 1273 1892 1320 borae
1940 1273 2070 1320 dieii
2119 1275 2183 1321 Si

1271 1340 1381 1396 quis
1401 1339 1731 1387 ambulaverit
1755 1340 1810 1385 in
1829 1341 1938 1399 die,
1966 1354 2076 1388 non
2095 1345 2181 1389 of-

1270 1407 1456 1466 fendit,
1495 1408 1612 1464 quia
1636 1407 1801 1454 lucem
1824 1407 1977 1465 hujus
2005 1409 2182 1455 mundi

1271 1474 1434 1531 videt3

1337 1542 1420 1586 1⁰.
1464 1541 1509 1587 si
1554 1543 1721 1588 autem
1755 1539 2093 1590 ambulaverit
2125 1545 2182 1590 in

1271 1611 1440 1668 nocte,
1462 1607 1698 1669 offendit,
1729 1609 1846 1666 quia
1860 1607 1954 1656 lux
1972 1623 2086 1657 non
2105 1615 2184 1657 est

1271 1676 1325 1722 in
1345 1689 1426 1722 eo.

1337 1745 1419 1789 11.
1438 1744 1576 1790 Haec
1595 1744 1684 1804 ait,
1705 1747 1756 1790 et
1772 1745 2038 1802 posthaec
2052 1746 2181 1794 dixit

1272 1811 1368 1858 eis:
1398 1811 1622 1858 Lazarus
1650 1812 1839 1858 amicus
1858 1813 2040 1860 noster
2059 1813 2179 1859 dor-

1272 1870 1424 1936 mit7⁸3
1446 1879 1536 1926 sed
1555 1879 1710 1938 vado,
1739 1881 1798 1924 ut
1821 1892 1853 1925 a
1879 1893 2066 1926 somno
2085 1893 2179 1928 ex-

1272 1946 1420 1993 citem
1439 1960 1568 1994 eum.

1337 2015 1419 2059 12.
1469 2014 1726 2061 Dixerunt
1771 2027 1899 2073 ergo
1946 2016 2182 2074 discipuli

1269 2080 1406 2137 ejus:
1426 2080 1669 2127 Domine!
1700 2081 1746 2127 si
1765 2082 1980 2142 dormit,
2009 2083 2180 2130 salvus

1267 2148 1380 2194 erit.

1334 2216 1416 2261 13.
1459 2216 1675 2263 Dixerat
1719 2219 1888 2263 autem
1922 2218 1954 2262 J
1958 2230 2076 2263 esus
2113 2219 2174 2265 de

1266 2284 1429 2329 morte
1444 2284 1572 2341 ejus3
1586 2283 1664 2329 illi
1673 2288 1840 2330 autem
1847 2286 2176 2343 putaverunt,

1268 2350 1384 2407 quia
1411 2350 1474 2396 de
1503 2350 1809 2397 dormitione
1838 2352 2007 2397 somni
2038 2352 2176 2399 dice-

1266 2418 1361 2463 ret.

1335 2484 1415 2528 14.
1454 2485 1597 2530 Tunc
1627 2498 1750 2543 ergo
1769 2487 1920 2530 Jesus
1951 2485 2085 2533 dixit
2104 2487 2177 2532 eis

1266 2550 1556 2596 manifeste:
1587 2553 1810 2597 Lazarus
1827 2555 2060 2599 mortuus
2081 2553 2176 2599 est!

1334 2619 1415 2662 15.
1450 2618 1518 2663 Et
1536 2618 1730 2676 gaudeo
1751 2620 1962 2677 propter
1985 2632 2102 2680 vos,
2125 2622 2179 2665 ut

1269 2684 1509 2743 credatis,
1538 2686 1775 2741 quoniam
1801 2698 1910 2732 non
1929 2699 2072 2735 eram
2091 2688 2174 2734 ibi.

1270 2751 1369 2798 Sed
1389 2764 1558 2798 eamus
1577 2754 1640 2798 ad
1660 2752 1796 2799 eum!

1336 2822 1416 2865 16.
1458 2820 1602 2866 Dixit
1638 2833 1762 2878 ergo
1802 2821 2027 2868 Thomas
2041 2852 2055 2881 ‚
2093 2823 2178 2878 qui

1269 2886 1452 2933 dicitur
1478 2887 1747 2947 Didymus,
1768 2887 1830 2933 ad
1850 2889 2176 2946 condiscipu-

1267 2954 1372 3001 los:
1392 2954 1578 3000 Eamus
1597 2956 1648 3001 et
1666 2968 1789 3014 nos,
1815 2957 1874 3000 ut
1901 2957 2178 3001 moriamur

1269 3036 1378 3067 cum
1399 3020 1484 3067 eo!

1310 3127 1338 3162 ἰ
1356 3128 1404 3167 cf.
1425 3141 1457 3167 c.
1478 3133 1537 3171 10,
1555 3133 1615 3167 31.
1670 3136 1694 3164 ε
1713 3128 1762 3167 cf.
1781 3143 1812 3166 c.
1833 3135 1871 3173 9,
1889 3134 1928 3167 4.
1987 3130 2007 3159 ἢ
2027 3132 2173 3169 Moab.

1263 3180 1301 3219 9,
1319 3180 1381 3212 24.

1467 3324 1712 3367 Jordanen.
1791 3330 1861 3370 41.
1912 3330 2172 3373 veniebant.

295 3372 384 3416 xl.
441 3380 484 3417 8.
516 3388 690 3418 sorores
710 3376 880 3429 (omiu-
893 3377 1031 3431 ejus).
1090 3383 1131 3421 4.
1162 3394 1248 3434 per
1263 3392 1362 3421 eum
1371 3380 1534 3434 (litera
1549 3392 1580 3421 a
1596 3393 1730 3435 mper-
1746 3395 1778 3423 n
1794 3381 2048 3429 minuscule
2065 3388 2176 3429 acri·

298 3434 381 3481 pta
399 3432 507 3484 est).
563 3434 605 3474 7.
639 3430 762 3473 dicit.
822 3436 863 3473 8.
893 3430 1103 3485 lapidare
1130 3434 1312 3477 Judaei.
1371 3438 1412 3477 9.
1443 3434 1578 3477 horae
1604 3440 1722 3478 sunt.

301 3484 515 3527 offendet.

1781 3441 1848 3479 1⁰.
1879 3445 2044 3492 nocte3
2063 3441 2172 3486 ibid-

576 3490 641 3527 11.
672 3490 777 3539 post
797 3485 880 3529 hoc
898 3486 1033 3536 dicit3
1052 3489 1161 3533 ibid
1180 3490 1469 3533 exsuscitem.
1530 3494 1596 3533 14.
1629 3490 1752 3534 dixit
1769 3494 1838 3536 eis
1857 3494 2016 3539 Jesna.

2329 3246 2334 3385 J
