2376 3925
643 167 1190 213 coMMEN'rATIo
1246 170 1659 216 ISAGOGICA.
1984 171 2079 216 XV

201 301 531 358 morabiles.
618 295 802 352 Abbas
827 295 1164 354 Servandus
1191 316 1294 372 pro
1323 319 1389 355 eo
1407 341 1426 370 ,
1465 319 1632 376 quem
1658 307 1815 356 aet'as
1842 301 2080 370 ferebat,

202 384 392 462 gradu
415 380 638 456 jndicio
663 379 952 450 subactus,
979 382 1191 436 artium
1216 382 1535 438 liberalium
1560 385 1911 460 aliquantum
1938 401 2081 459 gna-

203 487 325 538 rus,
355 484 467 521 nec
494 465 709 520 inscius
731 463 966 538 linguae
992 480 1235 538 graecae
1261 464 1395 536 fuit,
1420 465 1483 522 id
1506 467 1655 540 quod
1682 486 1714 522 e
1742 466 1957 523 codicis
1982 485 2077 522 ac-

201 550 500 607 curatiore
527 545 790 602 examine
810 546 1204 619 perspicietur.
1248 544 1331 602 Ut
1350 565 1465 604 uno
1494 551 1751 624 exemplo
1778 549 2076 626 defungar,

198 642 336 708 post
373 632 752 706 epigramma,
805 628 876 682 de
916 645 1027 703 quo
1063 629 1340 699 diximus,
1391 649 1444 705 p.
1485 631 1541 686 3.
1582 641 1669 687 est
1702 632 1979 705 praefatio
2016 635 2077 686 in

203 716 406 772 charta
431 729 714 788 purpurea
741 711 1073 784 majoribus,
1094 712 1197 768 sed
1212 715 1679 770 evanescentibus
1705 714 2077 770 diuturnitate

204 810 527 871 temporum
552 796 738 850 literis
763 794 1057 868 eleganter
1079 797 1329 870 scripta,
1382 813 1491 872 qua
1533 797 1605 852 ad
1641 798 1946 852 lectionem
1984 817 2077 852 sa-

210 899 436 937 crorum
464 879 742 934 librorum
769 874 984 932 Christi
1013 875 1215 931 fideles
1243 878 1579 934 invitantur.
1615 908 1683 918 —

327 964 426 1021 Ex
461 960 552 1017 his
565 1001 584 1031 ,
619 977 763 1036 quae
804 959 1244 1032 disputavimus,
1290 964 1753 1038 argumentisque
1787 961 2079 1018 historicis

203 1065 274 1102 ac
303 1045 688 1119 diplomaticis
715 1043 981 1097 evincere
1007 1045 1379 1115 tentavimus,
1408 1044 1677 1101 credibile
1704 1044 2080 1115 est,Servan-

202 1131 346 1186 dum
383 1143 606 1197 senem,
660 1124 854 1180 audita
885 1122 1167 1202 Gregorii
1199 1125 1487 1199 pontificis
1524 1129 1831 1196 electione,
1880 1130 1979 1202 qui
2015 1131 2079 1182 in

200 1211 578 1286 apostolicam
603 1207 795 1264 sedem
819 1207 1078 1263 ascendit
1112 1225 1162 1263 a.
1194 1207 1336 1280 590,
1365 1219 1423 1265 et
1446 1210 1520 1266 ad
1540 1211 1690 1266 diem
1715 1208 1850 1265 XII.
1880 1208 2076 1265 Martii

203 1313 256 1350 a.
285 1293 413 1349 604
437 1310 656 1348 summa
683 1309 813 1347 cum
834 1290 1002 1345 laude
1029 1293 1306 1347 ecclesiae
1332 1302 1614 1367 praeerat,
1643 1292 1796 1347 hunc
1824 1293 2076 1348 codicem

201 1377 481 1433 biblicum
521 1375 665 1430 dono
711 1375 766 1429 ei
800 1374 1040 1429 misisse.
1127 1373 1380 1431 Tantum
1414 1393 1617 1432 munus
1653 1384 1813 1431 tanto
1836 1377 1961 1431 viro
1991 1375 2076 1429 di-

203 1477 389 1537 gnum
411 1457 540 1514 fuit.
624 1454 790 1511 Unde
813 1455 882 1512 ab
920 1473 970 1510 a.
1007 1457 1130 1513 sere
1171 1458 1330 1514 1036
1373 1460 1721 1516 existimatio
1760 1461 1823 1514 in
1858 1467 2076 1513 mentes

203 1543 506 1598 hominum
545 1541 776 1613 irrepsit
790 1579 808 1608 ‚
860 1539 1068 1594 librum
1103 1542 1335 1615 propria
1378 1541 1666 1618 Gregorii
1694 1559 1864 1596 mnu
1900 1541 2079 1596 fuisse

209 1632 525 1681 exaratum.
559 1653 630 1662 —

335 1705 620 1762 Narrante
655 1707 806 1759 enim
842 1702 1164 1760 UGHELLlo
1206 1708 1269 1760 in
1310 1704 1453 1763 Ital.
1486 1723 1667 1762 sacra
1706 1703 1801 1759 Ill.
1838 1723 1889 1776 p.
1918 1705 2078 1772 623„

218 1792 318 1866 qui
343 1792 402 1844 in
423 1788 771 1844 monasterio
798 1785 1085 1841 Amiatino
1117 1787 1382 1862 degerat,
1407 1798 1473 1843 ut
1498 1789 1580 1844 ibi
1607 1787 1834 1843 chartas
1861 1788 2079 1841 exscri-

215 1875 400 1944 beret,
435 1874 499 1928 in
538 1869 781 1946 quadam
815 1870 1126 1942 scriptura,
1163 1869 1403 1926 inventa
1428 1877 1518 1925 est
1538 1871 1757 1924 notatio
1782 1870 2080 1942 temporis,

211 1976 322 2033 quo
362 1961 757 2012 consecratum
797 1960 882 2008 est
917 1954 1186 2028 templum
1234 1953 1336 2011 sub
1379 1951 1719 2011 W⁷inizzone
1763 1949 1980 2007 Abbate
2024 1960 2083 2006 et

205 2037 458 2097 Arialdo
489 2036 722 2093 Clusino
758 2034 1074 2110 Episcopo,
1116 2035 1436 2093 Benedicta
1473 2034 1745 2111 pontifice
1776 2034 2082 2091 mandante

207 2140 418 2198 magna
441 2122 778 2196 populorum
805 2119 1126 2194 frequentia
1153 2138 1205 2174 a.
1245 2120 1417 2176 1036.
1504 2118 1631 2184 Qua
1658 2120 2083 2193 opportunitate

209 2206 624 2274 caerimoniae,
658 2203 934 2276 reliquiae
971 2199 1319 2258 Sanctorum
1353 2204 1417 2257 in
1443 2204 1590 2273 aris,
1626 2202 1700 2257 ad
1723 2220 1861 2277 quas
1891 2219 2082 2257 sacer-

209 2290 368 2345 dotes
407 2289 581 2343 litare
616 2285 902 2354 solebant,
935 2282 1253 2340 honorifice
1276 2284 1506 2341 fuerant
1530 2285 1806 2340 conditae.
1890 2281 2081 2357 Hujus

213 2370 442 2427 chartae
472 2369 686 2424 indicio
713 2367 974 2441 aequales
987 2363 1296 2423 UGHELLH
1315 2369 1739 2424 subterraneam
1758 2369 2078 2436 ecclesiam,

210 2472 356 2531 qnae
383 2451 612 2529 Grypta
635 2457 895 2519 vocatur,
922 2450 1376 2526 inquisiverunt,
1402 2451 1789 2527 submotisque
1815 2451 2083 2505 altarium

211 2534 568 2612 quorundam
601 2532 901 2606 lapidibus,
924 2533 1197 2607 reliquias
1222 2535 1429 2591 multas
1454 2532 1637 2590 thecis
1662 2534 1871 2609 ligneis
1898 2533 2081 2586 inclu-

218 2636 308 2674 sas
335 2622 705 2687 invenerunt,
731 2614 1062 2690 obsignatas
1091 2634 1222 2672 cera
1250 2635 1472 2688 crocea,
1498 2619 1562 2673 in
1588 2632 1699 2691 qua
1724 2614 2083 2688 spectabatur
2165 2610 2171 2623 '

218 2700 432 2776 effigies
466 2697 828 2756 Winizzonis
863 2698 1099 2754 abbatis.
1184 2698 1301 2757 Eas
1338 2720 1468 2756 cum
1505 2701 1633 2755 aliis
1678 2699 1935 2774 reliquiis
1977 2697 2081 2753 ho-

213 2782 632 2839 norificentiori
681 2782 812 2836 loco
865 2781 1132 2839 locandas
1185 2785 1410 2840 curavit
1456 2780 1737 2837 UGHELm
1793 2800 1842 2836 a.
1904 2782 2078 2836 1631.

209 2865 644 2923 Monumentum
680 2872 871 2920 autem
910 2865 994 2920 ibi
1027 2875 1317 2941 repertum
1350 2868 1433 2921 ita
1471 2864 1658 2920 habet.
1722 2862 1829 2935 „In
1852 2867 2081 2920 nomine

207 2948 466 3005 Domini.
491 2946 688 3002 Amen.
735 2946 898 3003 Anno
926 2944 1161 3004 Domini
1187 2950 1490 3005 millesimo
1516 2945 1805 3003 XXXVI.
1836 2946 1953 3003 Ind.
1984 2945 2079 3001 IV.

207 3044 469 3107 tempore
503 3030 820 3086 beatissimi
851 3027 1039 3104 Papae
1063 3028 1377 3089 Benedicti
1403 3031 1471 3086 de
1498 3028 1779 3100 Tuscula,
1817 3048 1891 3084 ex
1915 3039 2081 3103 patre

211 3197 474 3269 Abbatis,
503 3204 898 3253 consecratum
925 3204 1012 3251 est
1036 3197 1307 3269 templum
1333 3195 1443 3252 hoc
1466 3197 1538 3252 ad
1560 3195 1834 3251 honorem
1855 3190 1927 3246 D.
1948 3188 2081 3245 Sat-

209 3282 472 3345 vatori8‚
521 3288 580 3333 et
601 3276 814 3334 Beatae
837 3275 1073 3335 Mariae
1108 3297 1328 3354 semper
1366 3280 1640 3355 virginis,
1687 3285 1744 3332 et
1774 3274 2082 3329 multorum

213 3360 588 3433 Sanctorum,
616 3380 856 3438 quorum
876 3362 1108 3418 nomina
1133 3370 1268 3419 sunt
1292 3381 1394 3436 per
1420 3362 1646 3436 singula
1672 3356 1904 3420 altaria,
1939 3370 2083 3425 quae

219 3448 591 3503 continentur
625 3447 688 3505 in
723 3443 832 3500 hoc
871 3446 1114 3519 scripto,
1151 3445 1225 3501 ad
1262 3448 1424 3518 cujus
1452 3438 1933 3498 consecrationem
1960 3434 2085 3488 fue-
