2376 3925
292 165 392 217 166
797 159 1187 212 JOANNES.

358 269 440 314 42.
474 266 589 324 Ego
606 267 775 311 autem
800 263 1045 321 sciebam,
1076 262 1193 319 quia

294 346 491 393 semper
502 346 581 378 me
590 329 751 390 audis,
764 329 853 376 sed
869 330 1079 388 propter
1096 341 1192 386 po—

293 401 480 460 pulum,
516 398 601 455 qui
628 397 931 454 circumstat,
969 395 1101 442 dixi:
1138 396 1195 441 ut

294 467 518 524 credant,
540 464 657 522 quia
674 466 729 510 tu
746 477 826 510 me
844 461 1041 508 misisti.

358 535 441 578 43.
474 533 614 578 Haec
644 544 757 578 cum
792 529 1029 588 dixi-set,
1067 540 1194 574 voce

291 613 475 658 magna
510 597 768 646 clamavit:
804 596 998 642 Lazaro
1010 625 1027 654 ‚
1073 594 1194 641 veni

292 665 452 716 foras!

358 736 441 780 44.
474 731 545 778 Et
560 732 727 778 statim
744 728 955 788 prodiit,
976 727 1063 785 qui
1079 729 1194 774 fue-

292 803 373 848 rat
390 803 633 856 mortuno,
645 797 830 854 ligatus
847 795 1001 853 peden
1020 797 1071 841 et
1086 807 1197 840 ma-

292 882 389 914 nus
408 865 623 922 institis,
642 866 694 910 et
712 863 867 910 facies
887 862 1026 908 illius
1045 861 1196 908 suda-

292 936 373 982 rio
394 936 502 981 erat
518 931 687 989 ligata.
756 929 902 976 Dixit
929 929 1003 975 eia
1019 929 1196 975 Jenun:

296 1001 491 1050 Solvite
510 1011 641 1056 eum,
662 1000 713 1044 et
730 996 881 1042 uiuite
900 994 1063 1043 abire!

361 1070 442 1114 45.
477 1065 626 1111 Multi
646 1076 771 1121 ergo
791 1076 861 1110 ex
875 1062 1101 1122 Iudaei,
1112 1061 1200 1120 qui

297 1135 544 1181 venerant
562 1129 625 1177 ad
639 1130 853 1178 Mariam
871 1132 922 1176 et
930 1130 1198 1188 Martham,

298 1206 350 1248 et
384 1199 643 1258 viderant,
692 1211 821 1255 quae
864 1197 987 1244 fecit
1030 1197 1198 1255 Iesus,

298 1267 621 1316 crediderunt
637 1265 692 1312 in
712 1278 842 1312 eum.

363 1338 445 1382 46.
500 1333 712 1386 Quidam
756 1333 922 1379 autem
965 1345 1035 1378 cx
1075 1331 1201 1389 ipsi·

300 1403 534 1448 abierunt
550 1399 613 1444 ad
632 1398 933 1445 Pharisaeos
946 1429 961 1456 ‚
984 1401 1035 1444 et
1052 1397 1201 1444 dixe-

298 1471 419 1514 runt
438 1467 529 1525 eiu,
550 1479 677 1522 quae
696 1465 819 1511 fecit
836 1467 1002 1511 Jesus.

369 1535 449 1579 47.
487 1532 850 1590 couegeruntn
879 1543 1003 1589 ergo
1023 1531 1202 1576 Ponti-

302 1605 418 1648 fices
456 1602 508 1646 et
524 1598 783 1644 Pharisaei
821 1597 1115 1657 concilium,
1154 1601 1206 1645 et

302 1669 558 1717 dicebant:
583 1666 713 1719 Quid
730 1665 940 1713 facimus
954 1696 969 1725 ‚
988 1665 1106 1723 quia
1122 1665 1204 1712 hic

301 1737 455 1784 homo
474 1733 629 1781 multa
648 1734 795 1792 signa
811 1733 963 1780 faciti

368 1806 451 1851 48.
488 1803 544 1850 Si
563 1801 852 1848 dimittimus
881 1815 995 1847 eum
1014 1800 1111 1860 nic,
1142 1813 1204 1846 o-

302 1884 445 1918 mnes
466 1870 673 1917 credent
690 1869 745 1916 in
765 1883 905 1926 eum;
928 1871 979 1914 et
997 1868 1206 1914 venient

300 1938 542 1998 Romani,
574 1941 625 1985 et
647 1937 832 1984 tollent
856 1938 1087 1983 nostrum
1120 1935 1203 1981 lo-

305 2020 434 2064 cum,
455 2006 507 2051 et
524 2005 742 2062 gentem.

368 2074 449 2116 49.
486 2072 625 2115 Unus
644 2071 811 2115 autem
828 2082 895 2115 ex
912 2069 1034 2126 ipsis
1048 2098 1062 2127 ‚
1085 2068 1203 2114 Cai-

301 2139 426 2195 phae
446 2136 669 2190 nomine,
683 2148 793 2179 cum
812 2139 947 2181 esset
961 2135 1203 2181 Pontifex

302 2203 423 2250 anni
441 2201 577 2247 illius
588 2232 603 2260 ,
618 2202 747 2249 dixit
757 2201 829 2248 eis
844 2214 856 2247 ι
875 2203 981 2248 Vos
994 2201 1201 2249 nescitis

300 2269 583 2329 quidquam,

364 2338 445 2385 50.
480 2350 575 2382 nec
597 2334 848 2395 cogitatis,
859 2335 977 2391 quia
994 2336 1202 2393 expedit

296 2404 441 2453 vobin
457 2436 472 2465 ,
510 2407 565 2450 ut
598 2416 728 2449 unus
766 2402 1010 2449 moriatur
1042 2403 1197 2449 homo

296 2486 390 2532 pro
409 2472 617 2531 populo,
631 2472 683 2517 et
698 2483 805 2517 non
818 2472 925 2516 tota
944 2483 1068 2529 gens
1076 2483 1198 2529 per-

298 2544 393 2587 eat.

364 2610 444 2655 51.
461 2608 572 2654 Hoc
583 2608 745 2653 autem
758 2618 789 2651 a
800 2607 957 2654 semet
968 2606 1077 2662 ipso
1088 2618 1198 2651 non

298 2674 451 2732 dixit3
465 2675 553 2723 sed
574 2686 686 2722 cum
704 2672 1083 2719 easetPontifex
1100 2686 1196 2718 an-

296 2740 351 2785 ni
368 2740 523 2800 illius,
543 2740 881 2799 prephetavit,
902 2738 1035 2795 quod
1045 2740 1196 2785 Iesus

295 2806 568 2854 moriturus
589 2812 698 2855 erat
715 2822 807 2867 pro
829 2808 1005 2866 gente3

365 2874 447 2917 52.
484 2876 535 2919 et
552 2887 657 2919 non
684 2878 879 2922 tantum
900 2887 993 2932 pro
1023 2876 1194 2932 gente,

296 2939 387 2985 sed
410 2941 499 2984 ut⁰
526 2939 657 2986 filios
682 2941 805 3002 Dei,
833 2942 919 3000 qui
946 2944 1092 2988 erant
1115 2940 1196 2987 ‹li-

298 3006 477 3065 spersi,
499 3011 834 3064 congregaret
851 3010 907 3054 in
923 3022 1092 3055 unum.

343 3123 364 3141 '¹
383 3112 527 3151 Matth.
545 3116 605 3154 26,
622 3117 658 3151 3.
688 3112 778 3149 Joh.
799 3118 858 3156 12,
875 3120 933 3154 19.
982 3124 1001 3143 ⁰
1016 3115 1069 3155 cf.
1081 3128 1113 3155 c.
1132 3120 1194 3160 10,

293 3164 355 3199 16.
373 3164 432 3204 12,
448 3164 509 3199 32.
536 3157 645 3206 Eph.
664 3162 700 3201 2,
716 3162 776 3197 14.
793 3164 851 3197 15.

1261 160 1431 212 cAP.
1467 161 1552 210 11.
1575 161 1657 210 12.

1327 263 1407 308 53.
1441 263 1518 308 Ab
1536 261 1628 306 illo
1649 273 1772 319 ergo
1793 260 1873 306 die
1899 262 2172 320 cogitave-

1259 330 1396 387 runt,
1415 329 1472 375 ut
1489 328 1833 374 interficerent
1849 341 1980 374 eum.

1328 397 1409 440 54.
1442 397 1590 442 Jeme
1611 407 1736 452 ergo
1752 394 1858 451 jam
1875 407 1984 440 non
2000 395 2056 440 in
2074 409 2172 453 pa-

1259 461 1358 508 lam
1376 461 1658 508 ambulabat
1675 461 1807 518 apud
1825 461 2175 520 sadaca-‚sed

1260 529 1384 575 abiit
1401 529 1455 573 in
1465 528 1730 586 regionem
1735 528 1886 585 juxta
1897 528 2170 588 desertum,

1259 596 1314 642 in
1325 595 1725 653 civitatem‚quae
1738 594 1918 640 dicitur
1927 595 2170 655 Ephrem,

1262 666 1314 709 et·
1339 661 1410 708 ibi
1439 665 1727 708 morabatur
1757 675 1871 708 cum
1909 661 2170 721 discipulis

1263 729 1382 775 uuis.
1502 742 1508 751 ·
1644 749 1654 758 ·

1329 799 1410 841 55.
1443 796 1737 842 Proximum
1755 799 1924 842 autem
1943 799 2054 843 erat
2069 797 2170 842 Pa·-

1265 862 1384 909 scha
1401 863 1736 920 Iudaeorum3
1763 865 1817 909 et
1833 864 2174 910 ascenderunt

1263 930 1408 976 multi
1457 930 1821 990 lerosolymam
1855 930 1916 976 de
1954 930 2171 989 regione

1265 999 1383 1044 ante
1410 997 1628 1056 Pascha,
1664 999 1724 1043 ut
1759 997 2173 1044 sanctificarent?

1267 1078 1323 1112 ne
1341 1064 1497 1122 ipson.

1334 1133 1416 1176 56.
1453 1131 1808 1184 Quaerebantq
1823 1143 1946 1189 ergo
1965 1131 2174 1190 Jeaum3

1269 1201 1320 1244 et
1337 1198 1754 1255 colloquebantur
1771 1198 1836 1244 ad
1851 1198 2083 1257 invicem,
2111 1200 2174 1244 in

1268 1265 1456 1323 templo
1509 1268 1728 1312 stantes:
1783 1265 1913 1318 Quid
1964 1266 2172 1325 putatis,

1269 1333 1385 1390 quia
1411 1345 1518 1378 non
1551 1333 1692 1379 venit
1717 1332 1780 1378 ad
1809 1332 1936 1378 diem
1957 1335 2176 1379 festum?

1268 1399 1527 1446 Dederant
1576 1401 1744 1446 autem
1792 1400 2063 1446 Pontifices
2121 1404 2177 1448 et

1268 1466 1530 1512 Pharisaei
1556 1467 1864 1525 mandatum,
1901 1468 1960 1512 ut
1987 1468 2037 1513 ei
2062 1469 2174 1524 quis

1272 1533 1600 1593 cognoverit,
1631 1535 1715 1581 ubi
1743 1534 1830 1592 nit,
1857 1532 2080 1593 indicet,
2117 1537 2176 1580 ut

1271 1601 1648 1659 apprehendant
1666 1615 1793 1648 cum.

1548 1780 1718 1832 CAP.
1773 1779 1896 1832 ΧΠ.

1271 1879 1408 1920 Jesus
1441 1890 1470 1920 a
1506 1879 1653 1922 Maria
1689 1880 1895 1931 ungitun
1939 1881 2169 1934 ing-reseas

1274 1933 1442 1978 Christi
1455 1932 1665 1979 solemnis
1683 1934 2074 1989 inleromiymm.
2095 1938 2170 1981 Dc

1271 2003 1406 2041 grano
1427 1991 1640 2033 frumenti
1667 1992 1725 2033 ad
1751 1997 1938 2035 mortem
1967 1994 2170 2035 terendo.

1267 2044 1377 2086 Vox
1393 2046 1536 2099 patris
1549 2046 1603 2089 «le
1616 2045 1906 2098 glorificando
1925 2046 2022 2090 filio
2042 2050 2171 2091 emit-

1270 2101 1393 2142 titur.
1470 2101 1542 2143 De
1581 2101 1802 2153 ejiciendo
1849 2102 1984 2155 hujus
2020 2105 2172 2146 mundi

1269 2156 1498 2211 principe,
1553 2162 1600 2200 et
1635 2157 1912 2200 ,Iudaeorum
1959 2172 2172 2201 occaeca-

1269 2212 1406 2254 tione.
1463 2211 1520 2254 In
1539 2211 1719 2255 christo
1738 2213 1884 2255 Pater
1900 2218 1948 2257 et
1979 2215 2170 2257 honora-

1519 2272 1594 2309 tur
1611 2273 1658 2311 et
1676 2270 1919 2324 spernitur.

1333 2362 1380 2407 1.
1417 2361 1596 2407 ''Iesu-
1634 2374 1764 2421 ergo
1788 2365 1908 2409 ante
1935 2376 2032 2411 sex
2064 2364 2169 2411 dieu

1263 2428 1486 2475 Paschae
1507 2428 1962 2490 venitBethaniam‚
1976 2431 2062 2477 ubi
2071 2432 2168 2477 La-

1265 2507 1410 2541 zarus
1423 2496 1588 2541 fuerat
1595 2499 1838 2557 mortuus,
1850 2511 2000 2554 quem
2008 2499 2168 2545 susci-

1262 2562 1390 2608 tavit
1406 2564 1569 2609 lesus.

1329 2630 1376 2675 2.
1410 2628 1666 2677 Fecerunt
1693 2633 1858 2678 autem
1886 2632 1937 2678 ei
1956 2645 2164 2679 coenam

1263 2694 1358 2753 ibi;
1389 2697 1441 2743 et
1465 2698 1694 2743 Martha-⁹
1709 2698 2044 2759 ministrabat,
2065 2700 2163 2745 La-

1263 2776 1410 2809 zara·
1432 2776 1554 2809 vero
1573 2778 1706 2811 unus
1726 2770 1836 2812 erat
1861 2780 1929 2813 ex
1949 2766 2161 2813 discum·

1264 2830 1492 2877 bentibus
1512 2846 1623 2877 cum
1643 2844 1722 2878 eo.

1330 2899 1375 2942 3.
1410 2898 1574 2943 Maria
1609 2911 1732 2957 ergo
1764 2900 1960 2957 accepit
1988 2901 2162 2947 libram

1260 2966 1508 3023 unguenti
1533 2966 1680 3012 nardi
1707 2966 1897 3025 pistici,
1934 2968 2162 3025 pretiosi,

1305 3080 1328 3107 P
1346 3072 1480 3110 Exod.
1508 3077 1569 3115 19,
1596 3077 1655 3111 10.
1719 3081 1736 3109 Q
1756 3074 1807 3110 cf.
1836 3088 1870 3111 c.
1900 3079 1944 3117 7,
1963 3080 2024 3112 n.
2091 3082 2151 3111 'v

1259 3121 1382 3157 1—8.
1405 3118 1554 3159 Μιιιιι.
1569 3122 1629 3161 26,
1648 3123 1794 3158 6—13.
1823 3120 1949 3158 Mau-e.
1970 3102 2162 3164 14,3--9‡

1259 3170 1276 3189 ¹
1291 3164 1392 3203 Luc.
1409 3170 1470 3209 lo,
1487 3169 1546 3205 38.
1567 3176 1651 3214 sqq.

412 3307 525 3362 Cap.
552 3301 641 3348 xl.
699 3309 769 3347 44.
800 3305 922 3347 dixit
939 3307 1072 3353 ἔειπε
1092 3312 1173 3355 eis.
1233 3316 1301 3355 45.
1330 3313 1392 3355 atl
1410 3313 1602 3356 Mariam
1631 3314 1800 3368 (omiss.
1819 3319 1868 3358 et
1885 3316 2161 3371 Marthan)·‚

293 3360 405 3405 ibid.
442 3363 557 3404 fecit
594 3360 765 3415 (omiu-
801 3360 975 3417 Jesun).

295 3420 367 3457 51.
418 3418 537 3468 quia.
624 3419 693 3459 52.
740 3415 821 3458 sed
858 3418 905 3456 et
939 3422 1003 3459 ut.

294 3472 367 3509 55.
400 3470 727 3524 Hierosolyma.
786 3472 855 3512 56.
884 3472 1049 3513 veniat.

1048 3368 1117 3407 48.
1158 3371 1206 3409 et
1239 3366 1398 3409 locum.
1473 3371 1543 3411 49.
1586 3368 1826 3424 cucuphas.
1901 3376 1972 3415 50.
2015 3374 2161 3415 nobis.

1089 3423 1157 3463 54.
1211 3420 1392 3472 Efrem3
1429 3422 1534 3467 ibid.
1567 3423 1802 3478 discipulis
1828 3426 2000 3481 (omiu-
2029 3428 2162 3483 suia).

1164 3472 1276 3517 ΧΠ.
1337 3480 1377 3519 1.
1409 3478 1560 3521 fuerat
1577 3480 1794 3524 Lazarus.

1849 3485 1892 3523 3.
1923 3485 2128 3536 ungeun-
