2376 3925
323 138 423 192 316
523 138 748 190 EPIST.
787 138 999 190 PAULI
1034 138 1130 188 AD
1167 135 1692 190 COLOSSENSES.
1732 138 1899 189 CAP.
1942 140 1994 188 1.

390 245 469 288 14.
489 243 841 288 Verumtamen
863 245 990 287 bene
1011 241 1220 297 fecistis,

325 310 747 357 communicantes
774 308 1089 355 tribulationi
1114 322 1222 353 me-

327 390 403 423 ae.

391 445 470 489 15.
508 444 656 489 Scitis
682 445 848 489 autem
877 447 929 489 et
957 456 1074 502 vos,
1101 443 1222 488 Phi-

322 510 599 568 lippenses!
673 510 806 566 quod
865 510 921 556 in
971 509 1222 568 principio

322 578 609 637 Evangelii,
623 578 820 634 quando
840 579 1095 636 profectus
1115 589 1226 622 sum

323 658 354 690 a
372 645 674 691 Macedonia
683 651 731 704 y,
753 645 892 690 nulla
909 644 1030 689 mihi
1040 643 1223 690 Eccle-

325 713 401 758 sia
421 713 808 758 communicavit
824 712 876 756 in
895 711 1098 757 ratione
1119 711 1223 757 dati

325 786 375 824 et
393 780 602 838 accepti,
623 779 724 825 nisi
743 792 834 824 vos
854 777 1006 836 soli‘3

393 849 470 891 16.
493 848 608 904 quia
619 849 669 892 et
680 845 1092 892 Thessalonicam
1104 851 1128 875 ‘²
1141 859 1225 892 se-

325 914 423 960 mel
443 916 493 958 et
513 913 584 960 bis
605 914 657 959 in
677 926 816 958 usum
837 913 959 958 mihi
974 913 1195 958 misistis.

392 982 470 1026 17.
508 982 623 1025 Non
659 980 774 1036 quia
810 993 998 1036 quaero
1039 981 1223 1036 datum,

326 1048 412 1092 sed
425 1047 626 1104 requiro
639 1048 854 1092 fructum
868 1040 1226 1093 abundantem⁶

327 1116 377 1158 in
396 1115 596 1160 ratione
615 1117 800 1161 vestra.

393 1183 472 1226 18.
517 1183 690 1228 Habeo
739 1185 904 1228 autem
943 1182 1111 1227 omnia
1124 1213 1137 1240 ,
1177 1183 1228 1226 et

327 1249 553 1306 abund03
589 1249 812 1307 repletus
842 1263 975 1308 sum,
1009 1249 1227 1306 acceptis

328 1319 387 1362 ab
425 1315 804 1374 Epaphrodito‘·
839 1330 966 1373 quae
1001 1316 1225 1373 misistis,

1293 241 1499 286 odorem
1537 240 1826 300 suavitatis,
1862 242 2098 288 hostiam
2130 257 2218 290 ac-

1293 310 1501 364 ceptam,
1522 308 1805 363 placentem
1824 309 1953 354 Deo.

1360 377 1436 419 19.
1472 374 1610 420 Deus
1632 378 1798 421 autem
1828 389 1968 422 meus
1995 377 2219 436 impleat

1293 455 1439 487 omne
1476 442 1779 488 desiderium
1816 447 2075 504 vestrum,
2128 459 2215 490 se-

1293 509 1506 554 cundum
1535 508 1735 554 divitias
1766 523 1909 567 suas,
1947 511 2005 556 in
2034 511 2215 570 gloria

1292 577 1345 622 in
1366 577 1567 622 Christo
1586 578 1616 621 J
1620 590 1726 622 esu.

1358 646 1437 688 20.
1482 643 1594 689 Deo
1632 647 1799 689 autem
1837 646 1888 690 et
1925 646 2069 690 Patri
2108 659 2213 690 no-

1292 713 1398 756 stro
1412 710 1638 768 gloriain
1648 711 1852 757 saecula
1862 712 2208 758 saeculorum.

1292 780 1465 823 Amen.

1357 846 1437 889 21.
1476 845 1701 891 Salutate
1732 859 1933 891 omnem
1972 849 2207 892 sanctum

1290 913 1344 958 in
1366 912 1566 958 Christo
1587 913 1726 958 Iesu.

1359 980 1438 1024 22.
1477 979 1709 1025 Salutant
1736 992 1855 1037 vos,
1891 979 1973 1035 qui
2002 994 2209 1026 mecum

1293 1039 1465 1105 sunta,
1519 1047 1719 1092 fratres.
1820 1046 2049 1092 salutant
2112 1061 2207 1092 vos

1294 1127 1468 1159 omnes
1488 1114 1664 1170 sancti,
1678 1114 1894 1160 maxime
1912 1115 2099 1168 autem,
2115 1116 2205 1170 qui

1295 1182 1355 1226 de
1376 1181 1606 1226 Caesaris
1628 1181 1777 1226 domo
1798 1185 1926 1226 sunt.

1359 1249 1439 1292 23.
1478 1247 1651 1292 Gratia
1676 1247 1881 1294 Domini
1916 1248 2077 1293 nostri
2106 1250 2201 1293 Je-

1290 1326 1350 1358 su
1392 1314 1577 1360 Christi
1616 1328 1727 1360 cum
1762 1315 1941 1372 spiritu
1982 1319 2200 1362 vestroe.

1295 1383 1469 1428 Amen.

328 1435 506 1522 1τίᾈῖωὲ
519 1438 707 1521 ἐὸόοέῨὸ,
726 1434 903 1516 320.οἾ
918 1436 1115 1521 ’ἐῆῗᾲςῖ
1132 1431 1225 1469 ‘¹¹⁶²'
1342 1476 1361 1502 a
1381 1490 1414 1512 ε.
1434 1482 1471 1520 1,
1492 1482 1547 1516 13.
1597 1486 1614 1504 ι
1630 1477 1748 1514 Rom.
1769 1481 1826 1520 ιε,
1844 1481 1904 1515 24.

991 1639 1526 1688 ψ-

1206 1975 1319 2026 ΑΒ

637 2096 1884 2170 conossENsEs.

642 2399 810 2450 CAP.
863 2356 923 2450 l.¹

330 2498 486 2539 Omnia
505 2505 656 2541 creata
667 2504 774 2541 sunt
790 2513 873 2554 per
891 2499 1124 2551 imaginem
1139 2498 1227 2539 Dei

332 2553 574 2604 Christum,
614 2558 688 2609 qui
727 2560 864 2609 caput
894 2561 966 2596 est
992 2552 1226 2596 ecclesiae.

330 2610 591 2660 mysterium
629 2617 732 2653 ante
754 2609 974 2653 occultum
993 2623 1112 2652 nunc
1135 2621 1229 2651 ma-

619 2668 834 2711 nifestum
855 2670 938 2707 est.

395 2789 441 2830 1.
494 2764 693 2834 Paulus
763 2786 1035 2846 Apostolus
1104 2786 1135 2831 J
1139 2798 1227 2831 esu

330 2850 515 2897 Christi
553 2869 641 2912 per
683 2855 989 2901 voluntatem
1017 2853 1137 2911 Dei,
1177 2854 1228 2897 et

331 2917 622 2965 Timotheus
643 2922 816 2978 frater,

395 2987 440 3030 2.
478 2987 567 3041 eis,
590 2988 670 3042 qui
692 2991 809 3033 sunt
827 2988 1076 3046 Colossis,
1107 3000 1227 3033 san-

329 3054 420 3098 ctis
443 3056 492 3100 et
511 3053 735 3099 fidelibus
755 3056 989 3100 fratribus
1011 3055 1062 3099 in
1077 3054 1224 3099 Chri-

329 3123 407 3164 sto
428 3120 459 3165 J
461 3136 566 3166 esu.

397 3189 441 3231 3.
479 3188 650 3233 Gratia
668 3187 837 3243 vobis,
870 3191 919 3233 et
948 3200 1047 3243 pax
1066 3202 1095 3233 a
1113 3188 1224 3233 Deo

1295 2382 1444 2428 Patre
1481 2387 1687 2443 nostro,
1732 2388 1781 2429 et
1818 2385 2040 2431 Domino
2076 2386 2189 2431 Jesu

1299 2448 1516 2494 Christo.
1567 2450 1765 2496 Gratias
1784 2453 1978 2510 agimus
1999 2454 2125 2509 Deo,
2146 2454 2191 2497 et

1295 2516 1433 2561 Patri
1452 2516 1659 2563 Domini
1676 2520 1842 2564 nostri
1861 2521 1985 2565 Iesu
1996 2519 2188 2577 Christi,

1297 2596 1495 2640 semper
1515 2598 1609 2642 pro
1632 2586 1775 2631 vohis
1797 2591 2065 2644 orantes“;

1362 2653 1409 2694 4.
1446 2652 1706 2699 audientes
1732 2653 1877 2699 fidem
1904 2658 2117 2700 vestram
2142 2654 2187 2698 in

1298 2716 1497 2762 Christo
1552 2721 1673 2765 Iesu
1688 2750 1701 2777 ‚
1756 2723 1807 2766 et
1860 2721 2185 2777 dilectionem,

1296 2797 1441 2840 quam
1460 2786 1653 2832 habetis
1672 2787 1725 2831 in
1746 2791 1951 2833 sanctos
1974 2802 2157 2844 omnes,

1363 2866 1408 2908 5.
1445 2871 1655 2923 propter
1674 2881 1830 2925 spem,
1854 2882 1981 2925 quae
2000 2869 2185 2926 reposi-

1293 2934 1346 2976 ta
1365 2934 1442 2977 est
1464 2934 1604 2980 vobis
1636 2935 1689 2980 in
1719 2936 1903 2993 coelis,
1936 2950 2081 2993 quam
2102 2949 2183 2981 au-

1296 2992 1472 3043 distisb
1499 3000 1553 3045 in
1581 3004 1737 3048 verbo
1772 3004 1997 3049 veritatis
2024 3003 2183 3049 Evan—

1295 3066 1434 3125 gelii,

1292 3218 1319 3240 v
1339 3168 1375 3244 ⁴²⁷
1396 3160 1483 3209 ‘ph.
1502 3167 1537 3205 l,
1556 3165 1614 3199 1⁵.
1635 3166 1693 3200 16.
1733 3163 1844 3201 Phil.
1865 3170 1901 3209 1,
1919 3170 1956 3205 3.
1977 3178 2062 3215 sqq.
2107 3164 2123 3191 ὃ
2140 3164 2176 3199 cl'

441 3350 552 3403 Cap.
584 3349 664 3390 lv.
727 3352 791 3388 Π.
823 3349 868 3389 in
888 3350 1104 3392 rationem
1125 3359 1319 3395 vestram
1336 3355 1577 3412 (scriptum
1596 3365 1663 3401 ese
1678 3358 1729 3401 in
1751 3362 1905 3404 codice
1924 3377 1949 3404 0
1966 3364 2180 3406 rationem,

329 3408 406 3446 sed
421 3405 558 3446 litera
576 3420 600 3444 n
622 3410 689 3446 est
706 3417 804 3444 cum
823 3404 1052 3457 obelisco).

443 3460 554 3513 Cap.
587 3460 622 3499 1.
684 3464 721 3500 1.
757 3458 925 3499 Christi
945 3458 1070 3503 Jesu.
1129 3467 1169 3504 3-
1206 3464 1387 3507 Desunt
1403 3468 1541 3510 verba
1561 3475 1607 3512 et
1626 3472 1818 3515 Domino
1838 3473 1951 3517 Jesu
1972 3474 2154 3517 Chi-into.

2250 3084 2255 3087 ,

2290 3246 2295 3385 Ι1

2290 3386 2293 3493 ἱ
