2376 3925
288 153 359 203 78

290 256 517 314 gentem,
566 255 618 298 et
660 265 873 309 regnum
909 263 1061 308 super
1108 261 1194 294 re-

292 334 445 380 gnum
457 351 471 380 ‚
494 322 545 366 et
562 323 712 366 erunt
730 321 897 365 terrae
916 319 1084 363 motus
1104 328 1197 374 per

290 389 424 447 loca,
446 390 497 433 et
514 389 687 433 fames.
739 387 944 432 Initium
960 384 1198 430 dolorum

290 455 431 501 haec.

359 525 407 568 9.
473 521 696 567 Videte8
764 523 930 566 autem
998 517 1199 564 vosmet

288 586 453 648 ipsos!
476 588 702 635 Tradent
728 589 863 634 enim
882 599 975 633 vos
995 586 1049 631 in
1070 598 1197 631 con-

290 656 451 716 ciliis,
480 656 605 704 etin
634 654 910 715 synagogis
932 652 1196 710 vapulabi-

290 724 383 783 tis,
423 724 476 770 et
510 725 627 770 ante
664 721 921 780 praesides
960 723 1012 766 et
1044 733 1196 778 reges

293 791 488 838 stabitis
518 793 727 849 propter
743 802 851 848 me,
883 787 938 834 in
964 788 1198 834 testimo-

292 859 433 906 nium
449 857 570 904 illis.

361 928 442 972 10.
477 925 545 970 Et
572 923 625 969 in
660 936 836 970 omnes
874 924 1051 981 gentes
1090 922 1200 980 pri-

292 1007 427 1039 mum
446 993 648 1050 oportet
665 990 1198 1049 praedicariEvange-

292 1060 431 1106 lium.

360 1129 441 1173 11.
475 1125 674 1172 Etcum
702 1125 943 1172 duxerint
968 1138 1064 1172 vos
1094 1127 1201 1170 tra-

295 1195 471 1241 dentes
492 1225 507 1253 ,
578 1194 739 1241 nolite
749 1186 777 1222 '⁸
828 1193 1200 1253 praecogitare,

293 1262 413 1319 quid
430 1261 735 1319 loquamini3
771 1262 861 1308 sed
880 1261 1015 1319 quod
1034 1261 1204 1307 datum

290 1330 439 1377 vobis
456 1329 685 1378 fueritin
700 1329 791 1376 illa
808 1329 952 1389 hora,
963 1329 1015 1375 id
1032 1328 1201 1386 loqui-

290 1397 432 1446 mini.
501 1398 617 1443 Non
656 1397 791 1442 enim
826 1410 922 1443 vos
960 1396 1081 1442 estis
1118 1395 1200 1443 lo-

294 1466 523 1523 quentes,
546 1464 635 1509 sed
656 1463 873 1521 Spiritus
895 1465 1113 1509 sanctus.

361 1548 442 1593 12.
480 1547 671 1593 Tradet
696 1547 863 1593 autem
896 1549 1055 1593 frater
1091 1547 1199 1592 fra-

293 1619 424 1663 trem
440 1615 495 1660 in
512 1618 728 1662 mortem
740 1645 754 1674 ,
784 1617 836 1660 et
852 1617 996 1672 pater
1014 1613 1198 1672 filium3

295 1685 348 1729 et
380 1685 693 1741 consurgent
731 1681 823 1728 filii
860 1682 916 1728 in
943 1684 1199 1744 parentes,

292 1752 347 1797 et
364 1754 527 1797 morte
547 1751 764 1798 afficient
782 1762 887 1796 eos.

360 1837 440 1881 13.
476 1835 544 1881 Et
599 1834 739 1883 eritis
796 1834 913 1880 odio
968 1834 1200 1883 omnibus

292 1904 503 1960 propter
522 1916 709 1950 nomen
728 1917 908 1949 meum.
963 1898 1090 1956 Quii
1108 1917 1200 1949 au-

292 1975 396 2016 tem
414 1972 710 2019 sustinuerit
727 1971 780 2017 in
799 1972 975 2030 finem,
994 1970 1077 2017 hic
1096 1971 1200 2018 sal-

292 2051 389 2083 vus
410 2038 523 2083 erit.

361 2104 441 2147 14.
480 2095 812 2149 cumbautem
830 2101 1061 2149 videritis
1074 2105 1200 2149 abo-

294 2169 623 2215 minationem
670 2168 1000 2215 desolationis
1057 2173 1198 2216 stan-

292 2241 412 2295 tem,
433 2236 519 2282 ubi
536 2249 643 2281 non
664 2236 827 2295 debet,
848 2236 934 2293 qui
952 2235 1093 2297 legit,
1115 2238 1199 2283 in-

291 2302 514 2363 telligat!
533 2306 671 2363 tunc,
684 2303 769 2360 qui
786 2302 1044 2351 inJudaea
1064 2308 1197 2366 sunt,

295 2372 493 2431 fugiant
510 2370 565 2417 in
581 2372 804 2430 montes3

362 2458 442 2503 15.
479 2458 530 2503 et
556 2448 667 2513 quil
703 2468 855 2515 super
890 2457 1093 2517 tectum,
1132 2471 1200 2505 ne

295 2523 566 2571 descendat
584 2524 638 2570 in
658 2522 873 2582 domum,
887 2537 982 2571 nec
1000 2525 1198 2572 introe-

294 2596 362 2651 at,
382 2594 439 2639 ut
457 2592 606 2639 tollat
623 2590 741 2650 quid
761 2591 821 2637 de
842 2591 991 2638 domo
1010 2606 1129 2651 sua3

361 2676 441 2721 16.
480 2679 530 2724 et
548 2677 633 2735 qui
650 2676 705 2722 in
716 2687 839 2734 agro
860 2675 974 2735 erit,
986 2689 1093 2721 non
1110 2687 1198 2722 re-

293 2743 521 2790 vertatur
547 2747 691 2792 retro
717 2742 901 2791 tollere
921 2743 1197 2789 vestimen-

290 2810 399 2854 tum
417 2821 576 2857 suum.

362 2875 441 2920 17.
476 2877 583 2923 Vae
602 2882 767 2925 autem
784 2878 1197 2939 praegnantibus,

292 2943 345 2988 et
360 2940 699 2990 nutrientibus
718 2945 773 2990 in
792 2948 893 2995 illis
914 2945 1111 2993 diebus!

290 3078 322 3123 ss
360 3010 441 3123 1ῗ.
477 3009 630 3056 Orate
649 3024 777 3057 vero
785 3043 800 3071 ,
820 3017 877 3061 ut
893 3015 1073 3074 hyeme
1088 3026 1198 3061 non

326 3090 391 3123 an
415 3108 428 3122 .

335 3190 361 3221 ε
378 3183 525 3235 Μριιιι.
552 3188 612 3228 10,
640 3188 698 3224 17.
725 3196 784 3233 sq.
848 3184 871 3213 7²
886 3188 1031 3227 Matth.
1057 3194 1120 3232 10,
1140 3194 1198 3227 19.

292 3244 309 3267 s
341 3258 352 3269 .
418 3238 433 3257 ⁸
450 3230 596 3267 Mutua.
625 3234 689 3273 24,
716 3236 776 3270 13.
838 3230 863 3259 k
877 3234 1022 3273 Mattb.
1049 3239 1113 3279 24,
1140 3240 1198 3273 1⁵.

290 3276 307 3304 ι
370 3276 467 3315 Etlh·
485 3280 548 3319 241
566 3281 624 3316 1⁷0

870 144 1227 199 MARCUS.
1299 145 1469 196 GAP.
1508 145 1590 196 13.

1331 250 1412 294 19.
1445 248 1616 294 Erunt
1633 249 1769 294 enim
1789 249 1894 294 dies
1913 248 1994 294 illi
2013 251 2190 296 tribu—

1263 314 1483 360 lationes
1495 315 1642 374 tales,
1656 315 1829 372 quales
1841 327 1950 360 non
1967 318 2196 364 fuerunt·

1263 385 1326 430 ab
1345 382 1493 428 initio
1515 384 1806 442 creaturae,
1829 396 1977 440 quam
1998 385 2192 430 condi-

1265 449 1502 509 diffleus,
1514 463 1674 506 usque
1693 463 1848 508 nunc,
1861 463 2030 507 neque
2040 453 2190 498 fient.

1333 532 1414 576 20.
1449 530 1518 576 Et
1545 530 1648 576 nisi
1677 530 1965 576 breviasset
1998 531 2196 578 Domi-

1265 610 1360 644 nus
1382 598 1508 657 dies,
1527 610 1636 643 non
1653 596 1838 644 fuisset
1859 597 2001 644 salva
2014 600 2192 646 omnis

1266 679 1414 723 car03
1445 665 1534 711 sed
1562 666 1772 723 propter
1803 665 2024 725 electos,
2051 679 2192 722 quos

1265 733 1438 792 elegit,
1459 732 1714 780 breviavit
1733 731 1857 779 dies.

1334 815 1416 859 21.
1452 813 1520 858 Et
1537 815 1659 860 tunc
1671 819 1726 872 ⁷¹⁸,
1741 813 1785 858 si
1805 813 1916 870 quis
1940 814 2086 860 vobis
2105 814 2192 861 di-

1265 881 1430 927 xerit:
1477 879 1636 927 Ecce!
1683 879 1764 926 hic
1813 883 1891 926 est
1930 881 2190 942 Christus,

1268 947 1407 996 ecce!
1429 948 1562 1006 illic3
1584 961 1650 994 ne
1669 947 2003 994 credideritis.

1336 1034 1415 1078 22.
1450 1032 1750 1092 Exsurgent
1787 1034 1924 1079 enim
1957 1035 2193 1092 pseudo-

1270 1100 1505 1159 christin,
1535 1102 1587 1146 et
1603 1100 2109 1162 pseudoprophetae,
2137 1105 2194 1149 et

1270 1168 1458 1214 dabunt
1477 1168 1650 1227 signa,
1681 1170 1733 1214 et
1751 1170 1986 1226 portenta
2008 1167 2071 1213 ad
2091 1183 2192 1215 se-

1271 1234 1545 1295 ducendos,
1585 1236 1630 1282 si
1656 1236 1770 1282 fieri
1797 1238 1986 1296 potest,
2023 1235 2190 1283 etiam

1270 1303 1482 1350 electos.

1335 1372 1416 1416 23.
1452 1371 1557 1418 Vos
1613 1384 1737 1429 ergo
1791 1369 1984 1418 videte!
2039 1384 2191 1433 ecce,

1267 1437 1502 1496 praedixi
1522 1439 1668 1485 vobis
1691 1439 1872 1484 omnia.

1335 1507 1416 1551 24.
1453 1506 1552 1552 Sed
1589 1505 1645 1552 in
1681 1506 1780 1551 illis
1818 1504 2020 1564 diebus,
2060 1509 2196 1563 post

1267 1572 1650 1619 tribulationem
1661 1573 1811 1631 illam,
1824 1571 1904 1617 sol
1921 1573 2118 1618 conten
2126 1589 2196 1621 e-

1266 1641 1510 1702 brabitur,
1522 1643 1574 1689 et
1590 1641 1712 1687 luna
1729 1653 1833 1686 non
1845 1639 1981 1686 dabit
1999 1639 2196 1700 splen-

1269 1708 1444 1756 dorem
1464 1721 1636 1767 summ

1334 1778 1415 1822 25.
1450 1779 1501 1824 et
1519 1776 1698 1823 stellae
1718 1776 1850 1824 coeli
1870 1777 2022 1822 erunt
2041 1776 2192 1824 deci-

1269 1843 1461 1904 dentes,
1484 1847 1535 1891 et
1554 1845 1795 1904 virtutes,
1826 1857 1953 1901 quae
1982 1843 2039 1890 in
2058 1858 2187 1891 coe·

1267 1912 1330 1958 lis
1353 1915 1486 1973 sunt,
1507 1913 1862 1958 movebuntur.

1334 1982 1415 2026 26.
1450 1981 1519 2026 Et
1536 1983 1656 2027 tunc
1685 1979 1966 2027 videbunt⁰
1991 1978 2186 2026 Filium

1266 2047 1487 2093 hominis
1532 2047 1826 2094 venientem
1871 2048 1928 2093 in
1963 2048 2184 2095 nubibus

1268 2129 1382 2161 cum
1398 2115 1588 2161 virtute
1606 2115 1780 2176 multa,
1803 2116 1855 2161 et
1873 2114 2057 2173 gloria.

1335 2183 1415 2228 27.
1450 2182 1519 2228 Et
1571 2186 1694 2228 tunc
1745 2182 1911 2229 mittet
1963 2182 2182 2241 angelos

1269 2263 1406 2309 suos,
1419 2252 1470 2295 et
1488 2250 1823 2308 congregabit
1841 2250 2035 2296 electos
2057 2263 2182 2295 suos

1267 2331 1298 2363 a
1317 2320 1532 2375 quatuor
1558 2318 1754 2377 ventis,
1785 2331 1816 2363 a
1849 2330 2045 2365 summo
2070 2318 2182 2364 ter-

1265 2398 1373 2445 rae,
1394 2399 1554 2443 usque
1575 2384 1640 2429 ad
1658 2397 1903 2430 summum
1923 2384 2075 2431 coeli.

1334 2467 1416 2511 28.
1450 2467 1496 2512 Α
1513 2466 1611 2511 ficu
1639 2467 1808 2511 autem
1828 2464 2007 2513 discite
2027 2479 2183 2525 para-

1265 2533 1450 2580 bolam.
1540 2534 1664 2577 Gum
1705 2533 1814 2589 jam
1856 2546 2029 2579 ramus
2069 2534 2184 2591 ejus

1265 2604 1412 2647 tener
1431 2600 1603 2659 fuerit,
1617 2602 1667 2645 et
1685 2602 1804 2646 nata
1823 2600 2017 2647 fuerint
2034 2601 2183 2661 folia,

1266 2667 1604 2727 cognoscitis,
1635 2667 1752 2726 quia
1781 2668 1834 2714 in
1852 2668 2095 2725 proximo
2119 2669 2186 2716 sit

1265 2738 1458 2793 aestas3

1333 2804 1414 2848 29.
1451 2802 1524 2849 sic
1564 2804 1616 2849 et
1649 2816 1746 2850 vos
1796 2815 1907 2849 cum
1946 2803 2180 2850 videritis

1264 2870 1389 2917 haec
1408 2870 1544 2929 fleri,
1575 2871 1782 2929 scitote,
1814 2870 1951 2927 quod
1981 2871 2038 2917 in
2056 2883 2179 2928 pro-

1265 2938 1406 2984 ximo
1429 2938 1566 2984 sitin
1588 2938 1748 2984 ostiis.

1333 3007 1413 3051 30.
1449 3007 1609 3051 Amen
1632 3004 1743 3050 dico
1757 3004 1923 3064 vobis,
1938 3005 2180 3062 quoniam

1266 3086 1372 3119 non
1390 3072 1625 3118 transibit
1645 3072 1910 3129 generatio
1922 3072 2070 3134 haec,
2083 3071 2178 3120 do·-

1265 3153 1360 3186 nec
1382 3138 1591 3189 omnia}²
1609 3139 1709 3185 ista
1727 3141 1863 3185 fiant.

1311 3242 1343 3260 ν’·
1358 3234 1461 3269 Luc.
1480 3236 1539 3277 17,
1558 3238 1617 3272 23.
1663 3242 1687 3261 ¹¹
1707 3234 1756 3272 cs.
1776 3247 1816 3273 v.
1831 3238 1868 3272 6.
1901 3234 2050 3273 Matar.
2066 3240 2102 3279 7,
2119 3240 2181 3275 15.

1267 3288 1285 3308 ⁰
1302 3278 1448 3318 Manli.
1467 3282 1531 3325 24,
1549 3284 1608 3319 29.
1629 3291 1688 3330 sq.
1707 3285 1768 3325 26,
1786 3285 1848 3320 64.
1895 3289 1919 3315 Ρ
1940 3294 1980 3320 v.
1998 3285 2152 3323 6-29.

409 3424 521 3479 Cap.
552 3422 689 3467 XIII.
746 3426 787 3466 9.
825 3424 1028 3469 conciliis
1046 3427 1215 3482 (omiss.
1235 3428 1321 3480 in).
1357 3430 1424 3469 11.
1456 3429 1568 3471 estis
1593 3442 1689 3471 vos.
1751 3433 1817 3472 17.
1850 3432 2182 3485 praegnatibus

297 3476 419 3531 (sic).
480 3482 546 3523 19.
579 3477 901 3525 tribulationis.
959 3484 1028 3523 22.
1060 3482 1097 3523 si
1120 3487 1272 3538 potest
1291 3482 1401 3525 fieri.
1461 3486 1529 3525 25.
1561 3496 1675 3537 quae
1697 3486 1868 3528 suntin
1887 3484 2044 3529 caelis.
