2376 3925
646 130 1173 184 MATTHAEUS.
1248 133 1415 184 CAP.
1454 134 1535 183 14.
1558 135 1638 184 15.

277 237 360 282 22.
395 234 496 281 ‘Et
511 235 682 282 statim
709 235 951 292 compulit
965 235 1115 281 Jesus

205 301 487 360 discipulos
516 301 790 348 ascendere
814 302 870 347 in
899 302 1116 348 navicu-

204 371 338 430 lam,
387 372 439 415 et
472 368 777 427 praecedere
823 381 938 414 eum
973 369 1115 415 trans

203 438 414 494 fretum,
436 435 602 483 donec
622 435 892 482 dimitteret
906 438 1096 482 turbas.

271 505 357 550 23.
391 503 464 549 Et
483 502 682 550 dimissa
698 505 869 563 turba,
889 503 1118 550 ascendit

203 573 260 619 in
279 573 512 618 montem
529 569 664 616 solus
685 582 852 616 orare.
888 572 1114 629 Vespere

205 642 378 686 autem
396 639 534 684 facto
553 637 693 684 solus
713 639 825 683 erat
841 637 912 683 ibi
922 629 964 684 d.

273 707 357 751 24.
395 704 642 751 Navicula
671 706 840 750 autem
866 705 920 750 in
947 703 1114 750 medio

203 773 340 818 mari
370 773 655 830 iactabatur
699 772 958 830 fluctibus3
1006 773 1119 818 erat

209 841 350 886 enim
368 840 651 886 contrarius
670 842 870 885 ventus.

283 909 364 951 25.
400 907 590 959 Quarta
616 909 783 952 autem
811 905 989 964 vigilia
1015 918 1116 952 no-

209 974 328 1032 ctis,
347 973 484 1020 venit
501 973 564 1019 ad
585 986 676 1020 eos
685 973 945 1020 ambulans
964 985 1117 1031 super

208 1053 367 1088 mare.

279 1109 357 1153 26.
394 1107 464 1154 Et
514 1107 747 1156 videntes
804 1121 919 1152 eum
962 1119 1115 1165 super

207 1189 347 1224 mare
376 1175 736 1234 ambulantem,
765 1174 951 1221 turbati
979 1175 1113 1234 sunt,

211 1243 465 1290 dicentes:
516 1243 645 1296 Quia
681 1243 975 1300 phantasma
1012 1239 1112 1287 est!

207 1311 276 1358 Et
294 1325 418 1370 prae
438 1310 618 1356 timore
639 1309 985 1356 clamaverunt
994 1313 1028 1353 θ.

277 1380 359 1424 27.
397 1377 672 1434 Statimque
719 1377 749 1421 J
753 1389 867 1422 esus
914 1376 1115 1421 locutus

210 1449 290 1492 est
309 1447 400 1505 eis,
423 1445 620 1491 dicens:
648 1443 842 1490 Habete
861 1439 1113 1490 fiduciam!

211 1525 310 1571 ego
332 1525 456 1571 sum,
476 1511 638 1557 nolite
657 1511 850 1556 timere.

277 1581 359 1624 28.
393 1577 722 1636 Respondens
752 1579 918 1623 autem
934 1577 1114 1623 Petrus

212 1647 369 1692 dixit:
389 1643 626 1691 Domine!
659 1645 705 1690 si
721 1646 777 1690 tu
796 1657 878 1703 es,
894 1645 1015 1702 jube
1033 1644 1119 1690 me*

211 1713 280 1758 ad
299 1715 351 1758 te
368 1713 542 1758 venire
561 1725 713 1770 super
733 1724 903 1768 aquas.

284 1781 368 1824 29.
401 1781 466 1824 At
489 1779 594 1837 ipse
622 1780 716 1825 ait:
746 1777 901 1823 Veni!
931 1775 1000 1822 Et
1027 1776 1116 1822 de-

211 1846 464 1894 scendens
474 1847 649 1893 Petrus
671 1845 732 1890 de
741 1843 995 1903 navicula,
1009 1857 1116 1888 am-

209 1915 419 1962 bulabat
435 1927 582 1973 super
601 1926 806 1972 aquam,
835 1913 891 1956 ut
917 1911 1119 1957 veniret

210 1984 274 2029 ad
292 1984 326 2029 J
328 1996 482 2029 esum.

279 2052 359 2095 30.
393 2049 583 2095 videns
602 2060 728 2095 vero
759 2048 966 2093 ventum
983 2044 1118 2092 vali-

212 2118 346 2176 dum,
383 2116 579 2173 timuit3
629 2117 682 2162 et
716 2128 828 2161 cum
865 2114 1119 2171 coepisset

209 2184 392 2244 mergi,
407 2182 641 2231 clamavit
661 2182 855 2228 dicens:
874 2177 1118 2227 Domine!

212 2252 412 2299 salvum
426 2265 507 2297 me
527 2252 624 2297 fac.

280 2320 361 2364 31.
395 2318 466 2364 Et
493 2318 736 2364 continuo
765 2316 913 2361 Jesus
934 2315 1119 2361 exten-

212 2386 339 2433 dens
358 2400 587 2444 manum,
627 2382 959 2442 apprehendit
987 2394 1117 2440 eum,

211 2454 265 2501 et
291 2453 364 2498 ait
390 2452 490 2498 illi:
528 2451 760 2498 Modicae
787 2448 925 2495 fidei!
964 2459 1119 2506 quare

211 2519 484 2567 dubitasti?

279 2588 362 2633 32.
396 2586 466 2633 Et
509 2599 622 2632 cum
675 2582 1022 2629 ascendissent
1065 2579 1120 2626 in

211 2653 520 2714 naviculam,
542 2651 762 2700 cessavit
779 2652 975 2697 ventus.

283 2722 364 2767 33.
403 2720 504 2774 Qui
555 2723 722 2765 autem
777 2717 832 2763 in
883 2713 1120 2761 navicula

215 2790 388 2849 erant,
408 2788 689 2847 venerunt,
710 2787 762 2831 et
780 2784 1123 2830 adoraverunt

215 2870 357 2916 eum,
387 2856 643 2902 dicentes:
680 2855 814 2899 Vere
845 2850 1007 2897 Filius
1024 2848 1123 2894 Dei

216 2923 294 2970 es!

281 2992 364 3037 34.
399 2989 473 3035 Et
522 3000 636 3035 cum
689 2985 1121 3042 transfretassent,

213 3058 474 3105 venerunt
490 3056 546 3103 in
561 3058 752 3101 terram
769 3054 1012 3099 Genesar.

265 3174 282 3194 ⁰
299 3178 340 3204 v.
357 3168 531 3203 22—36.
569 3164 697 3201 Marc.
713 3166 752 3206 6,
770 3163 939 3199 45—56.
979 3156 1068 3195 Joh.
1085 3160 1122 3201 6,

209 3216 390 3253 15-21,
437 3211 460 3238 ⁴
475 3212 579 3249 Luc.
591 3214 629 3255 6,
647 3213 706 3248 12.
754 3216 771 3236 ⁰
785 3209 887 3245 Luc.
903 3208 967 3248 24,
985 3208 1046 3243 37.

333 3320 623 3408 Cap-XIV·
708 3352 777 3390 22.
827 3346 1071 3389 ascendere
1108 3346 1153 3387 in
1191 3345 1412 3389 navicula.

2019 140 2085 188 25

1252 236 1332 280 35.
1366 236 1435 281 Et
1452 249 1563 282 cum
1590 238 1954 297 cognovissent
1972 253 2087 286 eum

1184 302 1287 348 viri
1304 302 1409 348 loci
1424 302 1561 349 illius
1576 334 1590 363 ,
1619 305 1868 351 miserunt
1892 306 1948 351 in
1966 307 2085 352 uni-

1183 382 1385 416 versam
1400 371 1662 427 regionem
1680 372 1844 433 illam,
1864 375 1917 419 et
1935 375 2083 419 obtu-

1181 437 1353 484 lerunt
1370 437 1419 482 ei
1438 449 1611 483 omnes
1628 438 1759 485 male
1775 439 2047 498 habentes3

1250 505 1332 549 36.
1370 506 1423 549 et
1447 507 1697 562 rogabant
1732 520 1871 566 eum,
1907 510 1965 553 ut
1998 507 2086 554 vel

1182 570 1426 618 fimbriam
1454 571 1735 618 vestimenti
1763 573 1873 630 ejus
1901 577 2085 633 tange-

1181 640 1313 684 rent.
1378 637 1449 684 Et
1482 639 1765 697 quicunque
1790 640 2084 703 tetigerunt,

1181 704 1313 751 salvi
1330 704 1449 754 faeti
1468 709 1599 752 sunt.

1459 886 1627 938 GAP.
1685 887 1802 940 XV.

1182 984 1530 1028 Pharisaeorum
1594 986 1743 1030 falsae
1798 988 2084 1030 traditiones-

1182 1041 1370 1084 Femina
1382 1041 1667 1085 chananaea.
1724 1041 1900 1085 Infirmi
1920 1046 2082 1086 sanati.

1183 1095 1482 1152 Multiplicati
1508 1098 1672 1141 iterum
1690 1111 1835 1153 panes
1853 1103 1901 1142 et
1919 1100 2085 1154 pisces.

1250 1191 1297 1234 1.
1330 1182 1368 1230 s
1378 1175 1875 1237 Tunc‘accesserunt
1890 1192 1953 1237 ad
1972 1206 2086 1240 eum

1182 1259 1245 1303 ab
1263 1256 1588 1315 lerosolymis
1602 1257 1825 1316 Scribae,
1846 1260 1897 1304 et
1905 1259 2084 1304 Phari-

1182 1322 1306 1383 saei,
1330 1323 1578 1369 dieentes:

1249 1392 1297 1436 2.
1336 1391 1505 1443 Quare
1539 1390 1771 1449 discipuli
1804 1391 1881 1437 tui
1914 1395 2085 1438 trans-

1181 1457 1481 1516 grediuntur
1549 1458 1874 1505 traditionem
1944 1461 2083 1506 seni-

1183 1525 1360 1571 orum?
1395 1525 1512 1572 Non
1543 1526 1678 1572 enim
1702 1526 1881 1572 lavant
1905 1541 2082 1573 manus

1181 1605 1317 1652 suas,
1339 1607 1450 1638 cum
1468 1606 1647 1650 panem
1666 1593 1981 1640 manducant.

1250 1661 1297 1705 3.
1333 1661 1447 1716 Ipse
1475 1662 1643 1705 autem
1667 1659 1985 1716 respondens
2015 1661 2086 1704 ait

1181 1725 1312 1772 iuis:
1336 1726 1504 1778 Quare
1521 1730 1571 1772 et
1587 1739 1683 1771 vos
1702 1726 2085 1784 transgredimi-

1183 1792 1241 1838 ni
1256 1792 1541 1838 mandatum
1553 1793 1649 1838 Dei
1661 1795 1869 1849 propter
1886 1791 2085 1837 traditi-

1184 1872 1338 1907 onem
1356 1859 1605 1904 vestram?
1624 1859 1755 1902 Nam
1771 1859 1909 1904 Deus
1930 1856 2085 1902 dixit:

1252 1927 1300 1972 4.
1338 1926 1588 1985 „Honora
1622 1926 1843 1983 patrem,
1893 1927 1944 1973 et
1978 1937 2085 1970 ma-

1183 1995 1314 2040 trem
1326 1992 1380 2052 ;“
1401 1995 1477 2039 et:
1500 1992 1639 2051 „Qui
1656 1991 1978 2038 maledixerit
1995 2006 2086 2051 pa-

1183 2061 1268 2122 tri,
1280 2059 1367 2108 vel
1384 2060 1550 2120 matri,
1564 2063 1727 2106 morte
1746 2059 1991 2107 moriatur
2000 2059 2085 2105 δέ(

1252 2131 1300 2175 5.
1332 2130 1439 2175 Vos
1458 2132 1623 2173 autem
1642 2127 1830 2174 dicitis:
1860 2128 2085 2182 Quicun-

1186 2209 1282 2254 que
1302 2196 1493 2244 dixerit
1508 2195 1657 2255 patri,
1674 2195 1762 2242 vel
1776 2196 1949 2241 matri:
1970 2198 2087 2241 Mu·-

1185 2276 1281 2309 nus
1310 2263 1641 2321 quodcunque
1670 2264 1749 2308 est
1774 2276 1843 2309 ex
1860 2277 1967 2320 me,
1996 2263 2089 2309 tibi

1185 2330 1414 2389 proderit
1423 2323 1469 2389 7²,

1255 2400 1301 2442 6.
1335 2399 1386 2443 et
1402 2410 1509 2443 non
1525 2397 1880 2443 honorificabit
1894 2400 2091 2455 patrem

1187 2477 1349 2522 suum,
1370 2466 1455 2509 aut
1473 2466 1682 2509 matrem
1700 2476 1854 2509 suam.
1890 2463 1959 2508 Et
1967 2462 2089 2508 irri-

1186 2534 1292 2577 tum
1309 2531 1501 2577 fecistis
1528 2530 1815 2576 mandatum
1840 2529 1939 2577 Dei
1965 2543 2089 2587 pro-

1187 2600 1301 2657 pter
1318 2598 1643 2644 traditionem
1664 2599 1897 2644 vestram.

1256 2666 1303 2710 7.
1338 2662 1671 2725 Hypocritae!
1710 2664 1838 2709 bene
1866 2664 2088 2722 prophe-

1186 2732 1317 2781 tavit
1336 2732 1396 2780 de
1414 2732 1563 2778 vobis
1580 2730 1755 2787 Isaias,
1776 2728 1971 2779 dicens:

1256 2802 1303 2845 8.
1340 2798 1599 2859 „Populus
1619 2795 1701 2841 hic
1719 2795 1865 2843 labiis
1892 2812 1973 2845 me
1992 2800 2088 2845 ho·
2110 2816 2123 2825 ’

1191 2868 1406 2927 „norat;
1438 2877 1529 2911 cor
1547 2865 1715 2910 autem
1742 2876 1917 2911 eorum
1933 2866 2091 2924 longe

1192 2936 1309 2994 „est
1326 2945 1357 2977 a
1373 2946 1469 2978 me.

1259 3003 1307 3045 9.
1341 2998 1503 3058 „Sine
1530 3009 1681 3045 eausa
1716 3001 1881 3045 autem
1919 3000 2095 3045 colunt

1236 3106 1262 3141 :f
1280 3119 1319 3142 v.
1340 3110 1484 3147 1—20.
1514 3107 1643 3145 Marc.
1662 3112 1698 3151 7,
1717 3110 1861 3145 1—23.
1916 3112 1941 3141 ε
1956 3105 2089 3143 Exod.

1190 3157 1252 3195 20,
1279 3157 1337 3191 12.
1370 3158 1431 3197 21,
1457 3158 1517 3192 17.
1555 3155 1654 3193 hev.
1680 3158 1741 3197 w,
1758 3158 1794 3192 9.
1834 3152 1957 3190 Dent.
1974 3156 2013 3195 5,
2032 3154 2089 3189 16-

1190 3198 1209 3227 ¹·
1226 3200 1352 3238 Marc.
1368 3204 1406 3245 7,
1424 3206 1481 3241 11.
1499 3204 1558 3240 12.

1502 3350 1570 3389 25.
1621 3360 1757 3402 supra
1795 3356 1918 3387 mare
1954 3343 2095 3397 (bis).

218 3412 290 3452 26.
321 3421 460 3465 supra
481 3417 620 3448 mare.
678 3408 747 3445 28.
780 3402 929 3445 venire
949 3402 1007 3443 ad
1027 3404 1086 3443 te.
1146 3403 1215 3443 34.
1248 3400 1495 3445 Gennesar.
1551 3401 1659 3443 XV.
1692 3406 1731 3444 6.
1762 3399 2093 3450 honorificavit3

219 3464 327 3508 ibid.
348 3470 428 3507 aut
448 3465 642 3506 matrem
663 3460 805 3514 (deest
824 3456 981 3511 suam).
