2376 3925
287 169 426 236 nir
579 167 925 214 DECRETA
972 165 1068 210 Ex
1117 167 1320 212 coNC.
1374 166 1864 213 TRIDENTINo.

288 298 513 356 rabolse,
533 296 896 355 Ecclesiastes,
919 293 1182 343 Canticum
1204 296 1553 355 canticorum,
1584 295 1868 355 Sapientia,
1896 291 2159 340 Ecclesia-

289 382 443 428 sticus
460 411 474 440 ,
495 379 674 439 isaias,
703 379 983 426 Hieremias
1003 393 1113 427 eum
1132 380 1325 426 Baruch
1335 411 1353 436 ,
1380 379 1646 438 Ezechiel,
1676 377 1876 438 Daniel,
1895 377 2160 424 duodecim

291 465 574 524 Prophetae
591 464 835 524 minores,
853 463 908 510 id
925 465 1032 511 est:
1068 466 1217 524 Osca,
1237 464 1379 524 1061,
1398 466 1553 511 Amos
1566 496 1581 525 ,
1600 464 1786 510 Abdias
1797 495 1813 523 ,
1841 463 2025 522 Jonas,
2052 461 2161 507 Mi-

293 550 441 595 cheas
453 578 468 607 ,
490 548 711 608 Nahum,
730 547 1023 606 Habaeuch,
1054 547 1340 606 sophonias
1352 579 1367 609 ,
1396 549 1631 608 Aggaeus
1644 579 1660 608 ,
1680 547 1949 594 Zacharias
1961 577 1975 605 ,
1995 546 2163 592 Mala-

293 631 447 692 chias,
469 632 567 679 duo
586 634 1020 691 Machabaeorum,
1040 632 1248 691 primus,
1271 635 1323 678 et
1342 632 1607 680 secundus.
1677 630 1985 678 Testamenti
2005 631 2161 676 novi:

293 718 506 774 quatuor
523 715 820 775 Evangelia,
841 715 1114 762 secundum
1130 716 1455 776 Matthaeum,
1478 717 1730 774 Marcum,
1751 715 1965 773 Lucam,
1998 716 2046 759 et
2062 715 2162 759 Jo-

291 814 499 859 aunem;
543 801 696 847 Actus
722 799 1082 858 Apostolorum
1116 815 1147 846 a
1172 803 1311 848 Luca
1336 799 1667 859 Evangelista
1698 797 2001 857 conscripti,
2034 810 2162 854 qua-

293 885 570 932 tuordecim
599 882 860 941 Epistulae
885 884 1030 930 Pauli
1055 885 1316 943 Apostoli:
1352 886 1415 931 ad
1432 886 1714 943 Romanos,
1746 883 1871 929 duae
1892 881 1954 927 ad
1976 882 2163 928 Corin-

293 970 452 1027 thios,
482 967 545 1013 ad
567 967 794 1023 Galatas,
820 965 1181 1028 ad'Ephesios,
1212 970 1275 1015 ad
1304 968 1680 1028 Philippenses,
1710 967 1773 1013 ad
1802 965 2159 1026 colossenses,

292 1053 416 1098 duae
436 1051 498 1096 ad
518 1050 1023 1113 Thessalonicenses,
1054 1053 1180 1100 duae
1200 1054 1263 1100 ad
1283 1053 1598 1101 Timotheum
1613 1083 1627 1111 ,
1649 1051 1710 1099 ad
1731 1050 1925 1109 Titum,
1954 1049 2017 1096 ad
2035 1050 2159 1097 Phi-

290 1136 558 1194 lemonem,
604 1136 668 1182 ad
694 1137 980 1195 Hebraeos3
1035 1138 1172 1185 Petri
1207 1137 1441 1197 Apostoli
1474 1137 1624 1194 duae;
1670 1134 1882 1181 Joannis
1920 1134 2160 1193 Apostoli

290 1225 423 1276 tres3
467 1220 648 1267 Jacobi
675 1218 908 1282 Apostoli
937 1233 1063 1279 una3
1107 1221 1267 1268 Judae
1305 1220 1539 1279 Apostoli
1576 1232 1700 1278 una;
1746 1221 1796 1265 et
1821 1216 2156 1278 Apocalypsis

289 1305 319 1349 J
322 1304 502 1350 oannis
521 1304 770 1362 Apostoli.
841 1305 894 1352 Si
914 1305 1024 1362 quis
1042 1308 1209 1351 autem
1219 1303 1372 1352 libros
1385 1305 1523 1363 ipsos
1542 1303 1771 1361 integros
1793 1315 1905 1349 cum
1924 1303 2157 1349 omnibus

290 1388 393 1434 suis
418 1389 640 1446 partibus
668 1391 821 1447 prout
848 1389 899 1435 in
919 1389 1150 1436 Ecclesia
1169 1387 1436 1438 catholica
1461 1388 1564 1447 legi
1583 1388 1981 1447 consueverunt,
2014 1388 2066 1433 et
2100 1386 2158 1432 in

291 1472 452 1519 veteri
473 1472 675 1530 vulgata
690 1473 872 1519 Latina
889 1472 1112 1518 edItione
1139 1473 1411 1533 habentur,
1441 1486 1535 1531 pro
1566 1471 1763 1531 Sacris,
1802 1473 1855 1518 et
1883 1471 2159 1518 canonicis

289 1567 393 1602 non
421 1556 725 1615 susceperit,
756 1560 807 1602 et
834 1556 1133 1603 traditiones
1160 1557 1441 1614 praedictas
1474 1557 1667 1616 sciens,
1697 1558 1748 1602 et
1774 1555 1993 1614 prudens
2026 1568 2157 1601 con-

286 1640 570 1700 tempserit,
597 1640 861 1687 anatbema
887 1641 968 1687 sit.
1038 1641 1224 1687 Omnes
1252 1641 1421 1699 itaque
1449 1641 1763 1700 intelligant,
1786 1653 1885 1696 quo
1908 1639 2081 1686 ordine
2102 1642 2160 1686 et

290 1723 370 1770 via
387 1724 498 1782 ipsa
517 1724 776 1785 synodus,
805 1727 920 1784 post
933 1724 1124 1783 iactum
1143 1725 1259 1772 fidei
1286 1725 1625 1774 confessionis
1655 1724 2057 1784 fundamentum,
2088 1724 2161 1771 sit

287 1821 638 1868 progressura,
661 1811 713 1856 et
729 1809 906 1867 quibus
927 1810 1239 1869 potissimum
1262 1810 1580 1870 testimoniis,
1593 1823 1651 1856 ac
1669 1809 1935 1868 praesidiis
1955 1809 2007 1855 in
2029 1821 2157 1856 con-

287 1894 539 1941 firmandis
559 1893 890 1956 dogmatibus,
903 1898 955 1942 et
974 1895 1313 1943 instaurandis
1336 1893 1633 1941 inEcclesia
1647 1893 1889 1954 moribus,
1902 1893 1969 1940 sit
1988 1906 2155 1940 usura.

947 2041 1493 2092 ...nno-e...-

691 2191 1743 2297 DECRETUM

335 2343 464 2409 DE
531 2344 1025 2413 EDITIONE
1088 2349 1220 2416 ET
1291 2350 1489 2417 USU
1554 2350 2101 2421 SACRORUM

943 2448 1493 2517 LIBRORUM.

378 2548 604 2629 Insuper
629 2568 804 2617 eadem
839 2576 1164 2620 sacrosancta
1202 2574 1437 2635 Synodus
1473 2575 1802 2623 considerans
1836 2587 1943 2621 non
1978 2586 2156 2633 parum

277 2654 515 2703 utilitatis
535 2654 776 2703 accedere
794 2667 946 2714 posse
963 2656 1227 2705 Ecclesiae
1246 2660 1370 2718 Dei,
1409 2660 1453 2706 si
1482 2673 1549 2706 ex
1577 2660 1807 2707 omnibus
1830 2659 2023 2706 Latinis
2045 2659 2157 2705 edi-

283 2738 532 2798 tionibus,
561 2753 689 2798 quae
719 2739 1166 2801 circumferuntur,
1198 2755 1458 2790 sacrorum
1486 2742 1760 2803 librorum,
1789 2756 2033 2801 quaenam
2058 2755 2155 2801 pro

282 2822 571 2870 authentica
587 2824 816 2871 habenda
835 2824 916 2885 sit,
937 2823 1242 2885 innotescat,
1260 2827 1464 2886 statuit,
1488 2828 1540 2873 et
1560 2814 1808 2887 declarat,
1828 2829 1884 2874 ut
1902 2828 2025 2873 haec
2045 2827 2157 2885 ipsa

285 2907 445 2965 vetus,
467 2907 518 2953 et
541 2905 741 2965 vulgata
760 2906 940 2969 editio,
972 2922 1099 2966 quae
1117 2906 1277 2969 longo
1296 2915 1374 2957 tot
1392 2912 1709 2959 saeculorum
1728 2925 1821 2960 usu
1849 2911 1902 2957 in
1923 2911 2033 2969 ipsa
2050 2910 2155 2957 Ec-

281 2990 436 3038 clesia
453 2991 664 3048 probata
683 2993 786 3050 est,
815 2992 869 3037 in
889 2992 1100 3051 publicis
1118 2993 1423 3043 lectionibus
1437 3026 1451 3055 ,
1481 2996 1901 3055 disputationibus
1914 3025 1931 3055 ,
1951 2994 2155 3053 praedi-

281 3074 587 3133 cationibus,
619 3074 670 3120 et
688 3075 1090 3132 expositionibus
1111 3091 1204 3137 pro
1224 3080 1794 3138 authentica'habeatur3
1841 3081 1892 3126 et
1916 3080 1973 3126 ut
1998 3090 2149 3125 nemo

273 3158 419 3205 illam
435 3157 654 3216 rejicere
675 3170 772 3215 quo
781 3158 853 3205 vis
873 3162 1139 3216 praetextu
1157 3163 1357 3225 audeat,
1380 3163 1463 3212 vel
1480 3166 1780 3222 praesumat.

375 3242 672 3302 Praeterea,
702 3241 765 3288 ad
784 3244 1065 3291 coercenda
1082 3247 1361 3303 petulantia
1392 3248 1624 3308 ingenia,
1646 3248 1898 3308 decernit,
1924 3250 1981 3295 ut
1998 3261 2150 3294 nemo

280 3338 402 3375 suae
419 3326 716 3386 prudentiae
735 3326 960 3386 innixus,
980 3328 1034 3374 in
1050 3331 1202 3375 rebus
1222 3331 1337 3378 fidei
1351 3362 1366 3390 ,
1388 3334 1441 3377 et
1458 3344 1653 3379 morum
1672 3332 1735 3378 ad
1754 3332 2153 3379 aedificationem

281 3410 542 3458 doetrinae
570 3409 884 3457 christianae
922 3411 1282 3469 pertinentium
1297 3445 1311 3473 ,
1347 3427 1543 3461 sacram
1582 3416 1892 3474 Scripturam
1929 3415 1992 3461 ad
2027 3428 2151 3462 suos

279 3506 456 3541 sensus
495 3497 862 3555 contorquens,
901 3497 1080 3543 contra
1111 3508 1227 3541 eum
1258 3510 1483 3559 sensum,
1522 3512 1668 3557 quem
1695 3500 1880 3559 tenuit,
1921 3502 1974 3545 et
2008 3500 2153 3544 tenet
