2376 3925
379 151 606 206 EPIST.
643 154 862 208 PAULI
895 158 991 209 AD
1030 161 1474 221 CORINTHIOS
1510 171 1552 221 Ι.
1591 175 1740 226 CAP.
1782 179 1829 228 8.
1851 179 1899 230 9.
2012 183 2111 236 269

231 253 494 300 scientiam
512 256 767 305 habemus.
815 261 1037 309 Scientia
1055 264 1138 310 in·-

229 320 334 380 ssat,
357 321 573 370 charitas
593 337 718 371 vero
740 327 979 375 aedificat.

295 405 344 449 2.
382 406 437 452 Si
465 407 576 464 quis
606 411 770 455 autem
797 423 851 457 se
881 412 1136 460 existimat

225 470 360 518 scire
381 473 596 535 aliquid,
622 477 846 524 nondum
872 481 1130 542 cognovIt,

223 540 641 595 quemadmodum
659 547 892 602 oporteat
901 561 1014 594 eum
1029 549 1130 596 sci-

221 617 340 718 re⁸3.
381 674 436 720 Si
456 675 564 731 quis
584 679 748 736 autem
769 680 934 738 diligit
947 681 1127 744 Deum,

219 739 303 786 hic
325 742 560 798 cognitus
583 747 662 790 est
679 747 740 792 ab
762 760 840 793 eo.

287 825 334 868 4.
369 823 447 870 De
469 827 596 872 escis
616 831 808 892 autem,
830 846 956 888 quae
975 833 1125 880 idolis

217 890 558 952 immolantur,
597 896 807 956 scimus,
846 899 962 956 quia
997 901 1128 946 nihil

217 958 298 1002 est
334 957 524 1004 idolum
562 961 615 1006 in
652 965 864 1024 mundo,
906 968 956 1012 et
992 969 1126 1024 quod

215 1023 387 1070 nullus
407 1029 484 1071 est
499 1027 656 1088 Deus,
675 1031 778 1076 nisi
798 1047 944 1079 unus.

286 1109 334 1152 5.
367 1108 494 1155 Nam
513 1111 610 1157 etsi
629 1115 767 1174 sunt,
789 1116 874 1173 qui
893 1117 1122 1166 dicantur

216 1173 314 1233 dii,
341 1175 449 1222 sive
475 1177 528 1222 in
557 1179 728 1239 coelo,
768 1183 875 1229 sive
901 1184 956 1230 in
983 1187 1122 1232 terra

215 1239 484 1298 (siquidem
513 1248 632 1291 sunt
659 1246 728 1294 dii
753 1250 924 1311 multi,
946 1254 998 1300 et
1026 1254 1118 1300 do-

210 1308 338 1354 mini
357 1310 547 1370 multi):

280 1378 328 1421 6.
364 1376 522 1424 Nobis
550 1381 716 1427 tamen
743 1398 874 1431 unus
905 1389 984 1433 est
1009 1389 1116 1436 De-

209 1455 299 1500 us,
319 1442 495 1504 Pater,
518 1460 585 1494 ex
605 1460 702 1503 quo
725 1453 919 1512 omnia,
949 1457 1000 1500 et
1017 1469 1113 1502 nos

207 1508 262 1553 in
283 1509 450 1568 illum3
482 1515 533 1558 et
549 1527 678 1560 unus
697 1518 942 1566 Dominus
964 1524 995 1566 J
998 1537 1113 1570 esus

209 1576 456 1637 Christus,
477 1593 568 1636 per
587 1594 731 1636 quem
753 1587 937 1646 omnia,
949 1592 999 1634 et
1017 1603 1112 1636 nos

205 1655 301 1699 per
318 1643 481 1700 ipsum
492 1638 534 1690 ἆ.

271 1728 321 1772 7.
371 1726 470 1773 Sed
513 1741 620 1774 non
664 1731 718 1776 in
763 1735 992 1782 omnibus
1037 1742 1114 1784 est

202 1793 436 1840 scientia.
465 1794 676 1846 Quidam
686 1801 851 1845 autem
863 1816 972 1848 cum
987 1817 1111 1850 con·

199 1859 421 1906 scientia
447 1875 604 1918 usque
633 1878 767 1912 nunc
786 1867 938 1929 idoli,
967 1873 1111 1928 quasi

198 1926 542 1987 idolothytum
563 1933 891 1995 manducant3
913 1940 964 1985 et
983 1953 1109 1987 con-

199 1996 416 2042 scientia
443 1997 692 2061 ipsorum,
732 2016 844 2049 cum
872 2006 939 2053 sit
965 2008 1107 2055 infir-

195 2076 280 2108 ma
289 2068 326 2121 ⁶,
347 2064 608 2120 polluitur.

265 2132 315 2175 8.
350 2130 483 2177 Esca
513 2136 678 2181 autem
707 2150 802 2185 nos
827 2154 936 2187 non
963 2156 1103 2189 com-

191 2196 402 2243 mendat
412 2199 523 2246 Deo
535 2216 550 2259 3
563 2215 726 2260 neque
743 2208 876 2253 enim
895 2210 940 2255 si
957 2224 1101 2257 man-

193 2263 548 2313 ducaverimus
559 2299 574 2327 ,
603 2272 985 2334 abundabimus;
1007 2292 1101 2325 ne·-

191 2344 294 2387 que
315 2332 482 2379 sinon
501 2338 984 2403 manducaverimus,
1011 2345 1099 2392 de-

189 2398 436 2446 ficiemus.

259 2481 309 2524 9.
342 2480 522 2528 Videte
540 2484 721 2543 autem,
735 2498 801 2531 ne
821 2488 954 2534 forte
973 2490 1099 2538 haec

185 2546 400 2592 licentia
430 2551 598 2596 vestra
628 2552 986 2602 offendiculum
1012 2560 1100 2605 fiat

183 2612 400 2659 infirmis
410 2605 461 2660 s.

255 2682 338 2725 1⁰.
378 2681 430 2727 Si
460 2683 594 2729 enim
619 2685 730 2742 quis
760 2687 944 2735 viderit
961 2704 1092 2752 eum,

183 2746 272 2805 qui
293 2746 446 2795 habet
463 2749 741 2811 scientiam,
755 2754 808 2799 in
827 2756 986 2803 idolio
1005 2770 1094 2804 re-

181 2816 529 2874 cumbentem,
569 2830 744 2865 nonne
781 2824 1092 2871 conscientia

182 2880 298 2939 ejus
313 2912 328 2941 ,
349 2895 460 2927 cum
479 2884 546 2928 sit
563 2882 784 2945 infirma,
805 2890 1090 2937 aedificabi—

178 2952 266 2994 tur
287 2950 350 2994 ad
368 2950 762 2997 manducandum
785 2954 1090 3016 idolothyta?

227 3056 250 3083 ‘¹
267 3056 360 3093 Joh.
379 3063 413 3101 1,
433 3063 476 3100 3.,
490 3058 578 3095 col.
597 3065 616 3095 1
631 3085 642 3099 ,
663 3064 718 3097 16.
741 3073 800 3109 sq.
848 3070 865 3089 θ
885 3075 918 3100 c.
937 3069 1008 3107 10,
1028 3070 1088 3105 25.

179 3115 270 3152 sqq.
288 3102 406 3140 Rom.
426 3110 487 3149 14,
507 3109 569 3142 14.
614 3104 642 3139 ἰ
660 3120 695 3144 c.
714 3112 750 3151 9,
769 3112 827 3146 22.
853 3114 913 3153 10,
933 3115 990 3149 32.
1011 3124 1069 3161 sq.

1274 271 1353 315 11.
1389 269 1457 317 Et
1473 275 1698 330 peribit&
1713 279 1937 330 Infirmus
1958 286 2012 330 in
2024 290 2109 333 tua

1206 334 1420 383 scientia
1470 341 1654 403 frater,
1698 351 1909 406 propter
1962 366 2107 409 quem

1206 401 1431 451 Christus
1450 411 1676 456 mortuus
1698 413 1796 460 est!

1270 472 1349 516 12.
1372 473 1455 519 Sic
1466 477 1631 522 autem
1641 485 1906 534 peccante
1926 485 1981 531 in
1996 487 2102 533 fra—

1198 537 1331 597 tres,
1372 542 1423 585 et
1458 545 1797 598 percutientes
1835 553 2101 600 conscien-

1197 603 1319 650 tiam
1348 619 1525 654 eorum
1554 610 1825 675 infirmam,
1862 619 1918 664 iu
1953 621 2100 667 Chri·

1198 673 1328 718 stum
1346 677 1583 731 peccatis.

1263 741 1344 785 13.
1384 742 1703 802 Quapropter
1732 749 1777 794 si
1806 763 1921 800 esca
1950 767 2096 800 scan-

1198 801 1418 853 dalizath
1476 813 1686 859 fratrem
1736 831 1927 878 meum;
1990 834 2097 868 non

1192 874 1502 924 manducabo
1524 893 1727 928 carnem
1745 883 1799 930 in
1818 888 2095 949 aeternum,

1192 952 1259 986 ne
1278 942 1487 990 fratrem
1503 959 1669 995 meum
1690 953 2040 1002 scandalizem.

1486 1111 1655 1162 CAP.
1713 1115 1805 1167 lx.

1187 1201 1435 1257 Apostolus
1458 1207 1707 1255 Corinthiis
1725 1217 1993 1268 praedicans
2011 1220 2090 1263 Je-

1187 1270 1285 1300 sum
1303 1273 1359 1303 nc
1377 1263 1544 1306 victum
1570 1268 1747 1318 quidem
1775 1273 1918 1322 gratis
1940 1285 1969 1315 a
1998 1278 2090 1319 suis

1187 1315 1380 1370 accipit3
1414 1321 1557 1362 omnis
1577 1324 1779 1367 omnibus
1796 1339 1894 1368 esse
1923 1331 2088 1382 studet,

1278 1375 1329 1414 ut
1345 1371 1502 1427 plures
1521 1376 1578 1418 ad
1602 1377 1830 1422 Christum
1849 1389 1992 1428 vocet.

1250 1464 1297 1510 1.
1332 1464 1449 1512 Non
1487 1481 1595 1516 sum
1634 1471 1795 1520 liber?
1837 1490 1945 1524 non
1980 1493 2089 1527 sum

1179 1530 1489 1587 Apostolus?
1517 1550 1691 1586 nonne
1722 1541 1972 1592 Christum
1998 1548 2087 1594 Je-

1181 1610 1292 1643 sum
1343 1600 1616 1651 Dominum
1669 1612 1901 1657 nostrum
1950 1614 2087 1660 vidi?

1179 1676 1355 1712 nonne
1393 1679 1520 1726 opus
1554 1686 1721 1720 meum
1756 1689 1851 1724 vos
1882 1681 2002 1726 estis
2031 1683 2085 1728 in

1178 1728 1434 1780 Domino?

1250 1799 1296 1842 2.
1330 1799 1399 1846 Et
1414 1802 1459 1846 si
1478 1803 1590 1850 aliis
1612 1819 1719 1853 non
1738 1821 1847 1856 sum
1863 1812 2084 1869 Aposto-

1177 1861 1287 1923 lus,
1319 1867 1407 1912 sed
1434 1870 1601 1917 tamen
1621 1874 1767 1922 vobis
1796 1890 1931 1937 sum;
1969 1894 2085 1928 nam

1178 1930 1491 1989 signaculum
1516 1939 1843 1997 Apostolatus
1870 1947 1971 1995 mei
1989 1962 2082 1997 vos

1177 2000 1299 2045 estis
1318 2001 1371 2047 in
1391 2003 1628 2053 Domino.

1243 2068 1289 2113 3.
1325 2070 1444 2117 Mea
1462 2072 1693 2123 defensio
1714 2080 1844 2137 apud
1865 2096 1973 2144 eos,
1994 2086 2079 2142 qui

1169 2148 1251 2181 me
1272 2135 1609 2201 interrogant,
1630 2144 1756 2193 haec
1776 2150 1875 2195 est:

1236 2204 1286 2247 4.
1322 2204 1571 2265 Numquid
1588 2225 1697 2257 non
1726 2214 1961 2265 habemus
1981 2234 2077 2278 po·

1168 2270 1401 2318 testatem
1420 2277 1752 2327 manducandi
1773 2286 1825 2330 et
1842 2285 2077 2335 bibendi?

1236 2356 1283 2398 5.
1319 2356 1569 2416 Numquid
1586 2376 1695 2409 non
1722 2365 1959 2417 habemus
1978 2382 2073 2427 po-

1167 2421 1415 2484 testatem,
1436 2428 1700 2476 mulierem
1720 2444 1947 2480 sororem
1970 2436 2071 2482 cir-

1167 2489 1514 2552 cumducendi,
1528 2494 1658 2541 sicut
1670 2499 1721 2543 et
1734 2502 1921 2549 caeteri
1931 2503 2070 2560 Apo-

1165 2555 1311 2614 stoli,
1342 2560 1395 2603 et
1420 2561 1605 2607 fratres
1631 2563 1866 2625 Domini,
1901 2570 1952 2614 et
1972 2571 2068 2617 Ce-

1163 2622 1319 2679 phas?

1231 2690 1276 2734 6.
1314 2692 1413 2737 Aut
1432 2706 1527 2751 ego
1548 2695 1705 2754 solus,
1728 2700 1779 2743 et
1794 2698 2065 2764 Barnabas,

1159 2767 1267 2800 non
1320 2757 1557 2807 habemus
1608 2765 1909 2820 potestatem
1970 2770 2068 2819 hoc

1161 2825 1436 2879 operandi?

1226 2890 1271 2933 7.
1310 2890 1433 2942 Quis
1462 2893 1644 2941 militat
1670 2897 1774 2943 suis
1802 2902 2064 2961 stipendiis

1155 2958 1419 3011 umquam?
1469 2960 1578 3016 quis
1614 2963 1809 3021 plantat
1844 2971 2060 3033 vineam,

1157 3025 1209 3067 et
1228 3022 1287 3067 de
1316 3024 1479 3071 fructu
1514 3028 1624 3085 eJus
1652 3044 1757 3080 non
1780 3036 1913 3083 edit?
1950 3040 2059 3097 quis

1198 3124 1224 3152 ε
1240 3117 1354 3157 Rom.
1374 3124 1437 3165 14,
1454 3125 1515 3161 15.
1562 3122 1582 3151 ἦ
1598 3126 1715 3166 Rom.
1733 3133 1795 3175 14,
1814 3136 1873 3171 21.

295 3250 410 3305 Cap.
440 3250 572 3295 Vm.
637 3259 679 3297 2.
719 3256 858 3301 Deest
881 3263 1051 3312 autenm
1072 3261 1180 3307 ibid.
1210 3266 1475 3313 exhistimat
1505 3272 1624 3329 (sic).
1682 3283 1724 3319 4.
1755 3278 1905 3323 nullus
1931 3282 2057 3327 Deus

176 3308 326 3359 (deut
337 3308 446 3363 est).
505 3311 544 3351 6.
565 3311 692 3353 Deus
711 3316 759 3355 et
776 3318 922 3368 pater.
979 3320 1020 3359 ¹1.
1042 3324 1191 3363 autem
1211 3326 1483 3370 conscientia
1498 3330 1642 3385 (deest
1658 3336 1793 3391 cum).

173 3363 400 3405 «lavimus.
469 3367 536 3407 1o.
574 3366 621 3407 in
649 3366 787 3410 idolo.
849 3374 917 3413 12.
947 3372 995 3415 in
1026 3373 1207 3419 Christo
1270 3383 1450 3425 eccatis.

171 3419 346 3461 minum
367 3424 568 3462 nostrum
589 3422 732 3473 (deest
751 3424 1014 3484 Christum).
1072 3434 1113 3473 2.
1147 3434 1182 3475 si
1205 3392 1265 3477 εἷς

1852 3339 1891 3377 8.
1915 3338 2054 3381 abun-

1561 3386 1649 3430 IX.
1709 3394 1747 3431 1.
1778 3388 1933 3434 Jesum
1960 3394 2055 3437 Do·

1268 3436 1307 3478 is
1338 3437 1483 3492 (deest
1508 3442 1591 3497 ct).
1650 3446 1692 3486 ³.
1724 3450 1849 3499 aput.
1908 3452 1949 3490 ⁵.
1984 3462 2054 3493 so·

171 3488 324 3517 rorem
341 3474 586 3518 mulierem.
645 3482 685 3521 6.
717 3480 838 3523 solus
858 3494 955 3535 ego.
1014 3488 1056 3527 ¹1.
1089 3486 1142 3530 de
1161 3489 1355 3535 functum
1377 3493 1497 3549 (sic).
