2376 3925
259 147 329 200 ⁷⁶

262 248 529 308 Magister,
548 247 731 294 seimus
745 276 759 305 ‚
778 245 899 302 quin
913 257 1081 293 verax
1098 259 1172 304 es,

267 318 319 362 et
352 327 461 362 non
506 327 653 360 curas
698 324 1020 370 quemquam3
1078 326 1174 359 nec

269 383 404 429 enim
435 381 578 428 vides
610 381 665 427 in
689 381 872 428 faeiem
899 381 1175 438 hominnm,

269 450 360 497 sed
386 450 440 496 in
469 448 687 494 veritate
715 449 850 494 viam
877 448 977 494 Dei
996 447 1173 504 doces3

269 516 391 564 lieet
420 515 530 562 dari
558 516 801 562 tributum
836 515 1075 562 Caesari?
1111 527 1177 560 an

270 596 380 630 non
398 583 621 630 dabimus
634 582 658 628 Φ

340 653 421 696 15.
458 651 559 703 Qui
576 651 743 697 sciens
765 648 1037 696 versutiam
1056 647 1177 694 illo-

270 731 410 776 rum,
431 718 503 764 ait
521 717 647 765 illis:
678 716 811 770 Quid
835 729 916 762 me
940 715 1179 762 tentatisss

273 786 449 832 afferte
468 785 590 830 mihi
601 783 879 842 denarium,
888 785 949 829 ut
962 783 1177 830 videam.

341 867 420 910 16.
457 866 522 910 At
555 863 635 910 illi
669 863 949 910 attulerunt
982 864 1046 910 ei.
1114 864 1182 910 Et

274 934 347 978 ait
362 931 491 978 illis:
524 931 679 988 cujus
701 933 779 978 est
796 931 963 989 imago
983 931 1109 977 haee
1129 933 1182 977 et

272 999 568 1057 inscriptio}
586 999 777 1046 Dicunt
794 999 867 1045 ei:
891 999 1140 1045 Caesaris.

345 1080 424 1124 17.
459 1078 793 1138 Respondent
829 1081 997 1126 autem
1031 1081 1181 1126 Jesus

275 1145 407 1192 dixit
424 1145 550 1191 illis:
579 1145 817 1193 Reddite³
845 1147 1025 1206 igitur,
1056 1159 1183 1204 quae

274 1215 394 1259 sunt
423 1214 680 1273 Caesaris,
703 1214 936 1272 Caesari3
977 1217 1028 1260 et
1057 1227 1183 1271 quae

276 1283 395 1328 sunt
428 1281 543 1338 Dei,
580 1282 711 1328 Deo.
780 1282 851 1328 Et
874 1282 1183 1329 mirabantur

276 1361 429 1406 super
449 1361 527 1395 eo.

345 1416 425 1460 18.
461 1414 530 1460 Et
556 1418 809 1462 venerunt
832 1415 897 1460 ad
922 1429 1035 1461 eum
1056 1414 1183 1461 Sad-

280 1481 485 1540 ducaei,
517 1482 603 1538 qui
628 1481 829 1528 dicunt‘
844 1483 1185 1528 resurrectio-

276 1561 395 1595 nem
418 1560 526 1593 non
555 1561 694 1608 esse,
726 1551 778 1595 et
802 1550 1187 1607 interrogabant

280 1629 410 1676 eum,
432 1615 682 1662 dicentes:

348 1685 429 1729 19.
464 1682 731 1742 Magister!
781 1686 989 1745 Moyses
1038 1684 1185 1732 nobis

282 1750 499 1810 scripsit,
511 1754 583 1809 ut,
604 1752 688 1811 „si
707 1753 851 1811 cujus
870 1754 1029 1799 frater
1046 1765 1187 1799 mor-

281 1821 433 1878 „tuus
444 1820 615 1878 fuerit,
628 1822 680 1866 et
690 1820 938 1868 dimiserit
950 1834 1022 1868 ux
1028 1834 1186 1881 orem,

282 1888 371 1946 „et
386 1886 519 1933 filios
538 1900 646 1934 non
663 1888 953 1948 reliquerit,
976 1889 1191 1948 accipiat

281 1955 479 2015 „frater
517 1955 627 2014 ejus
662 1970 883 2004 uxorem
914 1957 1099 2015 ipsius,
1139 1958 1192 2003 et

281 2023 588 2081 „resuscitet
606 2035 778 2069 semen
800 2024 948 2069 fratri
968 2023 1156 2069 suo.“¹⁸

347 2090 427 2133 20.
450 2090 652 2145 Septem
672 2101 796 2147 ergo
808 2091 993 2135 fratres
1014 2090 1186 2147 erant3

282 2155 333 2199 et
367 2153 557 2210 primus
606 2155 801 2213 accepit
845 2168 1091 2215 uxorem,
1138 2158 1192 2202 et

279 2222 507 2267 mortuus
528 2222 621 2279 est,
641 2235 751 2267 non
767 2222 949 2269 relicto
978 2224 1186 2269 semine.

348 2289 431 2334 21.
464 2288 535 2334 Et
561 2288 809 2335 secundus
838 2291 1035 2348 accepit
1059 2304 1187 2350 eam,

284 2357 335 2402 et
360 2358 589 2403 mortuus
620 2357 723 2414 est3
756 2359 807 2402 et
825 2371 920 2404 nec
947 2358 1044 2404 iste
1062 2358 1190 2405 reli-

282 2423 391 2482 quit
408 2436 597 2471 semen.
655 2423 725 2469 Et
739 2425 919 2472 tertius
941 2426 1187 2472 similiter.

351 2494 432 2539 22.
465 2492 535 2538 Et
551 2494 859 2550 acceperunt
878 2506 989 2539 eam
1008 2493 1190 2539 simili-

281 2561 363 2606 ter
389 2562 607 2619 septem;
646 2561 698 2605 et
732 2573 838 2606 non
873 2560 1194 2619 reliquerunt

285 2640 471 2675 semen.
539 2627 830 2675 Novissima
858 2628 1081 2674 omnium
1101 2629 1192 2675 de-

284 2694 456 2740 functa
474 2697 552 2742 est
571 2698 622 2743 et
639 2694 834 2742 mulier.

351 2760 431 2805 23.
464 2763 524 2807 In
540 2763 920 2810 resurreetione
940 2775 1065 2822 ergo
1080 2778 1194 2810 cum

281 2831 687 2891 resurrexerint,
726 2832 869 2890 cujus
900 2831 959 2877 de
986 2831 1065 2878 his
1094 2832 1194 2878 erit

281 2892 450 2939 uxor?
498 2894 700 2953 Septem
737 2900 872 2946 enim
906 2900 1193 2946 habuerunt

284 2973 397 3007 eam
412 2972 646 3008 uxorem.

350 3029 432 3074 24.
467 3026 535 3073 Et
560 3031 876 3087 respondens
910 3036 1091 3095 Jesus,
1122 3034 1194 3081 ait

284 3094 411 3143 illis:
453 3094 639 3142 Nonne
674 3096 790 3144 ideo
830 3104 1038 3161 erratis,
1086 3115 1193 3148 non

332 3222 347 3241 ⁸
362 3215 477 3252 nom.
490 3218 548 3255 13,
558 3218 593 3251 7.
640 3216 659 3240 θ
673 3214 837 3258 Aetas,
848 3219 883 3255 8.
932 3226 953 3245 '⁸
967 3218 1192 3263 Deut.25,5.
1225 3248 1236 3260 .

848 141 1199 194 MARCUS.

1272 139 1442 193 GAP.
1479 143 1564 191 12.

1243 245 1462 292 seientes
1483 243 1788 301 Scripturas,
1799 255 1966 299 neque
1985 243 2166 290 virtu-

1243 314 1346 358 tem
1363 310 1498 358 Dei?

1311 381 1394 425 25.
1431 379 1558 424 Cum
1593 379 1730 425 enim
1763 390 1796 423 a
1825 379 2042 425 mortuis
2070 393 2171 426 re·-

1247 445 1596 504 snrrexerint,
1626 458 1794 504 neque
1813 447 2032 506 nubent,
2062 461 2168 494 ne-

1247 527 1342 570 que
1360 515 1641 572 nubentur,
1662 511 1754 559 sed
1775 514 1895 560 sunt
1911 513 2042 560 sicut
2063 527 2166 560 an-

1248 580 1351 640 geli
1369 581 1424 626 in
1445 580 1620 626 coelis.

1316 650 1396 693 26.
1431 647 1509 694 De
1539 646 1754 694 mortuis
1793 650 1985 708 autem,
2024 650 2171 705 quod

1246 716 1544 774 resurgant,
1581 727 1690 760 non
1716 714 1915 772 legistis
1945 716 2000 762 in
2024 715 2166 764 libro

1247 782 1446 842 Moysi,
1499 795 1651 840 super
1685 784 1869 828 rubum
1906 784 2166 839 quomodo

1249 850 1444 896 dixerit
1459 849 1537 895 illi
1550 850 1708 908 Deus,
1721 849 1958 906 inquiens
1973 863 1985 895 τ
2009 851 2166 910 „Ego

1251 930 1399 978 „sum
1432 917 1572 962 Deus
1609 916 1888 975 Abraham,
1935 919 1988 963 et
2020 919 2166 966 Deus

1252 987 1449 1046 „lsaae,
1473 987 1524 1031 et
1541 985 1681 1030 Deus
1701 985 1894 1031 Jacob?
1908 983 1979 1015 “⁹

1320 1053 1402 1098 27.
1436 1053 1554 1097 Non
1575 1054 1652 1097 est
1668 1052 1808 1097 Deus
1826 1054 2166 1112 mortuorum,

1252 1119 1344 1166 sed
1359 1119 1613 1165 vivorum.
1681 1120 1788 1164 Vos
1809 1132 1934 1178 ergo
1951 1119 2173 1168 multum

1254 1186 1454 1234 erratis.

1321 1256 1401 1299 28.
1420 1254 1537 1300 WEt
1555 1255 1770 1300 accessit
1787 1267 1918 1300 unus
1937 1254 1997 1300 de
2017 1255 2170 1302 Seri-

1255 1322 1347 1380 bis,
1361 1321 1448 1378 qui
1465 1321 1696 1367 audierat
1713 1321 1832 1368 illos
1853 1321 2168 1379 conquiren-

1253 1394 1348 1448 tes,
1371 1392 1424 1434 et
1443 1389 1639 1447 videns,
1653 1389 1891 1446 quoniam
1909 1392 2038 1437 bene
2057 1389 2170 1438 illis

1253 1456 1604 1514 responderit,
1653 1456 1994 1513 interrogavit
2029 1471 2169 1516 eum,

1255 1523 1390 1581 quod
1401 1525 1538 1570 esset
1554 1523 1768 1582 primum
1780 1521 2004 1569 omnium
2013 1537 2171 1571 man-

1255 1591 1440 1637 datum.

1324 1660 1404 1704 29.
1438 1658 1590 1705 Iesus
1607 1660 1774 1706 autem
1796 1658 2068 1716 respondit
2089 1661 2169 1707 ei:

1259 1726 1390 1780 Quia
1407 1727 1624 1784 primum
1635 1726 1859 1772 omnium
1875 1726 2172 1774 mandatum

1258 1795 1359 1841 est:
1414 1794 1608 1854 ‚‚Audi,
1661 1792 1842 1841 Israel!
1894 1794 2169 1854 Dominus,

1257 1862 1434 1922 „Deus
1453 1863 1586 1919 tuus,
1605 1862 1746 1908 Deus
1759 1874 1893 1908 unus
1913 1864 2019 1908 est:

1325 1930 1404 1975 30.
1417 1929 1524 1989 „Et
1535 1928 1714 1988 diliges
1722 1929 2173 1978 DominumDeum

1257 1998 1435 2056 „tuum
1453 2010 1522 2044 ex
1549 1999 1660 2044 toto
1689 1998 1984 2057 cordetuo,
2015 2001 2066 2044 et
2096 2012 2174 2046 ex

1258 2065 1404 2123 „tota
1415 2065 1584 2111 anima
1601 2068 1704 2123 tua,
1719 2068 1852 2113 etex
1869 2067 1979 2112 tota
1995 2070 2173 2114 mente

1258 2133 1380 2190 „tua
1394 2161 1408 2190 ,
1461 2135 1512 2178 et
1548 2145 1618 2179 ex
1655 2134 1764 2178 tota
1798 2134 1989 2181 virtute
2025 2134 2172 2181 ma.“

1254 2199 1404 2245 *Hoc
1425 2201 1504 2246 est
1520 2200 1734 2258 primum
1752 2200 2057 2247 mandatum.

1325 2280 1383 2325 31
1393 2312 1406 2327 .
1444 2279 1728 2326 Secundum
1736 2283 1905 2328 autem
1918 2281 2081 2329 simile
2095 2287 2180 2330 est

1258 2345 1361 2392 illi:
1393 2346 1669 2407 „Diliges-⁷
1697 2348 1992 2407 proximum
2010 2352 2176 2411 tuum,

1258 2416 1533 2473 „tanquam
1551 2417 1602 2461 te
1621 2414 1842 2473 ἰιιειιιιιι.α
1883 2417 2055 2476 Majus
2073 2418 2178 2466 ho·-

1256 2494 1372 2527 rum
1389 2482 1527 2527 aliud
1543 2482 1834 2529 mandatum
1849 2496 1960 2530 non
1980 2488 2075 2533 est.

1327 2550 1408 2595 32.
1441 2550 1512 2595 Et
1547 2550 1619 2595 ait
1655 2550 1735 2597 illi
1771 2552 1963 2599 scriba:
2012 2553 2178 2613 Bene,

1259 2616 1527 2675 Magister!
1549 2618 1603 2663 in
1613 2619 1834 2665 veritate
1847 2619 2042 2680 dixisti,
2054 2621 2181 2678 quia

1258 2697 1388 2730 unus
1418 2686 1496 2732 est
1521 2685 1687 2746 Deus,
1727 2688 1780 2732 et
1806 2699 1914 2732 non
1943 2690 2023 2733 est
2041 2688 2178 2735 alius

1259 2754 1464 2810 praeter
1484 2767 1611 2799 eum.

1327 2821 1410 2865 33.
1442 2818 1511 2865 Et
1525 2824 1584 2867 ut
1591 2820 1830 2879 diligatur
1843 2833 1911 2868 ex
1927 2822 2040 2868 toto
2055 2835 2179 2869 cor-

1261 2887 1321 2932 de
1335 2917 1349 2944 ,
1379 2888 1432 2933 et
1456 2900 1524 2933 ex
1542 2889 1653 2934 toto
1685 2888 1974 2949 intellectu,
2021 2892 2072 2937 et
2103 2904 2180 2938 ex

1259 2956 1368 2999 tota
1377 2955 1560 3015 anima,
1575 2958 1626 3001 et
1635 2968 1704 3001 ex
1722 2957 1832 3003 tota
1847 2957 2178 3015 fortitudine3

1262 3023 1314 3067 et
1325 3021 1536 3081 diligere
1555 3022 1846 3080 proximum
1864 3027 2104 3082 tanquam
2119 3038 2181 3072 se

1307 3138 1328 3156 v
1344 3130 1476 3169 Exodo
1495 3135 1532 3173 3,
1549 3134 1588 3169 6·
1635 3139 1669 3159 'u
1687 3144 1726 3170 vo
1744 3135 1917 3173 oe—34·
1941 3134 2093 3173 M‘tth·
2113 3136 2180 3179 22,

1259 3180 1434 3215 34-40.
1499 3184 1526 3202 “”
1541 3177 1667 3215 Dent·
1691 3182 1732 3222 6,
1749 3182 1788 3217 4·
1806 3183 1843 3217 ⁵⁰
1915 3186 1940 3215 7
1957 3179 2093 3219 ιε’ὶιο
2112 3185 2177 3225 19,

1260 3226 1321 3263 18.
1350 3222 1496 3261 Mutth.
1514 3227 1576 3267 22,
1594 3228 1654 3263 39.

398 3366 512 3421 Cap.
540 3362 653 3407 XII.
715 3370 780 3408 14.
808 3367 929 3409 viam
956 3366 1153 3411 Domini.
1215 3375 1282 3413 15.
1310 3375 1560 3416 versutiam
1595 3388 1759 3417 eorum.
1821 3379 1886 3419 16.
1918 3376 2075 3419 omiss.
2105 3380 2179 3427 οἱς

285 3420 393 3465 ibid.
422 3423 578 3464 dicunt
602 3418 689 3463 illi.
765 3425 834 3463 24.
872 3434 961 3463 non
990 3421 1109 3464 ideo.
1184 3428 1253 3469 29.
1297 3426 1424 3471 Deus
1453 3435 1623 3472 nonter-
1703 3433 1772 3472 32.
1815 3432 1922 3484 quia
1957 3446 2078 3475 unus
2106 3438 2183 3476 est

282 3475 451 3518 (omiss.
470 3476 627 3528 Deus).
