2376 3925
271 149 338 200 26

273 264 408 310 ‚,me,
424 249 664 294 docentes
684 245 958 304 doctrinas,
971 247 1175 290 etman-

276 318 430 378 „data
447 311 759 361 bominum.“
767 306 786 342 i

342 385 423 428 10.
457 382 526 427 Et
544 378 839 426 convocatis
851 379 914 424 ad
925 391 980 424 se
998 377 1175 437 turbis,

278 451 409 497 dixit
427 450 525 495 eis:
545 447 746 506 Audite,
767 449 818 493 et
835 445 1132 503 intelligite:

343 517 424 563 11.
459 517 577 561 Non
622 514 757 572 quod
801 514 957 559 intrat
999 512 1053 556 in
1099 523 1176 569 οι,

278 582 570 641 coinquinat
601 581 883 638 hominem3
922 578 1010 624 sed
1046 576 1180 634 quod

277 650 506 710 procedit
525 663 594 697 ex
613 663 731 708 ore,
760 648 856 694 hoc
887 644 1180 702 coinquinat

278 709 580 764 hominemk.

347 787 430 831 12.
469 787 612 830 Tunc
630 781 926 829 accedentes
947 777 1181 836 discipuli

282 853 410 912 eJus,
431 851 671 897 dixerunt
689 848 759 894 ei:
782 847 910 906 Scis,
923 845 1179 903 quiaPha-

280 919 452 978 risaei,
472 917 641 962 audito
661 917 818 962 verbo
838 915 954 975 hoc,
968 912 1180 961 scanda-

282 986 422 1033 lizati
439 984 586 1030 nunt?

349 1054 430 1098 13.
463 1052 529 1096 At
580 1049 669 1095 ille
715 1048 1029 1106 respondens
1083 1045 1180 1092 ait:

284 1118 456 1164 Omnis
468 1116 731 1175 plantatio,
745 1129 890 1173 quam
907 1128 1015 1160 non
1033 1113 1183 1172 plan-

281 1185 410 1232 tavit
435 1185 584 1230 Pater
611 1197 752 1230 meus
772 1181 1033 1242 coelestis,
1067 1194 1182 1228 era-

284 1252 527 1299 dicabitur
538 1244 570 1298 ι.

351 1321 431 1364 14.
469 1319 630 1366 Sinite
649 1316 789 1364 illos!
813 1317 951 1363 caeci
969 1315 1112 1374 sunt,
1135 1315 1186 1361 et

286 1388 436 1434 duces
457 1398 740 1432 caecorum.
809 1385 1000 1430 Caecus
1019 1384 1185 1428 autem

286 1453 332 1500 si
350 1465 499 1499 cacco
522 1452 752 1498 ducatum
766 1452 1016 1509 praestet,
1037 1450 1183 1495 ambo

284 1522 339 1566 in
357 1522 560 1566 foveam
579 1519 827 1564 cadunt.’¹⁸
1061 1545 1066 1548 -

351 1588 431 1632 15.
465 1584 796 1644 Respondens
821 1585 988 1631 autem
1005 1583 1185 1628 Petrus

286 1654 416 1700 dixit
435 1653 507 1700 ei:
537 1653 776 1699 Edissere
799 1651 948 1698 nobis
967 1652 1184 1708 parabo-

284 1722 385 1768 lam
402 1721 562 1768 istam.

352 1792 431 1835 16.
465 1790 532 1834 At
548 1788 635 1835 ille
656 1787 810 1834 dixit:
827 1785 1002 1833 Adhuc
1023 1787 1074 1831 et
1092 1797 1186 1830 vos

284 1858 394 1904 sine
415 1856 678 1903 intellectu
696 1855 881 1902 estisnz

351 1925 432 1970 17.
461 1924 578 1971 Νοιι
587 1921 1009 1984 intelligitis,quia
1019 1933 1185 1980 omne,

285 1992 420 2050 quod
437 1992 492 2037 in
508 2006 565 2038 os
585 1992 756 2050 intrat,
768 1992 822 2035 in
841 1991 1072 2035 ventrem
1092 2001 1188 2033 va-

287 2060 374 2117 dit,
397 2060 448 2104 et
465 2060 518 2103 in
539 2071 791 2105 secessum
811 2054 1084 2101 emittitur?

352 2143 433 2185 18.
474 2141 614 2193 Quae
634 2141 800 2185 autem
815 2136 1099 2195 procedunt
1126 2136 1186 2181 de

287 2220 395 2264 ore,
418 2206 478 2251 de
498 2205 651 2252 corde
672 2206 878 2264 exeunt,
893 2206 944 2249 et
963 2216 1024 2249 ea
1042 2203 1186 2249 coin-

286 2274 497 2331 quinant
513 2272 783 2317 hominem.

352 2343 433 2385 19.
468 2340 546 2385 De
567 2338 720 2385 corde
742 2337 876 2383 enim
887 2340 1079 2383 exeunt
1097 2351 1188 2385 co-

285 2407 558 2468 gitationes
575 2406 760 2461 malae,
779 2405 1076 2465 homicidia,
1097 2405 1186 2450 ad-

283 2476 486 2533 ulteria,
507 2473 895 2531 fornicationes,
915 2474 1066 2532 furta,
1087 2472 1188 2518 fal-

285 2556 341 2589 sa
359 2541 664 2599 testimonia,
683 2539 1037 2596 blasphemiae.

350 2612 431 2656 20.
466 2610 604 2655 Haec
633 2609 774 2665 sunt,
805 2619 933 2663 quae
955 2606 1186 2663 coinqui-

284 2681 408 2723 nant
425 2678 696 2724 hominem.
747 2675 864 2719 Non
882 2673 1002 2719 lotis
1021 2676 1188 2719 autem

287 2743 513 2789 manibus
543 2744 844 2790 manducare
856 2771 871 2801 ,
905 2754 1012 2786 non
1042 2740 1188 2787 coin--

287 2809 460 2865 quinat
477 2810 746 2857 hominem.

307 2935 311 2940 Ι
355 2877 437 2921 21.
473 2878 572 2922 ⁰Et
607 2892 842 2935 egressus
871 2878 989 2925 inde
1019 2877 1186 2935 Jesus,

289 2942 499 2989 secessit
516 2944 568 2988 in
588 2947 755 3000 partes
769 2947 895 3005 Tyri
906 2948 957 2993 et
966 2944 1188 2991 Sidonis.

355 3012 438 3055 22.
464 3010 532 3055 Et
543 3024 659 3056 ecce
671 3008 682 3055 Ξ
693 3012 874 3057 mulier
888 3014 1191 3059 Chananaea

289 3092 319 3124 a
349 3077 528 3124 finibus
555 3076 658 3122 illis
696 3091 903 3135 egressa
936 3078 1187 3137 clamavit,

334 3170 440 3210 ⁸'J‹=s.
459 3176 520 3215 29,
541 3176 599 3211 13.
645 3170 668 3198 k
681 3170 798 3210 Rom.
817 3175 879 3213 14,
899 3174 957 3210 14.
975 3172 1058 3210 Tit.
1077 3178 1114 3217 1,
1131 3175 1191 3211 15.

292 3220 306 3247 1
323 3222 415 3258 Act.
435 3224 472 3261 5,
489 3222 549 3257 38.
594 3225 627 3243 ’¹⁸
645 3230 677 3255 c.
697 3222 758 3261 23,
769 3220 826 3255 16.
844 3218 944 3255 Luc.
963 3220 1000 3261 6,
1009 3222 1068 3255 39.
1113 3226 1136 3245 ⁷·
1155 3230 1190 3257 c.

288 3272 347 3309 16,
364 3272 399 3304 9.
449 3273 466 3291 ⁰
484 3278 523 3302 v.
541 3269 706 3301 21—31.
730 3264 856 3301 Marc.
876 3268 912 3307 7,
931 3267 1105 3302 24—31.

757 141 1296 194 MATTHAEUS.
1368 139 1535 191 CAP.
1576 139 1658 189 15.

1246 243 1418 289 dicens
1440 242 1514 288 ei:
1544 241 1793 288 Miserere
1812 239 1912 286 mei
1928 239 2158 286 Domine

1244 310 1316 356 fili
1341 307 1529 354 David!
1559 309 1663 354 filia
1690 320 1803 354 mea
1826 306 1958 352 male
1979 320 2011 352 a
2030 307 2157 352 dae-

1244 376 1417 423 monio
1438 377 1674 422 vexatur.

1314 444 1394 488 23.
1433 441 1534 494 Qui
1552 454 1659 488 non
1676 440 1941 499 respondit
1960 441 2012 486 ei
2028 454 2157 487 ver-

1246 513 1376 557 bum.
1461 508 1531 555 Et
1574 508 1874 555 accedentes
1918 507 2159 566 discipuli

1248 578 1358 635 ejus
1376 577 1629 634 rogabant
1648 589 1778 635 eum,
1792 575 2041 621 dicentes:
2055 574 2155 621 Di-

1247 645 1387 690 mitte
1408 643 1540 690 eam!
1573 643 1688 700 quia
1707 643 1890 688 clamat
1904 644 2022 700 post
2038 655 2155 688 nos.

1315 713 1395 756 24.
1448 713 1563 768 Ipse
1617 712 1783 755 autem
1836 709 2157 766 respondens

1249 778 1383 825 aitP:
1420 778 1538 824 Non
1576 791 1686 823 sum
1720 777 1921 836 missus,
1958 777 2061 822 nisi
2093 776 2156 822 ad

1252 859 1403 905 oves,
1461 858 1588 903 quae
1654 844 1917 902 perierunt
1979 844 2157 889 domus

1250 912 1425 959 lsrael.

1318 983 1399 1026 25.
1434 980 1501 1026 At
1525 979 1615 1025 illa
1643 978 1816 1037 venit,
1854 981 1906 1024 et
1922 977 2162 1024 adoravit

1252 1063 1383 1108 eum,
1398 1047 1592 1093 dicens:
1608 1045 1825 1093 Domine
1838 1044 1849 1092 Ξ
1862 1046 2047 1103 adjuva
2059 1061 2159 1092 me.

1320 1134 1400 1177 26.
1439 1130 1539 1183 Qui
1563 1129 1879 1189 respondens
1906 1129 1999 1175 ait:
2036 1129 2160 1175 Non

1253 1200 1332 1245 est
1357 1200 1541 1245 bonum
1580 1210 1777 1244 sumere
1802 1210 1983 1255 panem
2018 1195 2161 1242 filio-

1250 1280 1381 1324 rum,
1404 1268 1455 1312 et
1471 1265 1670 1311 mittere
1691 1265 1897 1311 canibus
1908 1269 1945 1309 11.

1319 1334 1400 1378 27.
1436 1333 1503 1379 At
1519 1332 1607 1378 illa
1627 1331 1777 1378 dixit:
1797 1331 1964 1378 Etiam
1976 1330 2161 1376 Domi-

1252 1398 1343 1446 ne!
1374 1413 1492 1445 nam
1520 1401 1571 1445 et
1601 1399 1771 1445 catelli
1799 1398 1954 1445 edunt
1980 1399 2040 1444 de
2058 1399 2161 1444 mi-

1256 1466 1347 1526 cis,
1369 1480 1497 1523 quae
1519 1466 1702 1512 cadunt
1722 1465 1783 1512 de
1800 1479 1973 1512 mensa
1994 1465 2163 1511 domi-

1253 1547 1437 1580 norum
1458 1546 1680 1579 suorum.

1322 1603 1403 1646 28.
1441 1603 1585 1647 Tunc
1629 1601 1942 1659 respondens
1986 1600 2163 1660 Jesus‚

1256 1667 1328 1714 ait
1345 1667 1446 1714 illi:
1469 1669 1511 1713 Ο
1530 1667 1735 1714 mulier!
1756 1680 1936 1726 magna
1947 1668 2024 1712 et
2032 1666 2163 1714 fides

1254 1738 1341 1781 tua
1354 1751 1367 1793 3
1381 1737 1465 1780 fiat
1474 1735 1583 1795 tibi,
1596 1735 1725 1780 sicut
1743 1736 1839 1780 vis.
1906 1733 1973 1780 Et
1983 1738 2165 1780 sanata

1258 1805 1335 1850 est
1352 1803 1455 1848 filia
1474 1803 1585 1860 eius
1605 1815 1673 1848 ex
1692 1801 1781 1848 illa
1798 1802 1942 1848 hora.

1324 1872 1404 1916 29.
1440 1869 1509 1916 Et
1528 1884 1640 1916 cum
1655 1870 1922 1915 transisset
1940 1868 2056 1914 inde
2068 1870 2102 1914 J
2104 1883 2163 1916 e-

1258 1951 1367 1997 ιιιι,
1386 1937 1532 1984 venit
1550 1950 1693 1984 secus
1714 1950 1852 1983 mare
1873 1936 2160 1995 Galilaeae3

1258 2007 1310 2051 et
1326 2005 1605 2051 ascendens
1624 2005 1679 2051 in
1696 2007 1934 2065 montem,
1956 2004 2165 2051 sedebat

1255 2072 1341 2118 ibi.

1325 2140 1406 2184 30.
1441 2138 1510 2184 Et
1563 2141 1886 2186 accesserunt
1939 2138 2002 2184 ad
2048 2152 2166 2185 eum

1256 2208 1433 2253 turbae
1468 2206 1673 2266 multae,
1713 2207 1953 2253 habentes
1990 2219 2166 2253 secum

1257 2276 1449 2333 mutos,
1472 2288 1650 2320 caecos
1663 2305 1677 2334 ,
1700 2273 1931 2332 claudos,
1953 2273 2162 2332 debiles,

1258 2344 1309 2387 et
1336 2341 1465 2387 alios
1492 2342 1707 2398 multos;
1748 2344 1799 2387 et
1830 2340 2167 2398 projecerunt

1259 2422 1348 2454 eos
1368 2408 1433 2453 ad
1450 2408 1604 2465 pedes
1625 2409 1753 2467 eJ'ua,
1766 2410 1818 2453 et
1838 2408 2034 2453 curavit
2053 2422 2163 2467 eos,

1326 2493 1405 2538 31.
1441 2492 1512 2538 ita
1545 2494 1603 2537 ut
1627 2494 1804 2538 turbae
1836 2491 2165 2551 mirarentur,

1257 2559 1489 2605 videntes
1507 2561 1673 2605 mutos
1692 2559 1958 2616 loquentes
1972 2590 1987 2617 ,
2020 2558 2165 2605 clau-

1258 2626 1349 2672 dos
1361 2625 1689 2685 ambulantes,
1704 2638 1881 2672 caecos
1902 2625 2136 2672 videntes
2149 2641 2164 2685 ;

1258 2695 1341 2741 ’'et
1356 2692 1743 2751 magnificabant
1758 2694 1921 2739 Deum
1940 2693 2116 2739 lsrael.

1326 2778 1405 2822 32.
1439 2777 1498 2822 ⁸1
1500 2790 1614 2824 esus
1642 2780 1807 2824 autem
1820 2809 1834 2837 ,
1866 2776 2165 2824 convocatis

1259 2842 1515 2901 discipulis
1554 2844 1675 2904 suis,
1716 2846 1870 2891 dixit:
1908 2844 2165 2890 Misereor

1258 2912 1451 2971 turbae,
1474 2912 1590 2969 quia
1606 2912 1775 2959 triduo
1792 2913 1898 2969 jam
1914 2924 2169 2969 perseve-

1256 2980 1376 3023 rant
1390 2993 1601 3040 mecum,
1616 2984 1669 3025 et
1684 2992 1791 3025 non
1808 2980 2013 3038 habent,
2029 2979 2168 3036 quod

1258 3045 1585 3104 manducent3
1616 3048 1669 3093 et
1696 3046 1945 3092 dimittere
1972 3058 2063 3092 eos
2078 3045 2167 3103 je-

1254 3112 1275 3169 j
1283 3125 1409 3159 unos
1429 3114 1571 3173 nolo,
1591 3127 1657 3160 ne
1678 3113 1910 3160 deficiant
1926 3113 1982 3159 in
1999 3114 2102 3159 via.

1304 3228 1328 3255 ι·
1348 3233 1382 3257 c.
1402 3225 1461 3264 10,
1479 3224 1516 3259 6.
1580 3229 1600 3257 9
1622 3234 1653 3259 c.
1673 3228 1709 3264 7,
1727 3226 1763 3261 6.

1256 3269 1427 3305 32—39.
1472 3268 1598 3306 Marc.
1618 3272 1655 3313 8,
1672 3274 1815 3307 1—10.

1826 3226 1976 3265 rc.11,
1996 3225 2031 3259 ⁵.
2090 3228 2105 3247 ⁸
2124 3234 2167 3260 v.

396 3377 510 3433 Cap.
537 3374 646 3418 XV.
695 3378 762 3416 12.
791 3375 944 3415 audito
974 3376 1111 3418 verbo
1132 3378 1274 3431 (deest
1304 3376 1389 3418 hoc
1413 3408 1424 3419 .
1484 3382 1551 3421 14.
1580 3379 1705 3420 caeci
1724 3384 1829 3421 sunt
1847 3380 1983 3422 duces
2002 3392 2165 3424 caeco-

287 3445 397 3473 rum.
456 3437 524 3475 17.
545 3431 658 3474 etin
679 3443 872 3472 secessu.
927 3433 995 3472 22.
1018 3430 1170 3474 dicens
1198 3432 1340 3487 (deest
1360 3434 1439 3487 en).
1498 3437 1566 3476 28.
1593 3432 1687 3475 filia
1704 3432 1845 3477 illius.
1901 3438 1971 3477 30.
2002 3434 2165 3480 clodos

291 3500 459 3530 caecos.
498 3492 566 3530 31.
590 3485 757 3529 clodos.
