2376 3925
271 219 372 272 236

504 210 770 267 Ac'l'ns
804 191 1455 258 APOSTOLORUM.
1512 186 1683 239 CAP.
1720 184 1909 234 2128.

267 257 2151 308 *fl

273 334 480 380 omnes,
524 321 576 365 et
610 314 709 372 ipsi
745 307 1066 369 sumpserunt
1101 303 1175 350 ci-

273 393 404 438 bum.

343 455 422 502 ³7.
475 451 689 498 Eramus
735 459 860 494 vero
905 442 1176 489 universae

277 524 471 569 animae
491 520 547 565 in
573 516 695 563 navi
714 513 956 562 ducentae
976 508 1178 565 septua-

277 590 420 648 ginta
435 599 547 634 sex.
1076 611 1080 616 ›

345 658 425 702 38.
461 654 530 700 Et
547 650 717 700 satiati
735 648 846 696 cibo
876 640 1182 692 alleviabant

277 736 487 781 navem,
552 719 801 778 iactantes
851 711 1076 758 triticum
1126 706 1181 751 in

276 803 432 838 mare.

347 859 428 904 39.
465 857 589 900 Cum
607 853 774 899 autem
792 848 900 894 dies
918 845 1079 891 factus
1100 854 1184 888 es-

281 929 376 984 set,
396 927 582 970 terram
600 931 708 966 non
727 912 1072 974 agnoscebant
1085 924 1098 966 ;
1113 908 1184 954 si-

281 1006 402 1040 num
432 1002 554 1038 vero
594 983 855 1043 quemdam
890 978 1186 1029 considera-

283 1060 403 1107 bant
437 1057 703 1104 habentem
737 1051 904 1108 littus,
943 1048 996 1092 in
1041 1057 1188 1102 quem

285 1125 600 1184 cogitabant,
647 1120 690 1168 si
723 1116 953 1177 possent,
999 1112 1186 1170 eiicere

285 1205 482 1241 navem.

351 1262 434 1306 40.
468 1258 668 1304 Etcum
687 1253 936 1300 anchoras
956 1246 1190 1296 sustulis-

289 1331 425 1386 sent,
457 1323 831 1372 committebant
856 1333 910 1366 se
935 1317 1089 1374 mari,
1119 1313 1192 1360 si-

287 1396 390 1444 mul
408 1394 638 1440 laxantes
653 1391 918 1448 juncturas
939 1387 1192 1442 guberna-

289 1463 544 1516 culorum3
567 1460 618 1504 et
635 1457 804 1505 levato
825 1455 1088 1499 artemone
1108 1461 1192 1493 se·-

291 1529 502 1576 cundum
532 1537 685 1573 aurae
721 1523 890 1568 flatum
921 1515 1194 1564 tendebant

289 1597 353 1644 ad
369 1594 526 1642 littus.

357 1664 438 1708 41.
473 1660 542 1706 Et
589 1672 701 1706 cum
746 1654 1094 1705 incidissemus
1140 1648 1195 1696 in

295 1733 462 1780 locum
499 1726 847 1782 dithalassum,
878 1719 1198 1780 impegerunt

293 1798 561 1854 navem3et
578 1807 736 1854 prora
753 1790 952 1850 quidem
969 1791 1071 1836 fixa
1088 1798 1197 1832 ma-

293 1869 444 1913 nebat
463 1862 748 1919 immobilis‚
761 1859 942 1918 puppis
955 1869 1078 1904 vero
1090 1853 1198 1902 sol-

298 1936 510 1981 vebatur
525 1944 556 1979 a
573 1930 628 1977 vi
644 1929 798 1978 maris
810 1921 853 1973 ὅ.

361 2002 443 2049 42.
477 1997 694 2049 Militum
725 1996 890 2042 autem
933 1989 1201 2038 consilium

299 2068 410 2125 fuit,
427 2067 484 2111 ut
503 2062 754 2111 custodias
789 2058 1106 2114 occiderent,
1133 2068 1200 2099 ne

298 2133 426 2189 quis,
449 2143 560 2177 cum
579 2129 850 2183 enatasset,
871 2124 1132 2181 effugeret.

364 2199 445 2243 43.
483 2194 725 2241 Centurio
779 2194 970 2249 autem,
1021 2188 1202 2236 volens

299 2277 505 2313 servare
524 2260 731 2307 Paulum
743 2292 758 2319 ,
789 2258 1047 2317 prohibuit
1063 2256 1202 2313 fleri3

295 2332 543 2393 jnssitque
563 2340 681 2389 eos,
711 2327 796 2386 qui
822 2327 1029 2384 possent
1057 2326 1205 2370 nata-

301 2418 386 2462 re,
417 2399 644 2449 emittere
671 2409 726 2446 se
756 2394 974 2453 primos,
1006 2395 1056 2439 et
1082 2404 1205 2439 eva-

303 2472 440 2529 dere,
461 2469 512 2515 et
529 2466 593 2513 ad
609 2467 798 2513 terram
816 2462 958 2509 exire
973 2474 987 2519 ;

369 2540 452 2584 44.
489 2536 540 2583 et
559 2534 788 2581 caeteros
819 2530 947 2576 alios
977 2528 1032 2574 in
1059 2528 1207 2575 tabu·-

305 2608 366 2653 lis
387 2602 648 2659 ferebant3
679 2598 919 2658 quosdam
947 2608 1098 2654 super
1128 2607 1206 2653 ea,

305 2686 432 2730 quae
444 2673 504 2719 de
517 2670 637 2722 navi
648 2668 808 2716 erant.
843 2664 912 2710 Et
931 2663 1002 2710 sic
1021 2663 1208 2709 factum

308 2742 400 2797 est,
419 2741 476 2785 ut
495 2740 699 2785 omnes⁰
717 2733 913 2781 animae
934 2729 1211 2777 evaderent

308 2806 371 2855 ad
389 2806 590 2853 terram.

528 2925 569 2973 C
580 2923 625 2971 A
637 2922 697 2972 Ρ.
746 2920 990 2975 XXVIII.

1244 295 1377 336 fidem
1402 292 1451 332 in
1480 287 1662 328 Christo
1690 282 1939 326 habendam
1968 281 2153 335 praedi-

1240 353 1331 392 cat.
1361 345 1489 388 Finis
1514 341 1804 383 historiarum
1825 335 2152 392 apostolorum,

1246 405 1327 448 sed
1353 415 1441 443 non
1468 400 1590 440 vitae
1617 394 1779 442 Pauli,
1819 406 1933 448 quae
1962 396 2154 444 augetur

1532 451 1871 496 traditionibus.

1315 545 1361 588 1.
1404 541 1469 586 Et
1498 552 1610 585 cum
1638 535 2003 591 evasissemus,
2034 535 2155 577 tunc

1250 608 1611 668 cognovimus,
1639 603 1758 662 quia
1784 600 1966 647 Melita
1992 599 2159 646 insula

1252 677 1540 725 vocabatur.
1608 669 1820 717 Barbari
1855 681 1981 714 vero
2008 680 2158 726 prae-

1252 745 1448 793 stabant
1477 755 1583 788 non
1606 738 1857 786 modicam
1876 735 2157 781 humanita-

1252 815 1350 859 tem
1372 810 1537 857 nobis.

1321 882 1367 925 2.
1404 879 1633 924 Accensa
1652 873 1788 920 enim
1806 882 1953 930 pyra,
1963 868 2161 916 reficie-

1255 948 1375 995 bant
1392 957 1489 990 nos
1510 954 1685 989 omnes
1705 941 1913 996 propter
1932 937 2162 994 imbrem,

1257 1016 1342 1074 qui
1361 1013 1665 1068 imminebat,
1688 1009 1741 1053 et
1757 1006 1928 1062 frig-us.

1325 1083 1371 1128 3.
1418 1081 1542 1125 Cum
1590 1071 1945 1134 congregasset
1990 1072 2166 1115 autem

1256 1148 1443 1196 Paulus
1464 1145 1833 1192 sarmentorum
1851 1137 2167 1194 aliquantam

1257 1214 1644 1272 multitudinem,
1666 1212 1716 1256 et
1734 1205 2051 1266 imposuisset
2069 1216 2163 1248 su-

1259 1285 1565 1344 perignem,
1596 1279 1772 1337 vipera
1802 1288 1833 1320 a
1862 1272 2030 1320 calore
2050 1284 2165 1316 cum

1260 1348 1610 1410 processisset,
1623 1343 1811 1392 invasit
1822 1353 2025 1387 manum
2036 1339 2163 1396 ejus.

1326 1438 1374 1481 4.
1422 1435 1486 1480 Ut
1523 1443 1647 1478 vero
1684 1427 1926 1474 viderunt
1958 1422 2169 1469 Barbari

1260 1502 1564 1562 pendentem
1573 1497 1784 1545 bestiam
1796 1494 1858 1540 de
1875 1505 2027 1538 manu
2038 1490 2167 1548 eius,

1262 1571 1325 1616 ad
1343 1569 1565 1615 invicem
1584 1564 1840 1611 dicebant:
1870 1560 2055 1616 Utique
2075 1557 2169 1602 ho-

1262 1636 1447 1684 micida
1483 1637 1561 1680 est
1598 1633 1747 1678 homo
1785 1629 1870 1675 hic
1883 1656 1899 1686 ,
1940 1626 2028 1684 qni
2065 1638 2175 1672 eum

1266 1703 1487 1752 evaserit
1507 1701 1567 1747 de
1586 1697 1740 1756 mari,
1769 1695 1899 1742 ultio
1929 1706 2040 1740 non
2059 1691 2176 1738 sinit

1267 1787 1381 1820 eum
1402 1771 1593 1817 vivere.

1335 1843 1381 1886 5.
1424 1837 1494 1884 Et
1538 1834 1627 1882 ille
1672 1832 1873 1891 quidem
1910 1829 2175 1876 excutiens

1268 1907 1477 1955 bestiam
1497 1904 1552 1951 in
1570 1903 1759 1962 ignem,
1772 1897 1903 1945 nihil
1919 1896 2046 1944 mali
2063 1908 2178 1954 pas-

1269 1988 1354 2023 sus
1375 1962 1497 2021 ests
1500 2005 1513 2019 .

1338 2045 1384 2088 6.
1419 2042 1487 2087 At
1511 2039 1590 2086 illi
1617 2034 1979 2085 existimabant
1997 2046 2113 2079 eum
2128 2032 2181 2077 in

1268 2113 1519 2157 tumorem
1540 2102 1961 2159 convertendum,
1975 2102 2027 2146 et
2047 2100 2182 2145 subi-

1269 2180 1323 2223 to
1346 2188 1594 2234 casurum,
1616 2175 1666 2221 et
1683 2171 1831 2217 mori.
1888 2168 1997 2213 Diu
2015 2169 2185 2212 autem

1272 2245 1373 2291 illis
1387 2240 1815 2301 exspectantibus,
1830 2238 1883 2283 et
1897 2235 2185 2281 videntibus

1270 2313 1401 2359 nihil
1418 2310 1537 2357 mali
1556 2310 1610 2355 in
1630 2321 1693 2355 eo
1714 2305 1850 2365 fieri,
1872 2304 2187 2349 converten-

1272 2384 1349 2427 tes
1368 2394 1441 2439 se,
1456 2377 1691 2424 dicebant
1706 2386 1819 2423 eum
1841 2384 1957 2418 esse
1968 2370 2186 2416 Deumg.

1342 2464 1388 2507 7.
1424 2464 1483 2507 In
1520 2460 1649 2507 locis
1686 2459 1854 2505 autem
1890 2454 1998 2501 illis
2042 2454 2191 2499 erant

1274 2530 1481 2590 praedia
1490 2526 1735 2586 principis
1745 2522 1965 2581 insulae,
1978 2521 2189 2568 nomine

1274 2596 1439 2645 Publii
1452 2626 1467 2656 ‚
1488 2596 1688 2654 quinos
1708 2590 1994 2648 suscipiens
2016 2588 2187 2635 triduo

1274 2665 1493 2723 benigne
1515 2661 1759 2711 exhibuit.

1343 2735 1390 2778 8.
1428 2730 1657 2789 Contigit
1673 2729 1855 2785 autem,
1878 2729 2079 2784 patrem
2088 2724 2188 2769 Pu-

1278 2800 1366 2848 blii
1385 2798 1609 2845 febribus
1635 2798 1686 2843 et
1714 2793 2009 2853 dysenteria
2028 2802 2189 2837 vexa-

1276 2871 1381 2915 tum
1395 2868 1585 2923 jacere.
1636 2864 1712 2908 Ad
1730 2875 1879 2919 quem
1897 2859 2085 2906 Paulus
2103 2856 2188 2901 in-

1277 2934 1459 2991 travit3
1482 2934 1533 2979 et
1552 2945 1663 2978 cum
1692 2930 1917 2986 orasset,
1954 2930 2005 2973 et
2021 2926 2189 2981 impo-

309 3022 481 3069 Paulus
502 3022 550 3063 in
571 3018 759 3063 insulam
769 3019 972 3063 Melitam
992 3014 1211 3073 appulsus
1280 3002 1463 3049 suisset
1482 3000 1531 3046 ei
1547 3011 1741 3056 manus,
1764 2995 1985 3043 salvavit
2003 3006 2119 3040 eum
2129 2983 2173 3034 '¹-

309 3082 415 3125 iude
435 3081 620 3121 Romam
637 3076 775 3126 venit,
790 3076 868 3117 ubi
885 3088 969 3130 per
985 3074 1210 3117 biennium

357 3170 376 3197 d
394 3174 419 3207 2
437 3167 529 3203 Cor.
550 3170 607 3207 11,
625 3166 684 3201 2⁵.
731 3170 748 3190 θ
765 3174 804 3199 v,
822 3166 880 3199 22.
897 3165 958 3200 34.

432 3318 544 3381 Cap.

1324 3107 1351 3143 f
1366 3110 1493 3147 Marc.
1512 3111 1579 3150 16,
1608 3109 1667 3144 18.
1716 3110 1741 3141 6
1759 3117 1795 3147 c,
1812 3107 1884 3147 14,
1912 3108 1973 3141 10.
2024 3100 2042 3128 ⁷⁸
2060 3102 2187 3138 Marc.

1280 3160 1339 3200 16,
1358 3160 1415 3195 18.
1446 3155 1527 3191 Jac.
1544 3158 1581 3196 5,
1602 3158 1663 3189 14.
1684 3164 1771 3199 sqq.

581 3309 789 3353 XXVII.
865 3312 933 3350 36.
971 3308 1329 3363 adsumpserunt.
1405 3310 1475 3348 40.
1524 3302 1845 3353 abstulissent3
1884 3299 1995 3344 ibid.
2032 3298 2194 3339 flatum

320 3386 476 3421 ειιιεειος
495 3369 604 3413 thid.
624 3368 685 3409 ad
703 3366 827 3407 litus.
885 3368 953 3405 41.
983 3362 1291 3406 bithalassum.
1350 3364 1419 3402 43.
1452 3361 1634 3403 mittere
1654 3372 1701 3401 se
1722 3358 1769 3399 in
1788 3369 1914 3400 mare
1938 3355 2112 3410 primos
2132 3355 2192 3393 et-

321 3432 388 3469 44.
429 3431 595 3469 essent.

724 3418 954 3461 xxvnl.
1035 3422 1074 3458 1.
1112 3420 1218 3470 quia
1254 3414 1459 3459 Militene
1498 3414 1649 3457 insula
1679 3417 1879 3455 vocatur.
1951 3415 1995 3453 2.
2035 3418 2195 3465 pruna·

323 3482 362 3521 6.
405 3480 540 3524 Deest
569 3478 860 3531 aliquantam.
925 3477 967 3513 4.
1008 3470 1135 3513 homo
1165 3474 1277 3523 iste3
1304 3470 1413 3513 ibid.
1442 3470 1554 3513 ultio
1583 3484 1683 3513 eum
1709 3482 1800 3511 non
1830 3467 2005 3509 dimisit
2029 3466 2195 3507 vivere-

323 3536 363 3572 3.
397 3535 705 3587 sperantibus;
726 3530 834 3575 ibid.
855 3530 902 3571 in
921 3540 1020 3569 eum
1039 3528 1150 3569 fieri.
1212 3530 1237 3569 '1
1244 3557 1254 3567 .
1282 3525 1438 3581 Puplii
1462 3524 1547 3581 (eie
1564 3525 1707 3569 etiam
1722 3521 1894 3579 infra)-
