2376 3925
347 142 446 193 328

347 259 450 291 nou
507 244 825 290 crediderunt
879 243 1104 293 veritati,
1159 241 1245 287 sed

349 313 715 358 consenserunt
732 309 984 365 iniquitati
995 317 1033 355 θ.

417 380 438 421 1
451 381 494 421 2.
515 380 619 422 Nos
631 378 796 422 autem
809 377 1042 422 debemus
1059 375 1247 432 gratias

349 459 499 503 agere
510 444 620 489 Deo
641 456 838 501 semper
857 456 950 500 pro
965 444 1124 500 vobis,
1139 444 1247 487 fra-

345 518 450 557 tres
471 510 640 555 dilecti
658 511 827 568 aDeo,
841 510 974 567 quod
993 509 1246 566 elegeritP

346 591 440 623 vos
475 578 612 623 Deus
647 576 890 635 primitias
928 578 982 622 in
1017 576 1244 634 salutem,

349 646 400 689 in
430 645 826 691 sanctificatione
853 643 1086 702 spiritus,
1115 646 1167 689 et
1193 644 1246 687 iu

345 712 442 759 fide
463 712 716 769 veritatis3

415 781 496 824 13.
531 780 584 825 in
613 792 710 835 qua
736 781 786 823 et
804 776 1006 822 vocavit
1036 788 1128 821 vos
1155 790 1247 833 per

345 846 679 905 Evangelium
699 844 1008 901 nostrum,in
1027 844 1247 899 acquisi-

345 914 536 960 tionem
557 913 748 971 gloriae
760 911 964 956 Domini
982 911 1146 956 nostri
1157 912 1186 955 J
1191 925 1245 956 e-

346 995 404 1026 su
426 979 624 1025 Christi.

416 1048 494 1091 14.
529 1048 700 1101 Itaque
713 1076 727 1105 ‚
761 1046 964 1103 fratres,
1005 1044 1155 1091 state!
1197 1048 1247 1090 et

344 1116 512 1159 tenete
522 1112 836 1170 traditiones,
850 1126 971 1169 quas
984 1112 1244 1169 didicistis,

345 1181 454 1225 sive
475 1192 563 1237 per
582 1193 883 1239 sermonem,
897 1180 1004 1225 sive
1025 1193 1114 1238 per
1136 1178 1244 1237 epi-

346 1246 526 1293 stolam
547 1249 770 1293 nostram
781 1250 819 1291 q.

414 1317 494 1360 15.
530 1317 642 1371 lpse
672 1316 837 1359 autem
864 1311 1110 1358 Dominus
1145 1325 1243 1356 no-

347 1386 450 1427 ster
479 1383 626 1426 Jesus
659 1381 913 1437 Christus,
953 1382 1004 1425 et
1031 1380 1167 1424 Deus
1197 1382 1247 1424 et

343 1450 493 1493 Pater
511 1451 714 1505 noster,
743 1447 827 1502 qui
857 1446 1033 1491 dilexit
1051 1459 1172 1504 nos,
1196 1450 1247 1490 et

346 1514 482 1559 dedit
501 1513 898 1559 consolationem
918 1515 1173 1557 aeternam
1196 1515 1245 1557 et

345 1594 483 1638 spem
501 1583 686 1625 bonam
706 1580 759 1623 in
779 1578 958 1636 gratia,

413 1650 492 1692 16.
530 1647 828 1693 exhortetur
865 1644 1019 1691 corda
1056 1650 1242 1704 vestra,

346 1720 396 1760 et
433 1715 692 1761 confirmet
726 1714 779 1758 in
819 1713 954 1759 omni
1001 1727 1156 1772 opere
1196 1716 1246 1759 et

345 1796 577 1828 sermone
598 1784 750 1828 bono.

643 1912 813 1964 GAP.
853 1912 943 1964 111.

341 2013 568 2065 flagitat,
597 2017 646 2054 ut
674 2025 754 2066 pro
783 2026 831 2053 se
859 2026 1016 2066 preces
1035 2013 1243 2061 fundant,

343 2068 567 2116 hortatur,
597 2072 646 2107 ut
664 2067 842 2117 fugiant
865 2065 1144 2108 Christianos
1164 2080 1243 2108 no-

399 2121 548 2163 lentes
567 2133 761 2168 servare,
782 2131 894 2172 quae
913 2121 1184 2162 instituerat.

411 2214 457 2256 1.
493 2213 570 2256 De
600 2214 831 2270 caetero,
860 2212 1067 2258 tratres!
1099 2216 1242 2260 orate

341 2292 435 2337 pro
456 2278 602 2325 nobis
615 2284 660 2335 ’ς
691 2280 748 2323 ut
766 2292 932 2324 sermo
951 2281 1052 2328 Dei
1075 2286 1244 2326 currat

343 2349 394 2392 et
414 2345 736 2405 clarificetur,
758 2346 886 2391 sicut
906 2349 956 2392 et
974 2347 1104 2404 apud
1125 2362 1241 2405 vos;

407 2416 455 2460 2.
483 2416 534 2459 et
555 2416 607 2459 ut
624 2412 894 2460 liberemur
914 2417 973 2460 ab
995 2413 1241 2471 importu-

341 2482 420 2527 nis
459 2484 510 2528 et
552 2481 696 2527 malis
742 2481 1082 2539 hominibus-'3
1136 2495 1246 2527 non

343 2550 476 2594 enim
496 2549 716 2594 omnium
737 2551 813 2594 est
831 2549 968 2594 fides.

408 2617 453 2660 3.
489 2616 678 2662 Fidelis
699 2619 862 2662 autem
881 2616 1018 2660 Deus
1040 2619 1134 2676 est,
1156 2616 1243 2672 qui

343 2684 655 2729 confirmabit
692 2696 801 2742 vos,
840 2684 890 2728 et
926 2683 1176 2728 custodiet
1211 2696 1241 2728 a

341 2749 471 2794 malo
486 2748 518 2793 t·

406 2817 453 2858 4.
491 2816 794 2862 Confidimus
822 2819 987 2862 autem
1015 2815 1075 2861 de
1098 2816 1241 2862 vobis

341 2881 392 2925 in
411 2880 630 2926 Domino
644 2913 658 2940 ‚
690 2884 922 2938 quoniam
943 2896 1068 2939 quae
1088 2897 1239 2940 prae-

341 2947 566 3004 cipimus,
588 2951 638 2992 et
656 2950 836 3008 facitis,
859 2954 909 2996 et
927 2950 1140 2997 facietis.
1161 2957 1186 2990 0

385 3051 402 3068 ⁰
418 3041 554 3081 Joh.3‚
567 3046 693 3079 1220.
741 3051 764 3076 P
782 3044 889 3091 Eph.
902 3047 983 3087 1,4.
1024 3053 1040 3079 ⁴2
1061 3051 1079 3080 1
1091 3044 1239 3081 Thess.

336 3093 385 3132 4,
404 3094 436 3125 1.
462 3093 485 3123 2
503 3087 607 3124 Tim.
624 3092 669 3130 3,
691 3091 754 3124 14.
802 3097 820 3115 ἲ
841 3091 928 3125 Col.
947 3097 994 3132 4,
1012 3096 1048 3127 3.
1099 3097 1112 3116 ¹
1133 3089 1180 3128 cs.
1202 3103 1234 3125 c.

335 3139 374 3174 2.
392 3138 429 3170 2.
447 3139 482 3171 3.
515 3139 550 3175 1,
568 3136 606 3170 4.
653 3136 672 3158 ἲ
691 3139 709 3168 l
729 3133 875 3171 Thess.
893 3139 930 3179 5,
948 3139 1008 3172 24.
1035 3134 1238 3178 Phil.1‚6.

451 3280 563 3334 Cap.
593 3278 687 3320 11..
726 3283 796 3323 12.
825 3285 871 3322 et
897 3282 988 3324 fide
1023 3286 1233 3326 veritatis
1270 3288 1411 3340 (deest
1447 3287 1531 3340 in).
1595 3290 1661 3327 13.
1693 3288 1739 3328 in
1776 3289 2080 3340 quisitionem.
2140 3292 2197 3330 ss·

877 3335 966 3377 111.
1023 3341 1062 3378 3.
1093 3340 1337 3390 Dominus3
1374 3340 1481 3383 ibid.
1522 3343 1814 3383 confirmavit.
1882 3347 1923 3385 Ἰ.
1954 3347 2045 3400 ipsi
2084 3345 2199 3386 scitis

341 3392 482 3439 (deest
508 3391 666 3443 enim).
725 3393 764 3431 8.
794 3390 842 3430 in
868 3389 1024 3433 labore
1051 3398 1098 3434 et
1127 3395 1398 3448 fatigatione
1427 3398 1569 3450 (deest
1584 3398 1645 3444 in,
1669 3399 1815 3439 alteru
1838 3400 1981 3455 loco).
2044 3406 2105 3444 12
2138 3399 2197 3440 hi·

337 3336 594 3378 traditionis
635 3333 758 3387 (sic).

340 3449 484 3483 autem
505 3445 592 3496 qui.
655 3448 718 3485 14.
750 3449 904 3488 notate
925 3450 971 3487 et
989 3460 1091 3488 non.

550 140 779 193 EPIS'r.
817 140 1028 191 PAULI
1063 140 1158 190 AD
1196 138 1644 191 THESSALON.
1680 140 1743 189 11.
1784 140 1937 189 CAP.
1962 141 2013 189 2.
2036 142 2088 191 3.

1381 243 1426 285 5.
1447 240 1695 286 Dominus
1710 242 1871 286 autem
1896 242 2087 299 dirigat
2105 258 2222 289 cor-

1315 306 1381 352 da·
1394 310 1564 352 vestra
1584 308 1637 352 in
1658 307 1898 353 charitate
1918 308 2035 368 Dei,
2063 313 2115 355 et
2134 324 2222 367 pa-

1312 374 1492 419 tientia
1511 374 1712 420 Christi.

1380 444 1427 485 6.
1464 441 1839 486 Denunciamns
1866 446 2035 487 autem
2057 446 2217 501 vobis,

1314 510 1517 565 fratres,
1538 508 1591 553 in
1610 508 1818 553 nomine
1828 509 2034 553 Domini
2056 512 2219 555 nostri

1314 577 1345 620 J
1347 589 1436 620 esu
1456 575 1665 633 Christi,
1693 577 1751 621 ut
1768 577 2109 621 subtrahatisu
2129 591 2216 622 vos

1316 644 1375 688 ab
1406 642 1543 687 omni
1572 644 1728 687 fratre
1757 643 2046 689 ambulante
2076 644 2213 689 inor-

1315 710 1500 767 dinate,
1514 712 1680 755 etnon
1690 709 1965 755 secundum
1985 711 2213 756 traditio-

1313 790 1445 833 nem,
1469 789 1615 831 quam
1634 780 1941 833 acceperunt
1960 791 1990 821 a
2007 779 2168 823 nobis.

1380 844 1427 886 ⁶1.
1448 844 1551 899 Ipsi
1572 844 1705 888 enim
1726 843 1881 901 scitis,
1894 845 2212 900 quemadmo-

1314 909 1429 954 dum
1448 914 1682 967 oporteat
1700 910 1885 956 imitari
1904 924 2032 969 nos,
2055 925 2213 968 quon-

1313 977 1411 1022 iam
1456 989 1561 1022 non
1605 978 1819 1034 inquieti
1864 978 2048 1023 fuimus
2084 979 2215 1025 inter

1315 1058 1431 1101 vos;

1380 1114 1425 1155 8.
1446 1124 1609 1167 neque
1630 1112 1787 1169 gratis
1805 1125 1981 1169 panem
1996 1115 2211 1159 mandu-

1314 1178 1533 1224 cavimus
1554 1181 1614 1223 ab
1634 1179 1823 1239 aliquo,
1840 1180 1925 1224 sed
1945 1180 1994 1223 in
2013 1179 2207 1231 labore.

1313 1248 1363 1291 et
1396 1246 1448 1289 in
1486 1245 1811 1305 fatigatione,
1858 1250 2007 1293 nocte
2042 1250 2093 1292 et
2129 1248 2208 1293 die

1314 1314 1582 1369 operantes
1594 1320 1633 1372 ν,
1687 1326 1753 1358 ne
1799 1326 1946 1370 quem
1995 1316 2207 1361 vestrum

1312 1393 1653 1438 gravaremus.

1379 1450 1425 1491 9.
1460 1448 1576 1493 Non
1594 1447 1739 1503 quasi
1765 1460 1869 1492 non
1895 1447 2203 1494 habuerimus

1311 1515 1611 1571 potestatem
1621 1519 1686 1572 ¹03
1700 1514 1789 1559 sed
1796 1517 1852 1559 ut
1864 1518 2066 1561 nosmet
2077 1516 2203 1573 ipsos

1312 1583 1525 1626 formam
1560 1581 1789 1627 daremus
1826 1582 1975 1627 vobis
2012 1583 2075 1627 ad
2102 1583 2203 1629 imi-

1311 1648 1514 1693 tandum
1533 1660 1644 1694 nos.

1378 1716 1459 1759 1⁰.
1492 1716 1619 1760 Nam
1638 1718 1689 1761 et
1707 1728 1815 1760 cum
1838 1729 2065 1762 essemus
2087 1718 2201 1774 apud

1314 1795 1422 1840 vos,
1461 1782 1559 1828 hoc
1589 1782 2013 1829 denunciabamus
2044 1785 2197 1838 vobis;

1311 1847 1545 1905 quoniam
1564 1849 1608 1894 si
1626 1850 1735 1905 quis
1755 1862 1861 1895 non
1875 1850 1985 1897 vult
1997 1852 2199 1909 operari,

1309 1931 1404 1962 nec
1423 1916 1687 1962 manducet
1696 1922 1737 1962 ⁸.

1378 1986 1459 2028 11.
1494 1984 1786 2030 Audivimus
1806 1985 1943 2030 enim
1963 1986 2093 2032 inter
2118 2000 2199 2032 vos

1311 2051 1551 2108 quosdam
1576 2051 1830 2098 ambulare
1862 2053 2109 2113 inquiete,
2128 2055 2199 2098 ni-

1310 2119 1383 2163 hil
1404 2121 1701 2178 operantes,
1723 2119 1810 2166 sed
1830 2120 2034 2167 curiose
2054 2135 2201 2179 agen-

1309 2189 1401 2231 tes.

1377 2255 1458 2297 12.
1510 2252 1577 2298 Iis
1617 2254 1798 2310 autem,
1836 2254 1926 2309 qui
1965 2255 2203 2312 ejusmodi

1310 2322 1452 2377 sunt,
1492 2319 1846 2365 denunciamus
1886 2323 1937 2366 et
1975 2324 2203 2368 obsecra-

1309 2399 1417 2430 mus
1436 2386 1489 2430 in
1508 2386 1727 2431 Domino
1745 2387 1869 2432 Jesu
1899 2388 2101 2434 Christo
2116 2421 2130 2449 ,
2162 2391 2205 2434 ut

1312 2467 1421 2497 cum
1441 2452 1643 2498 silentio
1666 2456 1936 2510 operantes
1958 2469 2101 2501 suum
2123 2470 2201 2514 pa-

1311 2533 1422 2564 nem
1444 2520 1798 2565 manducenty.

1376 2587 1456 2630 13.
1490 2587 1595 2631 Vos
1616 2591 1795 2645 autem,
1817 2589 2029 2647 fratres,
2048 2590 2203 2636 nolite

1309 2652 1521 2698 deficere
1544 2653 1917 2700 benefacientes
1928 2661 1967 2700 ².

1376 2721 1454 2764 14.
1494 2720 1640 2772 Quod
1676 2721 1721 2764 si
1758 2722 1869 2776 quis
1906 2735 2015 2767 non
2042 2723 2203 2770 obedit
2313 2743 2314 2787 χ

1312 2788 1463 2832 verbo
1481 2789 1657 2831 nostro
1675 2800 1769 2842 per
1782 2788 2064 2848 epistolam,
2078 2791 2203 2836 hunc

1306 2856 1495 2911 notate,
1510 2856 1560 2898 et
1579 2867 1643 2898 ne
1658 2855 2081 2902 commisceamini
2102 2869 2203 2904 cum

1306 2920 1396 2965 illo
1409 2927 1450 2978 α,
1472 2923 1525 2965 ut
1544 2921 1907 2978 confundatur-3

1352 3006 1372 3023 ¹⁴
1390 3009 1429 3032 v.
1450 3001 1509 3035 14.
1528 2998 1645 3034 Rom.
1666 3002 1732 3042 16,
1762 3005 1820 3037 17.
1870 3008 1890 3026 ⁹
1910 3007 1931 3036 1
1950 3000 2093 3038 Thess.
2114 3007 2157 3044 2,
2172 3007 2203 3036 ⁹.

1306 3049 1363 3080 10.
1413 3051 1443 3070 ⁸⁰
1464 3049 1485 3080 1
1507 3043 1596 3080 cor.
1616 3050 1660 3087 9,
1680 3049 1738 3081 14.
1764 3046 1867 3082 Luc.
1887 3052 1958 3091 10,
1977 3053 2012 3086 7.
2060 3055 2089 3074 ⁸⁷
2113 3049 2201 3086 Gen.

1304 3095 1436 3173 32³3..
1500 3099 1524 3125 5
1542 3096 1563 3127 1
1582 3090 1731 3128 Thess.
1756 3096 1803 3135 4,
1832 3098 1907 3130 11.·
1950 3101 1967 3118 ⁸
1990 3093 2079 3131 Gal.
2104 3098 2147 3138 6,
2170 3097 2201 3130 9·
