<?xml version="1.0" encoding="UTF-8"?>
<!DOCTYPE html PUBLIC "-//W3C//DTD XHTML 1.0 Transitional//EN"
    "http://www.w3.org/TR/xhtml1/DTD/xhtml1-transitional.dtd">
<html xmlns="http://www.w3.org/1999/xhtml" xml:lang="en" lang="en">
 <head>
  <title>
</title>
<meta http-equiv="Content-Type" content="text/html;charset=utf-8" />
  <meta name='ocr-system' content='tesseract 3.04.00' />
  <meta name='ocr-capabilities' content='ocr_page ocr_carea ocr_par ocr_line ocrx_word'/>
</head>
<body>
  <div class='ocr_page' id='page_1' title='image "./novumtestamentu01flecgoog_0273.png"; bbox 0 0 2376 3925; ppageno 0'>
   <div class='ocr_carea' id='block_1_1' title="bbox 488 165 1795 221">
    <p class='ocr_par' dir='ltr' id='par_1_1' title="bbox 488 165 1795 221">
     <span class='ocr_line' id='line_1_1' title="bbox 488 165 1795 221; baseline 0.004 -5"><span class='ocrx_word' id='word_1_1' title='bbox 488 168 749 219; x_wconf 72' lang='lat' dir='ltr'><strong>Ac&#39;rUS</strong></span> <span class='ocrx_word' id='word_1_2' title='bbox 785 165 1432 218; x_wconf 82' lang='lat' dir='ltr'><strong>APOSTOLORUM.</strong></span> <span class='ocrx_word' id='word_1_3' title='bbox 1506 171 1674 221; x_wconf 89' lang='lat' dir='ltr'><strong>CAP.</strong></span> <span class='ocrx_word' id='word_1_4' title='bbox 1715 174 1795 221; x_wconf 83' lang='lat'><strong>11.</strong></span> 
     </span>
    </p>
   </div>
   <div class='ocr_carea' id='block_1_2' title="bbox 188 271 1108 3005">
    <p class='ocr_par' dir='ltr' id='par_1_2' title="bbox 192 271 1108 529">
     <span class='ocr_line' id='line_1_2' title="bbox 270 271 1105 316; baseline 0.001 -2"><span class='ocrx_word' id='word_1_5' title='bbox 270 273 319 314; x_wconf 86' lang='lat'><strong>2.</strong></span> <span class='ocrx_word' id='word_1_6' title='bbox 358 271 479 315; x_wconf 84' lang='lat' dir='ltr'><strong>Cum</strong></span> <span class='ocrx_word' id='word_1_7' title='bbox 496 274 664 316; x_wconf 90' lang='lat' dir='ltr'><strong>autem</strong></span> <span class='ocrx_word' id='word_1_8' title='bbox 681 271 990 316; x_wconf 84' lang='lat' dir='ltr'><strong>ascendisset</strong></span> <span class='ocrx_word' id='word_1_9' title='bbox 1007 271 1105 315; x_wconf 85' lang='lat' dir='ltr'><strong>Pe-</strong></span> 
     </span>
     <span class='ocr_line' id='line_1_3' title="bbox 192 337 1108 396; baseline 0 -14"><span class='ocrx_word' id='word_1_10' title='bbox 192 341 311 382; x_wconf 88' lang='lat' dir='ltr'><strong>trus</strong></span> <span class='ocrx_word' id='word_1_11' title='bbox 348 337 727 396; x_wconf 81' lang='lat' dir='ltr'><strong>lerosolymam,</strong></span> <span class='ocrx_word' id='word_1_12' title='bbox 766 337 1108 394; x_wconf 77' lang='lat' dir='ltr'><strong>disceptabant</strong></span> 
     </span>
     <span class='ocr_line' id='line_1_4' title="bbox 194 405 1103 462; baseline 0 -12"><span class='ocrx_word' id='word_1_13' title='bbox 194 405 441 450; x_wconf 87' lang='lat' dir='ltr'><strong>adversus</strong></span> <span class='ocrx_word' id='word_1_14' title='bbox 462 405 603 449; x_wconf 91' lang='lat' dir='ltr'><strong>illum</strong></span> <span class='ocrx_word' id='word_1_15' title='bbox 615 434 630 462; x_wconf 95' lang='lat'><strong>,</strong></span> <span class='ocrx_word' id='word_1_16' title='bbox 652 405 736 460; x_wconf 90' lang='lat' dir='ltr'><strong>qui</strong></span> <span class='ocrx_word' id='word_1_17' title='bbox 754 408 899 449; x_wconf 87' lang='lat' dir='ltr'><strong>erant</strong></span> <span class='ocrx_word' id='word_1_18' title='bbox 917 418 983 450; x_wconf 85' lang='lat' dir='ltr'><strong>ex</strong></span> <span class='ocrx_word' id='word_1_19' title='bbox 1004 405 1103 450; x_wconf 91' lang='lat' dir='ltr'><strong>cir-</strong></span> 
     </span>
     <span class='ocr_line' id='line_1_5' title="bbox 195 465 556 529; baseline 0 -13"><span class='ocrx_word' id='word_1_20' title='bbox 195 471 509 517; x_wconf 87' lang='lat' dir='ltr'><strong>cumcisione</strong></span> <span class='ocrx_word' id='word_1_21' title='bbox 520 465 556 529; x_wconf 74' lang='lat'><strong>²,</strong></span> 
     </span>
    </p>

    <p class='ocr_par' dir='ltr' id='par_1_3' title="bbox 195 537 1106 718">
     <span class='ocr_line' id='line_1_6' title="bbox 267 537 1105 590; baseline 0 -8"><span class='ocrx_word' id='word_1_22' title='bbox 267 540 315 582; x_wconf 87' lang='grc'><strong>3.</strong></span> <span class='ocrx_word' id='word_1_23' title='bbox 353 539 580 584; x_wconf 89' lang='lat' dir='ltr'><strong>dicentes</strong></span> <span class='ocrx_word' id='word_1_24' title='bbox 595 550 605 582; x_wconf 92' lang='lat'><strong>:</strong></span> <span class='ocrx_word' id='word_1_25' title='bbox 621 537 785 590; x_wconf 76' lang='lat' dir='ltr'><strong>Quare</strong></span> <span class='ocrx_word' id='word_1_26' title='bbox 804 538 1030 584; x_wconf 73' lang='lat' dir='ltr'><strong>introisti</strong></span> <span class='ocrx_word' id='word_1_27' title='bbox 1042 538 1105 583; x_wconf 86' lang='lat' dir='ltr'><strong>ad</strong></span> 
     </span>
     <span class='ocr_line' id='line_1_7' title="bbox 196 605 1106 664; baseline 0 -14"><span class='ocrx_word' id='word_1_28' title='bbox 196 607 341 651; x_wconf 89' lang='lat' dir='ltr'><strong>viros</strong></span> <span class='ocrx_word' id='word_1_29' title='bbox 379 605 692 662; x_wconf 88' lang='lat' dir='ltr'><strong>praeputium</strong></span> <span class='ocrx_word' id='word_1_30' title='bbox 734 605 1003 664; x_wconf 91' lang='lat' dir='ltr'><strong>habentes,</strong></span> <span class='ocrx_word' id='word_1_31' title='bbox 1056 608 1106 650; x_wconf 89' lang='lat' dir='ltr'><strong>et</strong></span> 
     </span>
     <span class='ocr_line' id='line_1_8' title="bbox 195 671 843 718; baseline -0.003 0"><span class='ocrx_word' id='word_1_32' title='bbox 195 673 517 718; x_wconf 76' lang='lat' dir='ltr'><strong>manducasti</strong></span> <span class='ocrx_word' id='word_1_33' title='bbox 534 686 643 718; x_wconf 88' lang='lat' dir='ltr'><strong>cum</strong></span> <span class='ocrx_word' id='word_1_34' title='bbox 663 671 811 716; x_wconf 85' lang='lat' dir='ltr'><strong>illism</strong></span> <span class='ocrx_word' id='word_1_35' title='bbox 822 673 843 716; x_wconf 65' lang='grc' dir='ltr'><strong>’.ἱ</strong></span> 
     </span>
    </p>

    <p class='ocr_par' dir='ltr' id='par_1_4' title="bbox 195 739 1103 865">
     <span class='ocr_line' id='line_1_9' title="bbox 264 739 1103 796; baseline 0.001 -12"><span class='ocrx_word' id='word_1_36' title='bbox 264 743 317 784; x_wconf 79' lang='lat'><strong>4.</strong></span> <span class='ocrx_word' id='word_1_37' title='bbox 352 739 606 796; x_wconf 84' lang='lat' dir='ltr'><strong>Incipiens</strong></span> <span class='ocrx_word' id='word_1_38' title='bbox 626 744 789 784; x_wconf 88' lang='lat' dir='ltr'><strong>autem</strong></span> <span class='ocrx_word' id='word_1_39' title='bbox 806 739 989 784; x_wconf 85' lang='lat' dir='ltr'><strong>Petrus</strong></span> <span class='ocrx_word' id='word_1_40' title='bbox 1009 752 1103 785; x_wconf 80' lang='lat' dir='ltr'><strong>ex-</strong></span> 
     </span>
     <span class='ocr_line' id='line_1_10' title="bbox 195 806 1025 865; baseline -0.002 -13"><span class='ocrx_word' id='word_1_41' title='bbox 195 808 425 864; x_wconf 79' lang='lat' dir='ltr'><strong>ponebat</strong></span> <span class='ocrx_word' id='word_1_42' title='bbox 440 806 541 852; x_wconf 90' lang='lat' dir='ltr'><strong>illis</strong></span> <span class='ocrx_word' id='word_1_43' title='bbox 564 806 807 865; x_wconf 80' lang='lat' dir='ltr'><strong>ordinem,</strong></span> <span class='ocrx_word' id='word_1_44' title='bbox 831 806 1025 852; x_wconf 86' lang='lat' dir='ltr'><strong>dicens:</strong></span> 
     </span>
    </p>

    <p class='ocr_par' dir='ltr' id='par_1_5' title="bbox 196 873 1106 1265">
     <span class='ocr_line' id='line_1_11' title="bbox 271 873 1103 930; baseline -0.001 -12"><span class='ocrx_word' id='word_1_45' title='bbox 271 876 319 918; x_wconf 87' lang='grc'><strong>5.</strong></span> <span class='ocrx_word' id='word_1_46' title='bbox 337 873 484 930; x_wconf 74' lang='lat' dir='ltr'><strong>”Ego</strong></span> <span class='ocrx_word' id='word_1_47' title='bbox 506 887 643 918; x_wconf 87' lang='lat' dir='ltr'><strong>eram</strong></span> <span class='ocrx_word' id='word_1_48' title='bbox 660 873 715 918; x_wconf 91' lang='lat' dir='ltr'><strong>in</strong></span> <span class='ocrx_word' id='word_1_49' title='bbox 727 873 928 918; x_wconf 88' lang='lat' dir='ltr'><strong>civitate</strong></span> <span class='ocrx_word' id='word_1_50' title='bbox 939 874 1103 930; x_wconf 78' lang='lat' dir='ltr'><strong>Joppe</strong></span> 
     </span>
     <span class='ocr_line' id='line_1_12' title="bbox 198 939 1105 998; baseline -0.002 -12"><span class='ocrx_word' id='word_1_51' title='bbox 198 953 375 998; x_wconf 86' lang='lat' dir='ltr'><strong>orans,</strong></span> <span class='ocrx_word' id='word_1_52' title='bbox 404 943 455 985; x_wconf 89' lang='lat' dir='ltr'><strong>et</strong></span> <span class='ocrx_word' id='word_1_53' title='bbox 480 940 583 985; x_wconf 91' lang='lat' dir='ltr'><strong>vidi</strong></span> <span class='ocrx_word' id='word_1_54' title='bbox 610 941 665 984; x_wconf 89' lang='lat' dir='ltr'><strong>in</strong></span> <span class='ocrx_word' id='word_1_55' title='bbox 692 952 904 986; x_wconf 84' lang='lat' dir='ltr'><strong>excessu</strong></span> <span class='ocrx_word' id='word_1_56' title='bbox 922 939 1105 985; x_wconf 86' lang='lat' dir='ltr'><strong>mentis</strong></span> 
     </span>
     <span class='ocr_line' id='line_1_13' title="bbox 196 1007 1103 1065; baseline -0.001 -13"><span class='ocrx_word' id='word_1_57' title='bbox 196 1008 478 1065; x_wconf 82' lang='lat' dir='ltr'><strong>visionem,</strong></span> <span class='ocrx_word' id='word_1_58' title='bbox 506 1007 815 1053; x_wconf 85' lang='lat' dir='ltr'><strong>descendens</strong></span> <span class='ocrx_word' id='word_1_59' title='bbox 838 1020 923 1051; x_wconf 86' lang='lat' dir='ltr'><strong>vas</strong></span> <span class='ocrx_word' id='word_1_60' title='bbox 944 1007 1103 1062; x_wconf 73' lang='lat' dir='ltr'><strong>quod-</strong></span> 
     </span>
     <span class='ocr_line' id='line_1_14' title="bbox 200 1074 1104 1130; baseline 0 -12"><span class='ocrx_word' id='word_1_61' title='bbox 200 1075 321 1119; x_wconf 89' lang='lat' dir='ltr'><strong>dam</strong></span> <span class='ocrx_word' id='word_1_62' title='bbox 342 1075 475 1120; x_wconf 85' lang='lat' dir='ltr'><strong>velut</strong></span> <span class='ocrx_word' id='word_1_63' title='bbox 492 1074 703 1120; x_wconf 89' lang='lat' dir='ltr'><strong>linteum</strong></span> <span class='ocrx_word' id='word_1_64' title='bbox 726 1087 963 1130; x_wconf 89' lang='lat' dir='ltr'><strong>magnum</strong></span> <span class='ocrx_word' id='word_1_65' title='bbox 980 1087 1104 1130; x_wconf 89' lang='lat' dir='ltr'><strong>qua-</strong></span> 
     </span>
     <span class='ocr_line' id='line_1_15' title="bbox 197 1140 1106 1198; baseline -0.002 -12"><span class='ocrx_word' id='word_1_66' title='bbox 197 1147 324 1186; x_wconf 87' lang='lat' dir='ltr'><strong>tuor</strong></span> <span class='ocrx_word' id='word_1_67' title='bbox 344 1141 497 1186; x_wconf 88' lang='lat' dir='ltr'><strong>initiis</strong></span> <span class='ocrx_word' id='word_1_68' title='bbox 518 1141 757 1187; x_wconf 86' lang='lat' dir='ltr'><strong>summitti</strong></span> <span class='ocrx_word' id='word_1_69' title='bbox 776 1140 835 1186; x_wconf 85' lang='lat' dir='ltr'><strong>de</strong></span> <span class='ocrx_word' id='word_1_70' title='bbox 858 1140 1003 1186; x_wconf 88' lang='lat' dir='ltr'><strong>coelo</strong></span> <span class='ocrx_word' id='word_1_71' title='bbox 1016 1171 1031 1198; x_wconf 96' lang='lat'><strong>,</strong></span> <span class='ocrx_word' id='word_1_72' title='bbox 1056 1143 1106 1185; x_wconf 94' lang='lat' dir='ltr'><strong>et</strong></span> 
     </span>
     <span class='ocr_line' id='line_1_16' title="bbox 200 1208 727 1265; baseline 0.002 -13"><span class='ocrx_word' id='word_1_73' title='bbox 200 1208 348 1253; x_wconf 85' lang='lat' dir='ltr'><strong>venit</strong></span> <span class='ocrx_word' id='word_1_74' title='bbox 365 1221 519 1265; x_wconf 86' lang='lat' dir='ltr'><strong>usque</strong></span> <span class='ocrx_word' id='word_1_75' title='bbox 542 1209 602 1253; x_wconf 90' lang='lat' dir='ltr'><strong>ad</strong></span> <span class='ocrx_word' id='word_1_76' title='bbox 621 1222 727 1264; x_wconf 85' lang='lat' dir='ltr'><strong>me3</strong></span> 
     </span>
    </p>

    <p class='ocr_par' dir='ltr' id='par_1_6' title="bbox 198 1275 1104 1522">
     <span class='ocr_line' id='line_1_17' title="bbox 272 1275 1104 1331; baseline 0 -12"><span class='ocrx_word' id='word_1_77' title='bbox 272 1278 319 1319; x_wconf 84' lang='lat'><strong>6.</strong></span> <span class='ocrx_word' id='word_1_78' title='bbox 358 1276 413 1320; x_wconf 89' lang='lat' dir='ltr'><strong>in</strong></span> <span class='ocrx_word' id='word_1_79' title='bbox 431 1275 562 1331; x_wconf 90' lang='lat' dir='ltr'><strong>quod</strong></span> <span class='ocrx_word' id='word_1_80' title='bbox 578 1276 780 1320; x_wconf 89' lang='lat' dir='ltr'><strong>intuens</strong></span> <span class='ocrx_word' id='word_1_81' title='bbox 810 1275 1104 1321; x_wconf 88' lang='lat' dir='ltr'><strong>considera-</strong></span> 
     </span>
     <span class='ocr_line' id='line_1_18' title="bbox 198 1342 1102 1400; baseline -0.001 -11"><span class='ocrx_word' id='word_1_82' title='bbox 198 1347 343 1399; x_wconf 89' lang='lat' dir='ltr'><strong>bam,</strong></span> <span class='ocrx_word' id='word_1_83' title='bbox 374 1344 425 1386; x_wconf 89' lang='lat' dir='ltr'><strong>et</strong></span> <span class='ocrx_word' id='word_1_84' title='bbox 445 1342 543 1388; x_wconf 84' lang='lat' dir='ltr'><strong>vidi</strong></span> <span class='ocrx_word' id='word_1_85' title='bbox 561 1343 900 1400; x_wconf 80' lang='lat' dir='ltr'><strong>quadrupedia</strong></span> <span class='ocrx_word' id='word_1_86' title='bbox 916 1346 1102 1399; x_wconf 86' lang='lat' dir='ltr'><strong>terrae,</strong></span> 
     </span>
     <span class='ocr_line' id='line_1_19' title="bbox 201 1409 1103 1469; baseline 0 -15"><span class='ocrx_word' id='word_1_87' title='bbox 201 1415 255 1454; x_wconf 90' lang='lat' dir='ltr'><strong>et</strong></span> <span class='ocrx_word' id='word_1_88' title='bbox 274 1409 477 1467; x_wconf 78' lang='lat' dir='ltr'><strong>bestias,</strong></span> <span class='ocrx_word' id='word_1_89' title='bbox 500 1413 549 1454; x_wconf 88' lang='lat' dir='ltr'><strong>et</strong></span> <span class='ocrx_word' id='word_1_90' title='bbox 566 1409 784 1469; x_wconf 86' lang='lat' dir='ltr'><strong>reptilia,</strong></span> <span class='ocrx_word' id='word_1_91' title='bbox 806 1413 856 1456; x_wconf 88' lang='lat' dir='ltr'><strong>et</strong></span> <span class='ocrx_word' id='word_1_92' title='bbox 879 1409 1103 1456; x_wconf 84' lang='lat' dir='ltr'><strong>volatilia</strong></span> 
     </span>
     <span class='ocr_line' id='line_1_20' title="bbox 198 1475 352 1522; baseline -0.013 0"><span class='ocrx_word' id='word_1_93' title='bbox 198 1475 352 1522; x_wconf 87' lang='lat' dir='ltr'><strong>coeli.</strong></span> 
     </span>
    </p>

    <p class='ocr_par' dir='ltr' id='par_1_7' title="bbox 198 1543 1102 1724">
     <span class='ocr_line' id='line_1_21' title="bbox 270 1543 1102 1590; baseline 0.001 -3"><span class='ocrx_word' id='word_1_94' title='bbox 270 1545 318 1587; x_wconf 73' lang='lat'><strong>7.</strong></span> <span class='ocrx_word' id='word_1_95' title='bbox 353 1543 535 1589; x_wconf 86' lang='lat' dir='ltr'><strong>Audivi</strong></span> <span class='ocrx_word' id='word_1_96' title='bbox 560 1546 725 1589; x_wconf 87' lang='lat' dir='ltr'><strong>autem</strong></span> <span class='ocrx_word' id='word_1_97' title='bbox 758 1549 811 1589; x_wconf 90' lang='lat' dir='ltr'><strong>et</strong></span> <span class='ocrx_word' id='word_1_98' title='bbox 830 1557 1006 1590; x_wconf 89' lang='lat' dir='ltr'><strong>vocem</strong></span> <span class='ocrx_word' id='word_1_99' title='bbox 1026 1544 1102 1589; x_wconf 89' lang='lat' dir='ltr'><strong>di-</strong></span> 
     </span>
     <span class='ocr_line' id='line_1_22' title="bbox 199 1610 1102 1668; baseline -0.001 -12"><span class='ocrx_word' id='word_1_100' title='bbox 199 1614 401 1657; x_wconf 86' lang='lat' dir='ltr'><strong>centem</strong></span> <span class='ocrx_word' id='word_1_101' title='bbox 418 1611 563 1656; x_wconf 90' lang='lat' dir='ltr'><strong>mihi:</strong></span> <span class='ocrx_word' id='word_1_102' title='bbox 579 1611 757 1668; x_wconf 84' lang='lat' dir='ltr'><strong>Surge,</strong></span> <span class='ocrx_word' id='word_1_103' title='bbox 770 1610 942 1656; x_wconf 90' lang='lat' dir='ltr'><strong>Petre!</strong></span> <span class='ocrx_word' id='word_1_104' title='bbox 965 1611 1102 1657; x_wconf 89' lang='lat' dir='ltr'><strong>occi-</strong></span> 
     </span>
     <span class='ocr_line' id='line_1_23' title="bbox 198 1678 613 1724; baseline -0.007 0"><span class='ocrx_word' id='word_1_105' title='bbox 198 1679 262 1724; x_wconf 89' lang='lat' dir='ltr'><strong>de</strong></span> <span class='ocrx_word' id='word_1_106' title='bbox 284 1680 338 1722; x_wconf 87' lang='lat' dir='ltr'><strong>et</strong></span> <span class='ocrx_word' id='word_1_107' title='bbox 354 1678 613 1722; x_wconf 87' lang='lat' dir='ltr'><strong>manduca.</strong></span> 
     </span>
    </p>

    <p class='ocr_par' dir='ltr' id='par_1_8' title="bbox 193 1742 1104 1993">
     <span class='ocr_line' id='line_1_24' title="bbox 266 1742 1102 1799; baseline -0.004 -10"><span class='ocrx_word' id='word_1_108' title='bbox 266 1748 314 1789; x_wconf 89' lang='lat'><strong>8.</strong></span> <span class='ocrx_word' id='word_1_109' title='bbox 360 1744 485 1789; x_wconf 82' lang='lat' dir='ltr'><strong>Dixi</strong></span> <span class='ocrx_word' id='word_1_110' title='bbox 528 1745 719 1788; x_wconf 85' lang='lat' dir='ltr'><strong>autem:</strong></span> <span class='ocrx_word' id='word_1_111' title='bbox 764 1742 1102 1799; x_wconf 79' lang='lat' dir='ltr'><strong>Nequaquam,</strong></span> 
     </span>
     <span class='ocr_line' id='line_1_25' title="bbox 193 1809 1104 1865; baseline -0.007 -7"><span class='ocrx_word' id='word_1_112' title='bbox 193 1809 443 1858; x_wconf 88' lang='lat' dir='ltr'><strong>Domine!</strong></span> <span class='ocrx_word' id='word_1_113' title='bbox 475 1809 591 1865; x_wconf 84' lang='lat' dir='ltr'><strong>quia</strong></span> <span class='ocrx_word' id='word_1_114' title='bbox 619 1821 880 1854; x_wconf 90' lang='lat' dir='ltr'><strong>commune</strong></span> <span class='ocrx_word' id='word_1_115' title='bbox 905 1810 991 1853; x_wconf 88' lang='lat' dir='ltr'><strong>aut</strong></span> <span class='ocrx_word' id='word_1_116' title='bbox 1010 1809 1104 1853; x_wconf 86' lang='lat' dir='ltr'><strong>im-</strong></span> 
     </span>
     <span class='ocr_line' id='line_1_26' title="bbox 195 1875 1104 1931; baseline -0.007 -6"><span class='ocrx_word' id='word_1_117' title='bbox 195 1879 441 1925; x_wconf 85' lang='lat' dir='ltr'><strong>mundum</strong></span> <span class='ocrx_word' id='word_1_118' title='bbox 474 1887 742 1931; x_wconf 83' lang='lat' dir='ltr'><strong>numquam</strong></span> <span class='ocrx_word' id='word_1_119' title='bbox 784 1875 1016 1920; x_wconf 80' lang='lat' dir='ltr'><strong>introivit</strong></span> <span class='ocrx_word' id='word_1_120' title='bbox 1052 1875 1104 1920; x_wconf 89' lang='lat' dir='ltr'><strong>in</strong></span> 
     </span>
     <span class='ocr_line' id='line_1_27' title="bbox 198 1958 460 1993; baseline -0.019 0"><span class='ocrx_word' id='word_1_121' title='bbox 198 1961 257 1993; x_wconf 88' lang='lat' dir='ltr'><strong>os</strong></span> <span class='ocrx_word' id='word_1_122' title='bbox 277 1958 460 1993; x_wconf 88' lang='lat' dir='ltr'><strong>meum.</strong></span> 
     </span>
    </p>

    <p class='ocr_par' dir='ltr' id='par_1_9' title="bbox 196 2010 1103 2204">
     <span class='ocr_line' id='line_1_28' title="bbox 268 2010 1103 2069; baseline -0.002 -11"><span class='ocrx_word' id='word_1_123' title='bbox 268 2018 317 2058; x_wconf 85' lang='lat'><strong>9.</strong></span> <span class='ocrx_word' id='word_1_124' title='bbox 352 2010 632 2069; x_wconf 81' lang='lat' dir='ltr'><strong>Respondit</strong></span> <span class='ocrx_word' id='word_1_125' title='bbox 677 2013 841 2056; x_wconf 85' lang='lat' dir='ltr'><strong>autem</strong></span> <span class='ocrx_word' id='word_1_126' title='bbox 879 2023 984 2056; x_wconf 87' lang='lat' dir='ltr'><strong>vox</strong></span> <span class='ocrx_word' id='word_1_127' title='bbox 1020 2023 1103 2057; x_wconf 90' lang='lat' dir='ltr'><strong>se-</strong></span> 
     </span>
     <span class='ocr_line' id='line_1_29' title="bbox 196 2078 1103 2131; baseline -0.004 -4"><span class='ocrx_word' id='word_1_128' title='bbox 196 2081 365 2127; x_wconf 87' lang='lat' dir='ltr'><strong>cundo</strong></span> <span class='ocrx_word' id='word_1_129' title='bbox 387 2080 448 2125; x_wconf 90' lang='lat' dir='ltr'><strong>de</strong></span> <span class='ocrx_word' id='word_1_130' title='bbox 469 2078 614 2124; x_wconf 86' lang='lat' dir='ltr'><strong>coelo</strong></span> <span class='ocrx_word' id='word_1_131' title='bbox 630 2092 640 2123; x_wconf 92' lang='lat'><strong>:</strong></span> <span class='ocrx_word' id='word_1_132' title='bbox 658 2078 797 2131; x_wconf 76' lang='lat' dir='ltr'><strong>Quae</strong></span> <span class='ocrx_word' id='word_1_133' title='bbox 808 2078 945 2124; x_wconf 86' lang='lat' dir='ltr'><strong>Deus</strong></span> <span class='ocrx_word' id='word_1_134' title='bbox 957 2092 1103 2123; x_wconf 89' lang='lat' dir='ltr'><strong>mun-</strong></span> 
     </span>
     <span class='ocr_line' id='line_1_30' title="bbox 196 2145 1020 2204; baseline -0.004 -11"><span class='ocrx_word' id='word_1_135' title='bbox 196 2148 357 2204; x_wconf 82' lang='lat' dir='ltr'><strong>davit,</strong></span> <span class='ocrx_word' id='word_1_136' title='bbox 376 2149 431 2191; x_wconf 88' lang='lat' dir='ltr'><strong>tu</strong></span> <span class='ocrx_word' id='word_1_137' title='bbox 448 2160 514 2191; x_wconf 89' lang='lat' dir='ltr'><strong>ne</strong></span> <span class='ocrx_word' id='word_1_138' title='bbox 534 2159 795 2191; x_wconf 89' lang='lat' dir='ltr'><strong>commune</strong></span> <span class='ocrx_word' id='word_1_139' title='bbox 816 2145 1020 2191; x_wconf 87' lang='lat' dir='ltr'><strong>dixeris.</strong></span> 
     </span>
    </p>

    <p class='ocr_par' dir='ltr' id='par_1_10' title="bbox 194 2214 1102 2394">
     <span class='ocr_line' id='line_1_31' title="bbox 268 2214 1102 2270; baseline -0.001 -12"><span class='ocrx_word' id='word_1_140' title='bbox 268 2216 349 2258; x_wconf 80' lang='lat'><strong>1⁰.</strong></span> <span class='ocrx_word' id='word_1_141' title='bbox 384 2214 493 2259; x_wconf 90' lang='lat' dir='ltr'><strong>Hoc</strong></span> <span class='ocrx_word' id='word_1_142' title='bbox 512 2215 676 2259; x_wconf 86' lang='lat' dir='ltr'><strong>autem</strong></span> <span class='ocrx_word' id='word_1_143' title='bbox 704 2214 889 2258; x_wconf 84' lang='lat' dir='ltr'><strong>factum</strong></span> <span class='ocrx_word' id='word_1_144' title='bbox 916 2216 993 2258; x_wconf 91' lang='lat' dir='ltr'><strong>est</strong></span> <span class='ocrx_word' id='word_1_145' title='bbox 1010 2225 1102 2270; x_wconf 90' lang='lat' dir='ltr'><strong>per</strong></span> 
     </span>
     <span class='ocr_line' id='line_1_32' title="bbox 196 2280 1099 2337; baseline -0.004 -10"><span class='ocrx_word' id='word_1_146' title='bbox 196 2288 305 2336; x_wconf 76' lang='lat' dir='ltr'><strong>ter3</strong></span> <span class='ocrx_word' id='word_1_147' title='bbox 336 2283 384 2326; x_wconf 90' lang='lat' dir='ltr'><strong>et</strong></span> <span class='ocrx_word' id='word_1_148' title='bbox 410 2284 613 2337; x_wconf 87' lang='lat' dir='ltr'><strong>recepta</strong></span> <span class='ocrx_word' id='word_1_149' title='bbox 642 2283 759 2325; x_wconf 89' lang='lat' dir='ltr'><strong>sunt</strong></span> <span class='ocrx_word' id='word_1_150' title='bbox 787 2280 957 2324; x_wconf 86' lang='lat' dir='ltr'><strong>omnia</strong></span> <span class='ocrx_word' id='word_1_151' title='bbox 982 2292 1099 2324; x_wconf 90' lang='lat' dir='ltr'><strong>rur-</strong></span> 
     </span>
     <span class='ocr_line' id='line_1_33' title="bbox 194 2348 615 2394; baseline -0.007 0"><span class='ocrx_word' id='word_1_152' title='bbox 194 2362 314 2394; x_wconf 86' lang='lat' dir='ltr'><strong>sum</strong></span> <span class='ocrx_word' id='word_1_153' title='bbox 332 2348 382 2392; x_wconf 88' lang='lat' dir='ltr'><strong>in</strong></span> <span class='ocrx_word' id='word_1_154' title='bbox 404 2348 615 2393; x_wconf 85' lang='lat' dir='ltr'><strong>coelum.</strong></span> 
     </span>
    </p>

    <p class='ocr_par' dir='ltr' id='par_1_11' title="bbox 194 2414 1099 2607">
     <span class='ocr_line' id='line_1_34' title="bbox 269 2414 1098 2461; baseline 0.001 -3"><span class='ocrx_word' id='word_1_155' title='bbox 269 2416 349 2459; x_wconf 86' lang='lat'><strong>11.</strong></span> <span class='ocrx_word' id='word_1_156' title='bbox 382 2415 451 2459; x_wconf 88' lang='lat' dir='ltr'><strong>Et</strong></span> <span class='ocrx_word' id='word_1_157' title='bbox 486 2414 624 2461; x_wconf 89' lang='lat' dir='ltr'><strong>ecce!</strong></span> <span class='ocrx_word' id='word_1_158' title='bbox 662 2414 763 2459; x_wconf 88' lang='lat' dir='ltr'><strong>viri</strong></span> <span class='ocrx_word' id='word_1_159' title='bbox 786 2417 891 2459; x_wconf 89' lang='lat' dir='ltr'><strong>tres</strong></span> <span class='ocrx_word' id='word_1_160' title='bbox 922 2414 1098 2459; x_wconf 87' lang='lat' dir='ltr'><strong>confe-</strong></span> 
     </span>
     <span class='ocr_line' id='line_1_35' title="bbox 194 2479 1099 2538; baseline -0.004 -9"><span class='ocrx_word' id='word_1_161' title='bbox 194 2484 317 2529; x_wconf 84' lang='lat' dir='ltr'><strong>stim</strong></span> <span class='ocrx_word' id='word_1_162' title='bbox 344 2482 610 2528; x_wconf 85' lang='lat' dir='ltr'><strong>astiterunt</strong></span> <span class='ocrx_word' id='word_1_163' title='bbox 632 2482 685 2527; x_wconf 88' lang='lat' dir='ltr'><strong>in</strong></span> <span class='ocrx_word' id='word_1_164' title='bbox 714 2479 862 2526; x_wconf 88' lang='lat' dir='ltr'><strong>domo</strong></span> <span class='ocrx_word' id='word_1_165' title='bbox 878 2510 892 2538; x_wconf 97' lang='lat'><strong>,</strong></span> <span class='ocrx_word' id='word_1_166' title='bbox 924 2480 979 2525; x_wconf 91' lang='lat' dir='ltr'><strong>in</strong></span> <span class='ocrx_word' id='word_1_167' title='bbox 1003 2493 1099 2537; x_wconf 90' lang='lat' dir='ltr'><strong>qua</strong></span> 
     </span>
     <span class='ocr_line' id='line_1_36' title="bbox 194 2547 1023 2607; baseline -0.005 -11"><span class='ocrx_word' id='word_1_168' title='bbox 194 2562 355 2607; x_wconf 91' lang='lat' dir='ltr'><strong>eram,</strong></span> <span class='ocrx_word' id='word_1_169' title='bbox 374 2548 514 2595; x_wconf 87' lang='lat' dir='ltr'><strong>missi</strong></span> <span class='ocrx_word' id='word_1_170' title='bbox 532 2562 561 2594; x_wconf 89' lang='lat' dir='ltr'><strong>a</strong></span> <span class='ocrx_word' id='word_1_171' title='bbox 582 2550 829 2595; x_wconf 85' lang='lat' dir='ltr'><strong>Caesarea</strong></span> <span class='ocrx_word' id='word_1_172' title='bbox 847 2547 909 2593; x_wconf 87' lang='lat' dir='ltr'><strong>ad</strong></span> <span class='ocrx_word' id='word_1_173' title='bbox 928 2561 1023 2593; x_wconf 90' lang='lat' dir='ltr'><strong>me.</strong></span> 
     </span>
    </p>

    <p class='ocr_par' dir='ltr' id='par_1_12' title="bbox 188 2614 1098 2931">
     <span class='ocr_line' id='line_1_37' title="bbox 267 2614 1095 2673; baseline -0.002 -12"><span class='ocrx_word' id='word_1_174' title='bbox 267 2618 349 2661; x_wconf 93' lang='lat'><strong>12.</strong></span> <span class='ocrx_word' id='word_1_175' title='bbox 384 2616 526 2661; x_wconf 85' lang='lat' dir='ltr'><strong>Dixit</strong></span> <span class='ocrx_word' id='word_1_176' title='bbox 543 2620 707 2662; x_wconf 89' lang='lat' dir='ltr'><strong>autem</strong></span> <span class='ocrx_word' id='word_1_177' title='bbox 724 2615 938 2673; x_wconf 86' lang='lat' dir='ltr'><strong>Spiritus</strong></span> <span class='ocrx_word' id='word_1_178' title='bbox 956 2614 1095 2673; x_wconf 88' lang='lat' dir='ltr'><strong>mihi,</strong></span> 
     </span>
     <span class='ocr_line' id='line_1_38' title="bbox 194 2682 1095 2743; baseline -0.004 -13"><span class='ocrx_word' id='word_1_179' title='bbox 194 2688 254 2730; x_wconf 90' lang='lat' dir='ltr'><strong>ut</strong></span> <span class='ocrx_word' id='word_1_180' title='bbox 272 2684 401 2728; x_wconf 88' lang='lat' dir='ltr'><strong>irem</strong></span> <span class='ocrx_word' id='word_1_181' title='bbox 419 2683 665 2743; x_wconf 84' lang='lat' dir='ltr'><strong>cumillis,</strong></span> <span class='ocrx_word' id='word_1_182' title='bbox 680 2682 806 2729; x_wconf 89' lang='lat' dir='ltr'><strong>nihil</strong></span> <span class='ocrx_word' id='word_1_183' title='bbox 824 2682 1095 2728; x_wconf 83' lang='lat' dir='ltr'><strong>haesitans.</strong></span> 
     </span>
     <span class='ocr_line' id='line_1_39' title="bbox 192 2750 1098 2797; baseline -0.001 -1"><span class='ocrx_word' id='word_1_184' title='bbox 192 2752 461 2796; x_wconf 85' lang='lat' dir='ltr'><strong>Venerunt</strong></span> <span class='ocrx_word' id='word_1_185' title='bbox 495 2753 660 2797; x_wconf 86' lang='lat' dir='ltr'><strong>autem</strong></span> <span class='ocrx_word' id='word_1_186' title='bbox 693 2764 889 2795; x_wconf 84' lang='lat' dir='ltr'><strong>mecum</strong></span> <span class='ocrx_word' id='word_1_187' title='bbox 925 2750 976 2794; x_wconf 88' lang='lat' dir='ltr'><strong>et</strong></span> <span class='ocrx_word' id='word_1_188' title='bbox 1004 2762 1098 2795; x_wconf 79' lang='lat' dir='ltr'><strong>sex</strong></span> 
     </span>
     <span class='ocr_line' id='line_1_40' title="bbox 188 2815 1096 2875; baseline -0.003 -12"><span class='ocrx_word' id='word_1_189' title='bbox 188 2822 383 2864; x_wconf 83' lang='lat' dir='ltr'><strong>fratres</strong></span> <span class='ocrx_word' id='word_1_190' title='bbox 400 2818 503 2875; x_wconf 84' lang='lat' dir='ltr'><strong>isti,</strong></span> <span class='ocrx_word' id='word_1_191' title='bbox 539 2820 590 2863; x_wconf 92' lang='lat' dir='ltr'><strong>et</strong></span> <span class='ocrx_word' id='word_1_192' title='bbox 616 2816 836 2875; x_wconf 85' lang='lat' dir='ltr'><strong>ingressi</strong></span> <span class='ocrx_word' id='word_1_193' title='bbox 854 2828 1022 2861; x_wconf 90' lang='lat' dir='ltr'><strong>sumus</strong></span> <span class='ocrx_word' id='word_1_194' title='bbox 1042 2815 1096 2860; x_wconf 83' lang='lat' dir='ltr'><strong>in</strong></span> 
     </span>
     <span class='ocr_line' id='line_1_41' title="bbox 192 2885 531 2931; baseline -0.003 -1"><span class='ocrx_word' id='word_1_195' title='bbox 192 2886 399 2931; x_wconf 89' lang='lat' dir='ltr'><strong>domum</strong></span> <span class='ocrx_word' id='word_1_196' title='bbox 418 2885 531 2930; x_wconf 88' lang='lat' dir='ltr'><strong>viri.</strong></span> 
     </span>
    </p>

    <p class='ocr_par' dir='ltr' id='par_1_13' title="bbox 262 2950 1096 3005">
     <span class='ocr_line' id='line_1_42' title="bbox 262 2950 1096 3005; baseline -0.005 -8"><span class='ocrx_word' id='word_1_197' title='bbox 262 2953 345 2997; x_wconf 85' lang='lat'><strong>13.</strong></span> <span class='ocrx_word' id='word_1_198' title='bbox 366 2952 602 2997; x_wconf 84' lang='lat' dir='ltr'><strong>Narravit</strong></span> <span class='ocrx_word' id='word_1_199' title='bbox 611 2952 775 2996; x_wconf 89' lang='lat' dir='ltr'><strong>autem</strong></span> <span class='ocrx_word' id='word_1_200' title='bbox 790 2950 955 3005; x_wconf 90' lang='lat' dir='ltr'><strong>nobis,</strong></span> <span class='ocrx_word' id='word_1_201' title='bbox 968 2961 1096 3005; x_wconf 87' lang='lat' dir='ltr'><strong>quo-</strong></span> 
     </span>
    </p>
   </div>
   <div class='ocr_carea' id='block_1_3' title="bbox 190 3070 1095 3158">
    <p class='ocr_par' dir='ltr' id='par_1_14' title="bbox 190 3070 1095 3158">
     <span class='ocr_line' id='line_1_43' title="bbox 241 3070 1095 3121; baseline -0.006 -14"><span class='ocrx_word' id='word_1_202' title='bbox 241 3072 255 3097; x_wconf 83' lang='lat'><em>1</em></span> <span class='ocrx_word' id='word_1_203' title='bbox 275 3084 309 3107; x_wconf 85' lang='lat' dir='ltr'><strong>c.</strong></span> <span class='ocrx_word' id='word_1_204' title='bbox 330 3076 399 3113; x_wconf 82' lang='grc' dir='ltr'>ιο,</span> <span class='ocrx_word' id='word_1_205' title='bbox 423 3073 485 3107; x_wconf 81' lang='lat'><strong>45.</strong></span> <span class='ocrx_word' id='word_1_206' title='bbox 548 3078 579 3095; x_wconf 72' lang='lat' dir='ltr'><strong>m</strong></span> <span class='ocrx_word' id='word_1_207' title='bbox 597 3081 630 3105; x_wconf 87' lang='lat' dir='ltr'><strong>c.</strong></span> <span class='ocrx_word' id='word_1_208' title='bbox 649 3074 717 3111; x_wconf 88' lang='grc' dir='ltr'>ιο,</span> <span class='ocrx_word' id='word_1_209' title='bbox 734 3070 793 3105; x_wconf 83' lang='lat'><strong>28.</strong></span> <span class='ocrx_word' id='word_1_210' title='bbox 815 3112 822 3121; x_wconf 29' lang='grc' dir='ltr'>ι</span> <span class='ocrx_word' id='word_1_211' title='bbox 858 3073 877 3091; x_wconf 77' lang='lat' dir='ltr'><strong>r·</strong></span> <span class='ocrx_word' id='word_1_212' title='bbox 895 3077 934 3103; x_wconf 84' lang='lat' dir='ltr'><strong>v.</strong></span> <span class='ocrx_word' id='word_1_213' title='bbox 954 3070 1095 3102; x_wconf 85' lang='lat'><strong>5—17.</strong></span> 
     </span>
     <span class='ocr_line' id='line_1_44' title="bbox 190 3118 495 3158; baseline -0.003 -5"><span class='ocrx_word' id='word_1_214' title='bbox 190 3118 245 3153; x_wconf 83' lang='lat' dir='ltr'><strong>cf.</strong></span> <span class='ocrx_word' id='word_1_215' title='bbox 267 3123 329 3158; x_wconf 89' lang='lat'><strong>10,</strong></span> <span class='ocrx_word' id='word_1_216' title='bbox 346 3120 495 3154; x_wconf 80' lang='lat'><strong>9—47.</strong></span> 
     </span>
    </p>
   </div>
   <div class='ocr_carea' id='block_1_4' title="bbox 1977 175 2074 224">
    <p class='ocr_par' dir='ltr' id='par_1_15' title="bbox 1977 175 2074 224">
     <span class='ocr_line' id='line_1_45' title="bbox 1977 175 2074 224; baseline 0.031 -2"><span class='ocrx_word' id='word_1_217' title='bbox 1977 175 2074 224; x_wconf 81' lang='lat'><strong>205</strong></span> 
     </span>
    </p>
   </div>
   <div class='ocr_carea' id='block_1_5' title="bbox 1171 270 2074 534">
    <p class='ocr_par' dir='ltr' id='par_1_16' title="bbox 1171 270 2074 534">
     <span class='ocr_line' id='line_1_46' title="bbox 1173 270 2074 331; baseline 0.01 -17"><span class='ocrx_word' id='word_1_218' title='bbox 1173 270 1322 315; x_wconf 91' lang='lat' dir='ltr'><strong>modo</strong></span> <span class='ocrx_word' id='word_1_219' title='bbox 1353 271 1563 318; x_wconf 88' lang='lat' dir='ltr'><strong>vidisset</strong></span> <span class='ocrx_word' id='word_1_220' title='bbox 1579 274 1828 331; x_wconf 87' lang='lat' dir='ltr'><strong>Angelum</strong></span> <span class='ocrx_word' id='word_1_221' title='bbox 1852 275 1906 320; x_wconf 90' lang='lat' dir='ltr'><strong>in</strong></span> <span class='ocrx_word' id='word_1_222' title='bbox 1927 277 2074 323; x_wconf 90' lang='lat' dir='ltr'><strong>domo</strong></span> 
     </span>
     <span class='ocr_line' id='line_1_47' title="bbox 1174 341 2072 394; baseline 0.01 -13"><span class='ocrx_word' id='word_1_223' title='bbox 1174 349 1265 382; x_wconf 88' lang='lat' dir='ltr'><strong>sua</strong></span> <span class='ocrx_word' id='word_1_224' title='bbox 1277 368 1292 394; x_wconf 92' lang='lat'><strong>,</strong></span> <span class='ocrx_word' id='word_1_225' title='bbox 1333 341 1546 384; x_wconf 90' lang='lat' dir='ltr'><strong>stantem</strong></span> <span class='ocrx_word' id='word_1_226' title='bbox 1583 344 1634 384; x_wconf 89' lang='lat' dir='ltr'><strong>et</strong></span> <span class='ocrx_word' id='word_1_227' title='bbox 1669 341 1916 388; x_wconf 89' lang='lat' dir='ltr'><strong>dicentem</strong></span> <span class='ocrx_word' id='word_1_228' title='bbox 1953 344 2072 390; x_wconf 85' lang='lat' dir='ltr'><strong>sibi:</strong></span> 
     </span>
     <span class='ocr_line' id='line_1_48' title="bbox 1172 403 2074 464; baseline 0.011 -17"><span class='ocrx_word' id='word_1_229' title='bbox 1172 403 1317 449; x_wconf 88' lang='lat' dir='ltr'><strong>Mitte</strong></span> <span class='ocrx_word' id='word_1_230' title='bbox 1337 405 1390 448; x_wconf 86' lang='lat' dir='ltr'><strong>in</strong></span> <span class='ocrx_word' id='word_1_231' title='bbox 1409 405 1440 449; x_wconf 82' lang='lat' dir='ltr'>J</span> <span class='ocrx_word' id='word_1_232' title='bbox 1443 419 1626 464; x_wconf 87' lang='lat' dir='ltr'><strong>oppen,</strong></span> <span class='ocrx_word' id='word_1_233' title='bbox 1641 413 1690 453; x_wconf 89' lang='lat' dir='ltr'><strong>et</strong></span> <span class='ocrx_word' id='word_1_234' title='bbox 1703 410 1892 455; x_wconf 80' lang='lat' dir='ltr'><strong>accersi</strong></span> <span class='ocrx_word' id='word_1_235' title='bbox 1909 411 2074 457; x_wconf 89' lang='lat' dir='ltr'><strong>Simo—</strong></span> 
     </span>
     <span class='ocr_line' id='line_1_49' title="bbox 1171 471 2014 534; baseline 0.011 -19"><span class='ocrx_word' id='word_1_236' title='bbox 1171 483 1289 516; x_wconf 88' lang='lat' dir='ltr'><strong>nem</strong></span> <span class='ocrx_word' id='word_1_237' title='bbox 1308 471 1393 527; x_wconf 86' lang='lat' dir='ltr'><strong>qui</strong></span> <span class='ocrx_word' id='word_1_238' title='bbox 1413 475 1800 530; x_wconf 86' lang='lat' dir='ltr'><strong>cognominatur</strong></span> <span class='ocrx_word' id='word_1_239' title='bbox 1817 478 2014 534; x_wconf 84' lang='lat' dir='ltr'><strong>Petrus,</strong></span> 
     </span>
    </p>
   </div>
   <div class='ocr_carea' id='block_1_6' title="bbox 1172 555 2078 947">
    <p class='ocr_par' dir='ltr' id='par_1_17' title="bbox 1172 555 2078 734">
     <span class='ocr_line' id='line_1_50' title="bbox 1241 555 2073 619; baseline 0.012 -21"><span class='ocrx_word' id='word_1_240' title='bbox 1241 555 1319 598; x_wconf 77' lang='lat'><strong>14.</strong></span> <span class='ocrx_word' id='word_1_241' title='bbox 1357 555 1442 611; x_wconf 93' lang='lat' dir='ltr'><strong>qui</strong></span> <span class='ocrx_word' id='word_1_242' title='bbox 1461 555 1694 613; x_wconf 81' lang='lat' dir='ltr'><strong>loquetur</strong></span> <span class='ocrx_word' id='word_1_243' title='bbox 1713 559 1804 605; x_wconf 89' lang='lat' dir='ltr'><strong>tibi</strong></span> <span class='ocrx_word' id='word_1_244' title='bbox 1821 563 1992 619; x_wconf 87' lang='lat' dir='ltr'><strong>verba,</strong></span> <span class='ocrx_word' id='word_1_245' title='bbox 2019 564 2073 607; x_wconf 85' lang='lat' dir='ltr'><strong>in</strong></span> 
     </span>
     <span class='ocr_line' id='line_1_51' title="bbox 1172 621 2078 684; baseline 0.011 -19"><span class='ocrx_word' id='word_1_246' title='bbox 1172 621 1348 676; x_wconf 87' lang='lat' dir='ltr'><strong>quibus</strong></span> <span class='ocrx_word' id='word_1_247' title='bbox 1369 621 1538 668; x_wconf 89' lang='lat' dir='ltr'><strong>salvus</strong></span> <span class='ocrx_word' id='word_1_248' title='bbox 1559 624 1658 668; x_wconf 90' lang='lat' dir='ltr'><strong>eris</strong></span> <span class='ocrx_word' id='word_1_249' title='bbox 1677 629 1748 684; x_wconf 89' lang='lat' dir='ltr'><strong>tu,</strong></span> <span class='ocrx_word' id='word_1_250' title='bbox 1771 629 1822 670; x_wconf 91' lang='lat' dir='ltr'><strong>et</strong></span> <span class='ocrx_word' id='word_1_251' title='bbox 1837 627 2078 675; x_wconf 86' lang='lat' dir='ltr'><strong>universa·</strong></span> 
     </span>
     <span class='ocr_line' id='line_1_52' title="bbox 1172 687 1467 734; baseline 0.007 -2"><span class='ocrx_word' id='word_1_252' title='bbox 1172 687 1346 734; x_wconf 88' lang='lat' dir='ltr'><strong>domus</strong></span> <span class='ocrx_word' id='word_1_253' title='bbox 1366 692 1467 734; x_wconf 82' lang='lat' dir='ltr'><strong>tua.</strong></span> 
     </span>
    </p>

    <p class='ocr_par' dir='ltr' id='par_1_18' title="bbox 1172 757 2074 947">
     <span class='ocr_line' id='line_1_53' title="bbox 1240 757 2074 816; baseline 0.012 -18"><span class='ocrx_word' id='word_1_254' title='bbox 1240 757 1318 799; x_wconf 84' lang='lat'><strong>15.</strong></span> <span class='ocrx_word' id='word_1_255' title='bbox 1355 757 1478 801; x_wconf 87' lang='lat' dir='ltr'><strong>Cum</strong></span> <span class='ocrx_word' id='word_1_256' title='bbox 1497 760 1664 802; x_wconf 86' lang='lat' dir='ltr'><strong>autem</strong></span> <span class='ocrx_word' id='word_1_257' title='bbox 1693 761 1971 816; x_wconf 87' lang='lat' dir='ltr'><strong>coepissem</strong></span> <span class='ocrx_word' id='word_1_258' title='bbox 1993 764 2074 808; x_wconf 90' lang='lat' dir='ltr'><strong>lo-</strong></span> 
     </span>
     <span class='ocr_line' id='line_1_54' title="bbox 1173 821 2073 881; baseline 0.012 -16"><span class='ocrx_word' id='word_1_259' title='bbox 1173 821 1281 879; x_wconf 86' lang='lat' dir='ltr'><strong>qui,</strong></span> <span class='ocrx_word' id='word_1_260' title='bbox 1313 822 1494 868; x_wconf 88' lang='lat' dir='ltr'><strong>cecidit</strong></span> <span class='ocrx_word' id='word_1_261' title='bbox 1521 825 1736 881; x_wconf 83' lang='lat' dir='ltr'><strong>Spiritus</strong></span> <span class='ocrx_word' id='word_1_262' title='bbox 1767 831 1967 874; x_wconf 88' lang='lat' dir='ltr'><strong>sanctus</strong></span> <span class='ocrx_word' id='word_1_263' title='bbox 1988 844 2073 875; x_wconf 90' lang='lat' dir='ltr'><strong>su-</strong></span> 
     </span>
     <span class='ocr_line' id='line_1_55' title="bbox 1172 890 2052 947; baseline 0.013 -15"><span class='ocrx_word' id='word_1_264' title='bbox 1172 901 1264 944; x_wconf 88' lang='lat' dir='ltr'><strong>per</strong></span> <span class='ocrx_word' id='word_1_265' title='bbox 1285 902 1391 947; x_wconf 91' lang='lat' dir='ltr'><strong>eos,</strong></span> <span class='ocrx_word' id='word_1_266' title='bbox 1414 890 1543 936; x_wconf 90' lang='lat' dir='ltr'><strong>sicut</strong></span> <span class='ocrx_word' id='word_1_267' title='bbox 1561 893 1612 937; x_wconf 88' lang='lat' dir='ltr'><strong>et</strong></span> <span class='ocrx_word' id='word_1_268' title='bbox 1629 892 1683 936; x_wconf 90' lang='lat' dir='ltr'><strong>in</strong></span> <span class='ocrx_word' id='word_1_269' title='bbox 1701 907 1796 939; x_wconf 89' lang='lat' dir='ltr'><strong>nos</strong></span> <span class='ocrx_word' id='word_1_270' title='bbox 1816 895 1870 940; x_wconf 88' lang='lat' dir='ltr'><strong>in</strong></span> <span class='ocrx_word' id='word_1_271' title='bbox 1889 896 2052 942; x_wconf 88' lang='lat' dir='ltr'><strong>initio.</strong></span> 
     </span>
    </p>
   </div>
   <div class='ocr_carea' id='block_1_7' title="bbox 1172 973 2077 1770">
    <p class='ocr_par' dir='ltr' id='par_1_19' title="bbox 1172 973 2077 1284">
     <span class='ocr_line' id='line_1_56' title="bbox 1241 973 2077 1026; baseline 0.013 -11"><span class='ocrx_word' id='word_1_272' title='bbox 1241 973 1318 1016; x_wconf 85' lang='grc'><strong>16.</strong></span> <span class='ocrx_word' id='word_1_273' title='bbox 1381 973 1688 1020; x_wconf 88' lang='lat' dir='ltr'><strong>Recordatus</strong></span> <span class='ocrx_word' id='word_1_274' title='bbox 1751 992 1858 1023; x_wconf 93' lang='lat' dir='ltr'><strong>sum</strong></span> <span class='ocrx_word' id='word_1_275' title='bbox 1911 983 2077 1026; x_wconf 89' lang='lat' dir='ltr'><strong>autem</strong></span> 
     </span>
     <span class='ocr_line' id='line_1_57' title="bbox 1172 1038 2075 1100; baseline 0.012 -18"><span class='ocrx_word' id='word_1_276' title='bbox 1172 1039 1316 1085; x_wconf 86' lang='lat' dir='ltr'><strong>verbi</strong></span> <span class='ocrx_word' id='word_1_277' title='bbox 1333 1038 1566 1100; x_wconf 90' lang='lat' dir='ltr'><strong>Domini,</strong></span> <span class='ocrx_word' id='word_1_278' title='bbox 1587 1043 1716 1088; x_wconf 86' lang='lat' dir='ltr'><strong>sicut</strong></span> <span class='ocrx_word' id='word_1_279' title='bbox 1735 1044 1951 1092; x_wconf 87' lang='lat' dir='ltr'><strong>dicebat:</strong></span> <span class='ocrx_word' id='word_1_280' title='bbox 1980 1048 2011 1092; x_wconf 83' lang='lat' dir='ltr'>J</span> <span class='ocrx_word' id='word_1_281' title='bbox 2015 1061 2075 1092; x_wconf 89' lang='lat' dir='ltr'><strong>o-</strong></span> 
     </span>
     <span class='ocr_line' id='line_1_58' title="bbox 1173 1107 2071 1172; baseline 0.013 -24"><span class='ocrx_word' id='word_1_282' title='bbox 1173 1118 1331 1150; x_wconf 88' lang='lat' dir='ltr'><strong>annes</strong></span> <span class='ocrx_word' id='word_1_283' title='bbox 1381 1107 1579 1162; x_wconf 86' lang='lat' dir='ltr'><strong>quidem</strong></span> <span class='ocrx_word' id='word_1_284' title='bbox 1619 1111 1894 1167; x_wconf 88' lang='lat' dir='ltr'><strong>baptizavit</strong></span> <span class='ocrx_word' id='word_1_285' title='bbox 1928 1128 2071 1172; x_wconf 86' lang='lat' dir='ltr'><strong>aqua,</strong></span> 
     </span>
     <span class='ocr_line' id='line_1_59' title="bbox 1172 1175 2075 1237; baseline 0.012 -21"><span class='ocrx_word' id='word_1_286' title='bbox 1172 1185 1267 1217; x_wconf 86' lang='lat' dir='ltr'><strong>vos</strong></span> <span class='ocrx_word' id='word_1_287' title='bbox 1287 1175 1451 1218; x_wconf 87' lang='lat' dir='ltr'><strong>autem</strong></span> <span class='ocrx_word' id='word_1_288' title='bbox 1485 1177 1855 1232; x_wconf 86' lang='lat' dir='ltr'><strong>baptizabimini</strong></span> <span class='ocrx_word' id='word_1_289' title='bbox 1885 1182 2075 1237; x_wconf 89' lang='lat' dir='ltr'><strong>Spiritu</strong></span> 
     </span>
     <span class='ocr_line' id='line_1_60' title="bbox 1173 1242 1365 1284; baseline 0 0"><span class='ocrx_word' id='word_1_290' title='bbox 1173 1242 1365 1284; x_wconf 87' lang='lat' dir='ltr'><strong>sancto.</strong></span> 
     </span>
    </p>

    <p class='ocr_par' dir='ltr' id='par_1_20' title="bbox 1172 1308 2075 1634">
     <span class='ocr_line' id='line_1_61' title="bbox 1241 1308 2075 1370; baseline 0.012 -20"><span class='ocrx_word' id='word_1_291' title='bbox 1241 1308 1320 1350; x_wconf 78' lang='lat'><strong>17.</strong></span> <span class='ocrx_word' id='word_1_292' title='bbox 1359 1308 1414 1352; x_wconf 85' lang='lat' dir='ltr'><strong>Si</strong></span> <span class='ocrx_word' id='word_1_293' title='bbox 1452 1321 1576 1366; x_wconf 88' lang='lat' dir='ltr'><strong>ergo</strong></span> <span class='ocrx_word' id='word_1_294' title='bbox 1615 1312 1835 1356; x_wconf 85' lang='lat' dir='ltr'><strong>eamdem</strong></span> <span class='ocrx_word' id='word_1_295' title='bbox 1865 1315 2075 1370; x_wconf 88' lang='lat' dir='ltr'><strong>gratiam</strong></span> 
     </span>
     <span class='ocr_line' id='line_1_62' title="bbox 1174 1373 2074 1440; baseline 0.011 -23"><span class='ocrx_word' id='word_1_296' title='bbox 1174 1373 1310 1418; x_wconf 88' lang='lat' dir='ltr'><strong>dedit</strong></span> <span class='ocrx_word' id='word_1_297' title='bbox 1337 1373 1440 1418; x_wconf 87' lang='lat' dir='ltr'><strong>illis</strong></span> <span class='ocrx_word' id='word_1_298' title='bbox 1465 1375 1628 1434; x_wconf 90' lang='lat' dir='ltr'><strong>Deus,</strong></span> <span class='ocrx_word' id='word_1_299' title='bbox 1669 1379 1798 1424; x_wconf 90' lang='lat' dir='ltr'><strong>sicut</strong></span> <span class='ocrx_word' id='word_1_300' title='bbox 1834 1383 1884 1425; x_wconf 90' lang='lat' dir='ltr'><strong>et</strong></span> <span class='ocrx_word' id='word_1_301' title='bbox 1909 1383 2074 1440; x_wconf 90' lang='lat' dir='ltr'><strong>nobis,</strong></span> 
     </span>
     <span class='ocr_line' id='line_1_63' title="bbox 1172 1440 2072 1496; baseline 0.012 -12"><span class='ocrx_word' id='word_1_302' title='bbox 1172 1441 1256 1496; x_wconf 91' lang='lat' dir='ltr'><strong>qui</strong></span> <span class='ocrx_word' id='word_1_303' title='bbox 1287 1440 1586 1488; x_wconf 87' lang='lat' dir='ltr'><strong>credidimus</strong></span> <span class='ocrx_word' id='word_1_304' title='bbox 1614 1444 1665 1488; x_wconf 91' lang='lat' dir='ltr'><strong>in</strong></span> <span class='ocrx_word' id='word_1_305' title='bbox 1695 1447 1965 1492; x_wconf 87' lang='lat' dir='ltr'><strong>Dominum</strong></span> <span class='ocrx_word' id='word_1_306' title='bbox 1984 1451 2072 1495; x_wconf 80' lang='lat' dir='ltr'><strong>Je-</strong></span> 
     </span>
     <span class='ocr_line' id='line_1_64' title="bbox 1172 1509 2074 1574; baseline 0.012 -23"><span class='ocrx_word' id='word_1_307' title='bbox 1172 1521 1281 1552; x_wconf 88' lang='lat' dir='ltr'><strong>sum</strong></span> <span class='ocrx_word' id='word_1_308' title='bbox 1319 1509 1596 1566; x_wconf 81' lang='lat' dir='ltr'><strong>Christum3</strong></span> <span class='ocrx_word' id='word_1_309' title='bbox 1639 1525 1733 1569; x_wconf 86' lang='lat' dir='ltr'><strong>ego</strong></span> <span class='ocrx_word' id='word_1_310' title='bbox 1773 1516 1882 1570; x_wconf 90' lang='lat' dir='ltr'><strong>quis</strong></span> <span class='ocrx_word' id='word_1_311' title='bbox 1921 1529 2074 1574; x_wconf 87' lang='lat' dir='ltr'><strong>eram,</strong></span> 
     </span>
     <span class='ocr_line' id='line_1_65' title="bbox 1172 1575 2006 1634; baseline 0.01 -15"><span class='ocrx_word' id='word_1_312' title='bbox 1172 1575 1257 1630; x_wconf 91' lang='lat' dir='ltr'><strong>qui</strong></span> <span class='ocrx_word' id='word_1_313' title='bbox 1277 1587 1477 1631; x_wconf 87' lang='lat' dir='ltr'><strong>possem</strong></span> <span class='ocrx_word' id='word_1_314' title='bbox 1498 1579 1764 1634; x_wconf 84' lang='lat' dir='ltr'><strong>prohibere</strong></span> <span class='ocrx_word' id='word_1_315' title='bbox 1783 1583 1943 1626; x_wconf 85' lang='lat' dir='ltr'><strong>Deum</strong></span> <span class='ocrx_word' id='word_1_316' title='bbox 1955 1585 2006 1626; x_wconf 67' lang='lat'><strong>⁰2²</strong></span> 
     </span>
    </p>

    <p class='ocr_par' dir='ltr' id='par_1_21' title="bbox 1172 1643 2076 1770">
     <span class='ocr_line' id='line_1_66' title="bbox 1240 1643 2076 1706; baseline 0.013 -21"><span class='ocrx_word' id='word_1_317' title='bbox 1240 1643 1319 1685; x_wconf 91' lang='lat'><strong>18.</strong></span> <span class='ocrx_word' id='word_1_318' title='bbox 1353 1643 1446 1688; x_wconf 88' lang='lat' dir='ltr'><strong>His</strong></span> <span class='ocrx_word' id='word_1_319' title='bbox 1465 1645 1674 1702; x_wconf 88' lang='lat' dir='ltr'><strong>auditis,</strong></span> <span class='ocrx_word' id='word_1_320' title='bbox 1702 1650 1994 1706; x_wconf 86' lang='lat' dir='ltr'><strong>tacuerunt,</strong></span> <span class='ocrx_word' id='word_1_321' title='bbox 2026 1655 2076 1696; x_wconf 89' lang='lat' dir='ltr'><strong>et</strong></span> 
     </span>
     <span class='ocr_line' id='line_1_67' title="bbox 1172 1707 2072 1770; baseline 0.014 -20"><span class='ocrx_word' id='word_1_322' title='bbox 1172 1707 1586 1762; x_wconf 85' lang='lat' dir='ltr'><strong>glorificaverunt</strong></span> <span class='ocrx_word' id='word_1_323' title='bbox 1612 1713 1774 1757; x_wconf 88' lang='lat' dir='ltr'><strong>Deum</strong></span> <span class='ocrx_word' id='word_1_324' title='bbox 1787 1744 1800 1770; x_wconf 93' lang='lat'><strong>,</strong></span> <span class='ocrx_word' id='word_1_325' title='bbox 1824 1715 2072 1762; x_wconf 88' lang='lat' dir='ltr'><strong>dicentes:</strong></span> 
     </span>
    </p>
   </div>
   <div class='ocr_carea' id='block_1_8' title="bbox 1170 1772 2073 1888">
    <p class='ocr_par' dir='ltr' id='par_1_22' title="bbox 1170 1772 2073 1888">
     <span class='ocr_line' id='line_1_68' title="bbox 1170 1772 2073 1836; baseline 0.014 -21"><span class='ocrx_word' id='word_1_326' title='bbox 1170 1772 1311 1829; x_wconf 87' lang='lat' dir='ltr'><strong>Ergo</strong></span> <span class='ocrx_word' id='word_1_327' title='bbox 1353 1778 1403 1819; x_wconf 92' lang='lat' dir='ltr'><strong>et</strong></span> <span class='ocrx_word' id='word_1_328' title='bbox 1431 1777 1672 1822; x_wconf 84' lang='lat' dir='ltr'><strong>Gentibus</strong></span> <span class='ocrx_word' id='word_1_329' title='bbox 1709 1782 2073 1836; x_wconf 88' lang='lat' dir='ltr'><strong>poenitentiam</strong></span> 
     </span>
     <span class='ocr_line' id='line_1_69' title="bbox 1174 1838 1738 1888; baseline 0.011 -6"><span class='ocrx_word' id='word_1_330' title='bbox 1174 1838 1310 1884; x_wconf 88' lang='lat' dir='ltr'><strong>dedit</strong></span> <span class='ocrx_word' id='word_1_331' title='bbox 1325 1840 1462 1885; x_wconf 88' lang='lat' dir='ltr'><strong>Deus</strong></span> <span class='ocrx_word' id='word_1_332' title='bbox 1484 1842 1547 1886; x_wconf 88' lang='lat' dir='ltr'><strong>ad</strong></span> <span class='ocrx_word' id='word_1_333' title='bbox 1567 1843 1738 1888; x_wconf 85' lang='lat' dir='ltr'><strong>vitam!</strong></span> 
     </span>
    </p>
   </div>
   <div class='ocr_carea' id='block_1_9' title="bbox 1166 1917 2074 2717">
    <p class='ocr_par' dir='ltr' id='par_1_23' title="bbox 1166 1917 2072 2367">
     <span class='ocr_line' id='line_1_70' title="bbox 1241 1917 2072 1983; baseline 0.016 -24"><span class='ocrx_word' id='word_1_334' title='bbox 1241 1918 1320 1961; x_wconf 88' lang='grc'><strong>19.</strong></span> <span class='ocrx_word' id='word_1_335' title='bbox 1355 1917 1425 1964; x_wconf 88' lang='lat' dir='ltr'><strong>Et</strong></span> <span class='ocrx_word' id='word_1_336' title='bbox 1442 1917 1519 1964; x_wconf 89' lang='lat' dir='ltr'><strong>illi</strong></span> <span class='ocrx_word' id='word_1_337' title='bbox 1537 1920 1752 1980; x_wconf 88' lang='lat' dir='ltr'><strong>quidem,</strong></span> <span class='ocrx_word' id='word_1_338' title='bbox 1775 1925 1858 1979; x_wconf 91' lang='lat' dir='ltr'><strong>qui</strong></span> <span class='ocrx_word' id='word_1_339' title='bbox 1879 1924 2072 1983; x_wconf 86' lang='lat' dir='ltr'><strong>disper-</strong></span> 
     </span>
     <span class='ocr_line' id='line_1_71' title="bbox 1171 1984 2072 2050; baseline 0.013 -22"><span class='ocrx_word' id='word_1_340' title='bbox 1171 1984 1214 2029; x_wconf 92' lang='lat' dir='ltr'><strong>si</strong></span> <span class='ocrx_word' id='word_1_341' title='bbox 1251 1986 1454 2031; x_wconf 87' lang='lat' dir='ltr'><strong>fuerant</strong></span> <span class='ocrx_word' id='word_1_342' title='bbox 1488 2000 1519 2031; x_wconf 86' lang='lat' dir='ltr'><strong>a</strong></span> <span class='ocrx_word' id='word_1_343' title='bbox 1555 1988 1880 2037; x_wconf 83' lang='lat' dir='ltr'><strong>tribulatione</strong></span> <span class='ocrx_word' id='word_1_344' title='bbox 1893 2023 1908 2050; x_wconf 95' lang='lat'><strong>,</strong></span> <span class='ocrx_word' id='word_1_345' title='bbox 1947 2007 2072 2049; x_wconf 88' lang='lat' dir='ltr'><strong>quae</strong></span> 
     </span>
     <span class='ocr_line' id='line_1_72' title="bbox 1170 2052 2071 2117; baseline 0.012 -21"><span class='ocrx_word' id='word_1_346' title='bbox 1170 2052 1303 2097; x_wconf 86' lang='lat' dir='ltr'><strong>facta</strong></span> <span class='ocrx_word' id='word_1_347' title='bbox 1322 2053 1488 2099; x_wconf 68' lang='lat' dir='ltr'><strong>iuerat</strong></span> <span class='ocrx_word' id='word_1_348' title='bbox 1507 2057 1596 2101; x_wconf 91' lang='lat' dir='ltr'><strong>sub</strong></span> <span class='ocrx_word' id='word_1_349' title='bbox 1619 2056 1873 2114; x_wconf 84' lang='lat' dir='ltr'><strong>Stephano</strong></span> <span class='ocrx_word' id='word_1_350' title='bbox 1885 2066 1932 2117; x_wconf 82' lang='lat' dir='ltr'><strong>P,</strong></span> <span class='ocrx_word' id='word_1_351' title='bbox 1953 2074 2071 2117; x_wconf 87' lang='lat' dir='ltr'><strong>per—</strong></span> 
     </span>
     <span class='ocr_line' id='line_1_73' title="bbox 1168 2119 2072 2186; baseline 0.012 -22"><span class='ocrx_word' id='word_1_352' title='bbox 1168 2119 1552 2167; x_wconf 84' lang='lat' dir='ltr'><strong>ambulaverunt</strong></span> <span class='ocrx_word' id='word_1_353' title='bbox 1580 2136 1736 2179; x_wconf 88' lang='lat' dir='ltr'><strong>usque</strong></span> <span class='ocrx_word' id='word_1_354' title='bbox 1763 2126 2072 2186; x_wconf 82' lang='lat' dir='ltr'><strong>Phoenicen,</strong></span> 
     </span>
     <span class='ocr_line' id='line_1_74' title="bbox 1170 2188 2072 2252; baseline 0.01 -20"><span class='ocrx_word' id='word_1_355' title='bbox 1170 2188 1221 2232; x_wconf 89' lang='lat' dir='ltr'><strong>et</strong></span> <span class='ocrx_word' id='word_1_356' title='bbox 1251 2189 1486 2247; x_wconf 84' lang='lat' dir='ltr'><strong>Cyprum,</strong></span> <span class='ocrx_word' id='word_1_357' title='bbox 1527 2192 1578 2235; x_wconf 89' lang='lat' dir='ltr'><strong>et</strong></span> <span class='ocrx_word' id='word_1_358' title='bbox 1605 2193 1940 2252; x_wconf 88' lang='lat' dir='ltr'><strong>Antiochiam,</strong></span> <span class='ocrx_word' id='word_1_359' title='bbox 1981 2210 2072 2241; x_wconf 89' lang='lat' dir='ltr'><strong>ne-</strong></span> 
     </span>
     <span class='ocr_line' id='line_1_75' title="bbox 1166 2254 2072 2319; baseline 0.012 -22"><span class='ocrx_word' id='word_1_360' title='bbox 1166 2254 1290 2299; x_wconf 91' lang='lat' dir='ltr'><strong>mini</strong></span> <span class='ocrx_word' id='word_1_361' title='bbox 1309 2255 1575 2311; x_wconf 89' lang='lat' dir='ltr'><strong>loquentes</strong></span> <span class='ocrx_word' id='word_1_362' title='bbox 1597 2262 1818 2319; x_wconf 89' lang='lat' dir='ltr'><strong>verbum,</strong></span> <span class='ocrx_word' id='word_1_363' title='bbox 1830 2262 1930 2308; x_wconf 89' lang='lat' dir='ltr'><strong>nisi</strong></span> <span class='ocrx_word' id='word_1_364' title='bbox 1949 2264 2072 2308; x_wconf 89' lang='lat' dir='ltr'><strong>solis</strong></span> 
     </span>
     <span class='ocr_line' id='line_1_76' title="bbox 1167 2320 1387 2367; baseline 0.014 -3"><span class='ocrx_word' id='word_1_365' title='bbox 1167 2320 1387 2367; x_wconf 75' lang='lat' dir='ltr'><strong>Iudaeis.</strong></span> 
     </span>
    </p>

    <p class='ocr_par' dir='ltr' id='par_1_24' title="bbox 1166 2389 2074 2717">
     <span class='ocr_line' id='line_1_77' title="bbox 1233 2389 2074 2450; baseline 0.012 -19"><span class='ocrx_word' id='word_1_366' title='bbox 1233 2389 1314 2433; x_wconf 86' lang='lat'><strong>20.</strong></span> <span class='ocrx_word' id='word_1_367' title='bbox 1347 2389 1512 2436; x_wconf 88' lang='lat' dir='ltr'><strong>Erant</strong></span> <span class='ocrx_word' id='word_1_368' title='bbox 1554 2396 1720 2439; x_wconf 89' lang='lat' dir='ltr'><strong>autem</strong></span> <span class='ocrx_word' id='word_1_369' title='bbox 1769 2396 1963 2450; x_wconf 90' lang='lat' dir='ltr'><strong>quidam</strong></span> <span class='ocrx_word' id='word_1_370' title='bbox 2007 2411 2074 2441; x_wconf 81' lang='lat' dir='ltr'><strong>ex</strong></span> 
     </span>
     <span class='ocr_line' id='line_1_78' title="bbox 1168 2454 2073 2519; baseline 0.007 -19"><span class='ocrx_word' id='word_1_371' title='bbox 1168 2454 1242 2500; x_wconf 86' lang='lat' dir='ltr'><strong>eis</strong></span> <span class='ocrx_word' id='word_1_372' title='bbox 1264 2456 1361 2500; x_wconf 91' lang='lat' dir='ltr'><strong>viri</strong></span> <span class='ocrx_word' id='word_1_373' title='bbox 1382 2458 1580 2517; x_wconf 84' lang='lat' dir='ltr'><strong>Cyprii,</strong></span> <span class='ocrx_word' id='word_1_374' title='bbox 1612 2463 1662 2505; x_wconf 89' lang='lat' dir='ltr'><strong>et</strong></span> <span class='ocrx_word' id='word_1_375' title='bbox 1682 2462 1930 2519; x_wconf 81' lang='lat' dir='ltr'><strong>Cyrenaei</strong></span> <span class='ocrx_word' id='word_1_376' title='bbox 1944 2492 1957 2518; x_wconf 88' lang='lat'><strong>,</strong></span> <span class='ocrx_word' id='word_1_377' title='bbox 1988 2463 2073 2519; x_wconf 87' lang='lat' dir='ltr'><strong>qui</strong></span> 
     </span>
     <span class='ocr_line' id='line_1_79' title="bbox 1167 2522 2070 2586; baseline 0.009 -21"><span class='ocrx_word' id='word_1_378' title='bbox 1167 2534 1280 2566; x_wconf 91' lang='lat' dir='ltr'><strong>cum</strong></span> <span class='ocrx_word' id='word_1_379' title='bbox 1298 2522 1597 2570; x_wconf 87' lang='lat' dir='ltr'><strong>introissent</strong></span> <span class='ocrx_word' id='word_1_380' title='bbox 1623 2528 1941 2573; x_wconf 87' lang='lat' dir='ltr'><strong>Antiochiam</strong></span> <span class='ocrx_word' id='word_1_381' title='bbox 1955 2560 1968 2586; x_wconf 91' lang='lat'><strong>,</strong></span> <span class='ocrx_word' id='word_1_382' title='bbox 1989 2529 2070 2573; x_wconf 90' lang='lat' dir='ltr'><strong>lo-</strong></span> 
     </span>
     <span class='ocr_line' id='line_1_80' title="bbox 1166 2591 2069 2651; baseline 0.008 -18"><span class='ocrx_word' id='word_1_383' title='bbox 1166 2591 1444 2645; x_wconf 87' lang='lat' dir='ltr'><strong>quebantur</strong></span> <span class='ocrx_word' id='word_1_384' title='bbox 1465 2595 1516 2636; x_wconf 89' lang='lat' dir='ltr'><strong>et</strong></span> <span class='ocrx_word' id='word_1_385' title='bbox 1536 2592 1597 2637; x_wconf 90' lang='lat' dir='ltr'><strong>ad</strong></span> <span class='ocrx_word' id='word_1_386' title='bbox 1618 2593 1857 2651; x_wconf 85' lang='lat' dir='ltr'><strong>Graecos,</strong></span> <span class='ocrx_word' id='word_1_387' title='bbox 1870 2608 2069 2640; x_wconf 87' lang='lat' dir='ltr'><strong>annun-</strong></span> 
     </span>
     <span class='ocr_line' id='line_1_81' title="bbox 1166 2655 1865 2717; baseline 0.007 -16"><span class='ocrx_word' id='word_1_388' title='bbox 1166 2655 1358 2703; x_wconf 85' lang='lat' dir='ltr'><strong>ciantes</strong></span> <span class='ocrx_word' id='word_1_389' title='bbox 1375 2658 1647 2705; x_wconf 90' lang='lat' dir='ltr'><strong>Dominum</strong></span> <span class='ocrx_word' id='word_1_390' title='bbox 1667 2663 1698 2706; x_wconf 87' lang='lat' dir='ltr'><strong>J</strong></span> <span class='ocrx_word' id='word_1_391' title='bbox 1701 2674 1836 2707; x_wconf 89' lang='lat' dir='ltr'><strong>esum</strong></span> <span class='ocrx_word' id='word_1_392' title='bbox 1851 2676 1865 2717; x_wconf 72' lang='grc' dir='ltr'><strong>ς</strong></span> 
     </span>
    </p>
   </div>
   <div class='ocr_carea' id='block_1_10' title="bbox 1161 2742 2067 3069">
    <p class='ocr_par' dir='ltr' id='par_1_25' title="bbox 1161 2742 2067 2928">
     <span class='ocr_line' id='line_1_82' title="bbox 1231 2742 2067 2793; baseline 0.013 -10"><span class='ocrx_word' id='word_1_393' title='bbox 1231 2742 1312 2785; x_wconf 85' lang='lat'><strong>21.</strong></span> <span class='ocrx_word' id='word_1_394' title='bbox 1349 2744 1401 2787; x_wconf 92' lang='lat' dir='ltr'><strong>et</strong></span> <span class='ocrx_word' id='word_1_395' title='bbox 1420 2745 1529 2788; x_wconf 88' lang='lat' dir='ltr'><strong>erat</strong></span> <span class='ocrx_word' id='word_1_396' title='bbox 1545 2756 1722 2789; x_wconf 90' lang='lat' dir='ltr'><strong>manus</strong></span> <span class='ocrx_word' id='word_1_397' title='bbox 1740 2744 1945 2792; x_wconf 91' lang='lat' dir='ltr'><strong>Domini</strong></span> <span class='ocrx_word' id='word_1_398' title='bbox 1957 2762 2067 2793; x_wconf 90' lang='lat' dir='ltr'><strong>cum</strong></span> 
     </span>
     <span class='ocr_line' id='line_1_83' title="bbox 1164 2807 2065 2865; baseline 0.009 -12"><span class='ocrx_word' id='word_1_399' title='bbox 1164 2807 1266 2863; x_wconf 83' lang='lat' dir='ltr'><strong>eis3</strong></span> <span class='ocrx_word' id='word_1_400' title='bbox 1295 2808 1578 2865; x_wconf 90' lang='lat' dir='ltr'><strong>multusque</strong></span> <span class='ocrx_word' id='word_1_401' title='bbox 1596 2824 1834 2856; x_wconf 88' lang='lat' dir='ltr'><strong>numerus</strong></span> <span class='ocrx_word' id='word_1_402' title='bbox 1855 2815 2065 2861; x_wconf 89' lang='lat' dir='ltr'><strong>creden-</strong></span> 
     </span>
     <span class='ocr_line' id='line_1_84' title="bbox 1161 2874 2064 2928; baseline 0.009 -10"><span class='ocrx_word' id='word_1_403' title='bbox 1161 2874 1289 2919; x_wconf 90' lang='lat' dir='ltr'><strong>tium</strong></span> <span class='ocrx_word' id='word_1_404' title='bbox 1309 2887 1586 2920; x_wconf 90' lang='lat' dir='ltr'><strong>conversus</strong></span> <span class='ocrx_word' id='word_1_405' title='bbox 1608 2878 1685 2921; x_wconf 89' lang='lat' dir='ltr'><strong>est</strong></span> <span class='ocrx_word' id='word_1_406' title='bbox 1703 2877 1764 2921; x_wconf 89' lang='lat' dir='ltr'><strong>ad</strong></span> <span class='ocrx_word' id='word_1_407' title='bbox 1781 2877 2064 2928; x_wconf 88' lang='lat' dir='ltr'><strong>Dominum.</strong></span> 
     </span>
    </p>

    <p class='ocr_par' dir='ltr' id='par_1_26' title="bbox 1164 2942 2065 3069">
     <span class='ocr_line' id='line_1_85' title="bbox 1231 2942 2065 2994; baseline 0.014 -11"><span class='ocrx_word' id='word_1_408' title='bbox 1231 2942 1311 2985; x_wconf 84' lang='lat'><strong>22.</strong></span> <span class='ocrx_word' id='word_1_409' title='bbox 1349 2942 1591 2987; x_wconf 87' lang='lat' dir='ltr'><strong>Pervenit</strong></span> <span class='ocrx_word' id='word_1_410' title='bbox 1617 2945 1780 2989; x_wconf 88' lang='lat' dir='ltr'><strong>autem</strong></span> <span class='ocrx_word' id='word_1_411' title='bbox 1809 2960 1974 2993; x_wconf 90' lang='lat' dir='ltr'><strong>sermo</strong></span> <span class='ocrx_word' id='word_1_412' title='bbox 2004 2950 2065 2994; x_wconf 88' lang='lat' dir='ltr'><strong>ad</strong></span> 
     </span>
     <span class='ocr_line' id='line_1_86' title="bbox 1164 3007 2063 3069; baseline 0.012 -18"><span class='ocrx_word' id='word_1_413' title='bbox 1164 3019 1313 3053; x_wconf 85' lang='lat' dir='ltr'><strong>aures</strong></span> <span class='ocrx_word' id='word_1_414' title='bbox 1334 3007 1606 3069; x_wconf 88' lang='lat' dir='ltr'><strong>ecclesiae,</strong></span> <span class='ocrx_word' id='word_1_415' title='bbox 1639 3024 1765 3067; x_wconf 84' lang='lat' dir='ltr'><strong>quae</strong></span> <span class='ocrx_word' id='word_1_416' title='bbox 1795 3017 1904 3061; x_wconf 85' lang='lat' dir='ltr'><strong>erat</strong></span> <span class='ocrx_word' id='word_1_417' title='bbox 1920 3018 2063 3061; x_wconf 85' lang='lat' dir='ltr'><strong>Iero-</strong></span> 
     </span>
    </p>
   </div>
   <div class='ocr_carea' id='block_1_11' title="bbox 1213 3118 1731 3162">
    <p class='ocr_par' dir='ltr' id='par_1_27' title="bbox 1213 3118 1731 3162">
     <span class='ocr_line' id='line_1_87' title="bbox 1213 3118 1731 3162; baseline 0.012 -10"><span class='ocrx_word' id='word_1_418' title='bbox 1213 3122 1231 3141; x_wconf 85' lang='lat'><em>⁰</em></span> <span class='ocrx_word' id='word_1_419' title='bbox 1250 3128 1284 3153; x_wconf 83' lang='lat' dir='ltr'><strong>c.</strong></span> <span class='ocrx_word' id='word_1_420' title='bbox 1301 3120 1364 3157; x_wconf 77' lang='lat'><strong>10,</strong></span> <span class='ocrx_word' id='word_1_421' title='bbox 1382 3118 1443 3153; x_wconf 82' lang='lat'><strong>47.</strong></span> <span class='ocrx_word' id='word_1_422' title='bbox 1491 3125 1514 3151; x_wconf 79' lang='grc' dir='ltr'><em>Ρ</em></span> <span class='ocrx_word' id='word_1_423' title='bbox 1535 3130 1566 3157; x_wconf 88' lang='lat' dir='ltr'><strong>c.</strong></span> <span class='ocrx_word' id='word_1_424' title='bbox 1585 3122 1621 3162; x_wconf 86' lang='lat'><strong>8,</strong></span> <span class='ocrx_word' id='word_1_425' title='bbox 1641 3126 1674 3157; x_wconf 89' lang='lat'><strong>1.</strong></span> <span class='ocrx_word' id='word_1_426' title='bbox 1692 3125 1731 3157; x_wconf 83' lang='lat'><strong>4.</strong></span> 
     </span>
    </p>
   </div>
   <div class='ocr_carea' id='block_1_12' title="bbox 310 3262 2063 3321">
    <p class='ocr_par' dir='ltr' id='par_1_28' title="bbox 310 3262 2063 3321">
     <span class='ocr_line' id='line_1_88' title="bbox 310 3262 2063 3321; baseline 0.007 -21"><span class='ocrx_word' id='word_1_427' title='bbox 310 3264 425 3319; x_wconf 71' lang='lat' dir='ltr'><strong>Cap.</strong></span> <span class='ocrx_word' id='word_1_428' title='bbox 456 3263 544 3305; x_wconf 80' lang='lat' dir='ltr'><strong>xl.</strong></span> <span class='ocrx_word' id='word_1_429' title='bbox 602 3268 642 3305; x_wconf 85' lang='lat'><strong>2.</strong></span> <span class='ocrx_word' id='word_1_430' title='bbox 675 3264 953 3305; x_wconf 84' lang='lat' dir='ltr'><strong>ascendisset</strong></span> <span class='ocrx_word' id='word_1_431' title='bbox 979 3267 1148 3310; x_wconf 80' lang='lat' dir='ltr'><strong>autem3</strong></span> <span class='ocrx_word' id='word_1_432' title='bbox 1177 3262 1286 3305; x_wconf 74' lang='lat' dir='ltr'><strong>ibid.</strong></span> <span class='ocrx_word' id='word_1_433' title='bbox 1317 3266 1358 3307; x_wconf 85' lang='lat' dir='ltr'><strong>in</strong></span> <span class='ocrx_word' id='word_1_434' title='bbox 1392 3266 1760 3321; x_wconf 84' lang='lat' dir='ltr'><strong>Hierosolymam.</strong></span> <span class='ocrx_word' id='word_1_435' title='bbox 1819 3278 1860 3314; x_wconf 84' lang='lat'><strong>5.</strong></span> <span class='ocrx_word' id='word_1_436' title='bbox 1891 3274 1937 3313; x_wconf 90' lang='lat' dir='ltr'><strong>in</strong></span> <span class='ocrx_word' id='word_1_437' title='bbox 1957 3274 2063 3313; x_wconf 88' lang='lat' dir='ltr'><strong>civi-</strong></span> 
     </span>
    </p>
   </div>
   <div class='ocr_carea' id='block_1_13' title="bbox 186 3320 1143 3375">
    <p class='ocr_par' dir='ltr' id='par_1_29' title="bbox 186 3320 1143 3375">
     <span class='ocr_line' id='line_1_89' title="bbox 186 3320 1143 3375; baseline -0.004 -11"><span class='ocrx_word' id='word_1_438' title='bbox 186 3330 288 3364; x_wconf 85' lang='lat' dir='ltr'><strong>tate</strong></span> <span class='ocrx_word' id='word_1_439' title='bbox 318 3322 516 3375; x_wconf 83' lang='lat' dir='ltr'><strong>Joppen.</strong></span> <span class='ocrx_word' id='word_1_440' title='bbox 574 3324 615 3362; x_wconf 78' lang='lat'><strong>6.</strong></span> <span class='ocrx_word' id='word_1_441' title='bbox 647 3321 694 3361; x_wconf 86' lang='lat' dir='ltr'><strong>in</strong></span> <span class='ocrx_word' id='word_1_442' title='bbox 722 3334 823 3371; x_wconf 88' lang='lat' dir='ltr'><strong>quo.</strong></span> <span class='ocrx_word' id='word_1_443' title='bbox 884 3324 924 3360; x_wconf 91' lang='grc'><strong>8.</strong></span> <span class='ocrx_word' id='word_1_444' title='bbox 956 3320 1143 3361; x_wconf 86' lang='lat' dir='ltr'><strong>introiit.</strong></span> 
     </span>
    </p>
   </div>
   <div class='ocr_carea' id='block_1_14' title="bbox 1205 3324 2064 3369">
    <p class='ocr_par' dir='ltr' id='par_1_30' title="bbox 1205 3324 2064 3369">
     <span class='ocr_line' id='line_1_90' title="bbox 1205 3324 2064 3369; baseline 0.009 -8"><span class='ocrx_word' id='word_1_445' title='bbox 1205 3324 1270 3361; x_wconf 81' lang='lat'><strong>10.</strong></span> <span class='ocrx_word' id='word_1_446' title='bbox 1301 3334 1472 3364; x_wconf 82' lang='lat' dir='ltr'><strong>rursum</strong></span> <span class='ocrx_word' id='word_1_447' title='bbox 1502 3328 1661 3366; x_wconf 81' lang='lat' dir='ltr'><strong>omnia.</strong></span> <span class='ocrx_word' id='word_1_448' title='bbox 1729 3332 1796 3368; x_wconf 82' lang='lat'><strong>11.</strong></span> <span class='ocrx_word' id='word_1_449' title='bbox 1828 3328 2064 3369; x_wconf 82' lang='lat' dir='ltr'><strong>confestim</strong></span> 
     </span>
    </p>
   </div>
   <div class='ocr_carea' id='block_1_15' title="bbox 186 3374 2065 3491">
    <p class='ocr_par' dir='ltr' id='par_1_31' title="bbox 186 3374 2065 3491">
     <span class='ocr_line' id='line_1_91' title="bbox 186 3374 2065 3433; baseline 0.003 -14"><span class='ocrx_word' id='word_1_450' title='bbox 186 3387 288 3419; x_wconf 74' lang='lat' dir='ltr'><strong>tres</strong></span> <span class='ocrx_word' id='word_1_451' title='bbox 314 3378 416 3417; x_wconf 69' lang='lat' dir='ltr'><strong>vii-i.</strong></span> <span class='ocrx_word' id='word_1_452' title='bbox 478 3378 543 3416; x_wconf 84' lang='grc'><strong>13.</strong></span> <span class='ocrx_word' id='word_1_453' title='bbox 574 3379 620 3416; x_wconf 85' lang='lat' dir='ltr'><strong>et</strong></span> <span class='ocrx_word' id='word_1_454' title='bbox 646 3376 827 3417; x_wconf 82' lang='lat' dir='ltr'><strong>arcessi.</strong></span> <span class='ocrx_word' id='word_1_455' title='bbox 895 3378 961 3416; x_wconf 88' lang='lat'><strong>15.</strong></span> <span class='ocrx_word' id='word_1_456' title='bbox 996 3374 1178 3417; x_wconf 84' lang='lat' dir='ltr'><strong>decidit.</strong></span> <span class='ocrx_word' id='word_1_457' title='bbox 1239 3380 1304 3419; x_wconf 80' lang='lat'><strong>18.</strong></span> <span class='ocrx_word' id='word_1_458' title='bbox 1337 3376 1464 3420; x_wconf 87' lang='lat' dir='ltr'><strong>Deus</strong></span> <span class='ocrx_word' id='word_1_459' title='bbox 1493 3382 1815 3433; x_wconf 84' lang='lat' dir='ltr'><strong>paenitentiam</strong></span> <span class='ocrx_word' id='word_1_460' title='bbox 1843 3382 1903 3423; x_wconf 83' lang='lat' dir='ltr'><strong>ad</strong></span> <span class='ocrx_word' id='word_1_461' title='bbox 1928 3384 2065 3425; x_wconf 82' lang='lat' dir='ltr'><strong>vitam</strong></span> 
     </span>
     <span class='ocr_line' id='line_1_92' title="bbox 190 3428 2065 3491; baseline 0.004 -17"><span class='ocrx_word' id='word_1_462' title='bbox 190 3433 338 3475; x_wconf 76' lang='lat' dir='ltr'><strong>dedit.</strong></span> <span class='ocrx_word' id='word_1_463' title='bbox 414 3433 481 3473; x_wconf 81' lang='lat'><strong>19.</strong></span> <span class='ocrx_word' id='word_1_464' title='bbox 522 3430 787 3479; x_wconf 73' lang='lat' dir='ltr'><strong>Foenicem3</strong></span> <span class='ocrx_word' id='word_1_465' title='bbox 825 3428 931 3473; x_wconf 74' lang='lat' dir='ltr'><strong>ibid.</strong></span> <span class='ocrx_word' id='word_1_466' title='bbox 972 3430 1256 3475; x_wconf 79' lang='lat' dir='ltr'><strong>Anthioeiam</strong></span> <span class='ocrx_word' id='word_1_467' title='bbox 1293 3431 1382 3483; x_wconf 70' lang='lat' dir='ltr'><strong>(sic</strong></span> <span class='ocrx_word' id='word_1_468' title='bbox 1417 3432 1526 3476; x_wconf 72' lang='lat' dir='ltr'><strong>item</strong></span> <span class='ocrx_word' id='word_1_469' title='bbox 1561 3435 1731 3491; x_wconf 71' lang='lat' dir='ltr'><strong>infra).</strong></span> <span class='ocrx_word' id='word_1_470' title='bbox 1801 3440 1868 3477; x_wconf 82' lang='lat'><strong>21.</strong></span> <span class='ocrx_word' id='word_1_471' title='bbox 1901 3436 2065 3481; x_wconf 81' lang='lat' dir='ltr'><strong>multus</strong></span> 
     </span>
    </p>
   </div>
   <div class='ocr_carea' id='block_1_16' title="bbox 192 3489 620 3542">
    <p class='ocr_par' dir='ltr' id='par_1_32' title="bbox 192 3489 620 3542">
     <span class='ocr_line' id='line_1_93' title="bbox 192 3489 620 3542; baseline -0.007 -12"><span class='ocrx_word' id='word_1_472' title='bbox 192 3489 377 3542; x_wconf 84' lang='lat' dir='ltr'><strong>quidem</strong></span> <span class='ocrx_word' id='word_1_473' title='bbox 401 3499 620 3528; x_wconf 84' lang='lat' dir='ltr'><strong>numerus.</strong></span> 
     </span>
    </p>
   </div>
  </div>
 </body>
</html>
