2376 3925
281 151 351 195 lV
703 149 1254 197 COMMENTATIO
1309 153 1738 200 ISAGOGIGA.

279 295 472 352 opere,
499 276 650 353 quod
673 279 866 335 indole
891 298 994 336 sua
1017 281 1133 337 tale
1159 290 1249 337 est
1264 321 1282 352 ,
1310 290 1376 338 ut
1400 285 1464 338 in
1491 285 1802 339 multorum
1826 299 2027 340 manus
2056 303 2155 340 ve-

279 362 431 433 niat,
478 369 536 415 et
576 363 707 417 usui
733 363 1017 420 cultorum
1042 365 1341 420 literarum
1356 405 1375 436 ,
1410 373 1690 441 quotquot
1717 374 1851 422 sunt
1872 367 1970 442 qui
1998 367 2155 422 codi-

283 462 376 499 ces
403 452 684 518 quaerunt
708 453 768 499 et
792 443 904 501 hoc
931 464 1143 522 genere
1169 447 1489 502 studiorum
1510 447 1892 518 delectantur,
1912 450 2154 520 serviat3

279 535 505 595 tamen,
533 534 597 581 ut
623 525 690 582 fit
705 567 724 600 ,
750 526 1149 604 theologorum
1173 530 1370 586 oculos
1398 538 1457 585 et
1482 533 1666 586 aciem
1690 529 1874 606 fugit,
1901 539 1966 587 ut
1994 550 2066 586 ne
2092 532 2156 586 in

278 608 441 664 libris
472 609 735 684 quidem,
765 611 958 686 quales
982 609 1124 666 haec
1149 620 1306 668 aetas
1336 612 1535 684 edidit,
1565 614 1915 692 isagogicis,
1945 616 2041 689 qui
2072 614 2157 669 di-

283 699 521 762 cuntur,
563 694 626 748 in
666 693 852 749 studia
885 694 1305 768 lectionemque
1345 713 1639 761 sacrarum
1665 693 2095 770 scripturarum
2123 713 2159 752 a

279 775 423 830 viris
450 775 678 832 doctis‘
659 777 1087 851 ingeniosisque
1117 771 1419 834 Germanis
1443 778 1649 835 crebro
1680 780 2040 852 conscriptis,
2066 779 2155 834 ul-

281 857 396 913 lam
430 856 658 915 Codicis
690 858 973 914 rarissimi
1015 868 1072 913 et
1106 862 1423 939 pergravis
1437 863 1796 916 mentionem
1830 861 2042 916 factam
2066 864 2156 917 vi-

283 940 526 997 deamus.
613 941 778 1006 Quod
816 933 1044 1017 quidem
1077 942 1211 996 inde
1240 926 1666 1018 explicandum
1656 957 1825 1017 reor,
1862 942 2012 1019 quod
2034 948 2157 1001 rari

279 1023 534 1101 theologi
561 1032 722 1096 sunt,
764 1027 862 1100 qui
890 1025 951 1080 in
979 1034 1103 1080 arte
1133 1027 1337 1082 critica
1363 1027 1641 1084 librorum
1666 1045 1959 1083 sacrorum
1986 1045 2153 1082 exer-

281 1107 458 1162 cenda
491 1109 757 1184 gnaviter
799 1116 857 1164 et
893 1108 1154 1164 lubenter
1188 1119 1494 1166 versantur
1530 1103 1839 1187 (historica
1877 1111 2029 1165 enim
2054 1118 2156 1166 aut

278 1192 578 1266 exegetica
605 1191 794 1249 studia
819 1193 1076 1268 plerique
1102 1190 1500 1274 praeferunt);
1542 1194 1645 1249 alii
1668 1211 1830 1266 vero,
1855 1193 2153 1267 pauciores

277 1272 535 1347 quidem,
563 1292 627 1330 eo
656 1292 834 1350 usque
865 1277 1106 1331 criticen
1134 1283 1192 1330 et
1218 1279 1603 1354 superiorem,
1630 1294 1775 1351 quae
1801 1295 1893 1332 res
1920 1284 2153 1346 tractat,

279 1365 336 1409 et
376 1356 718 1427 inferiorem
759 1376 803 1413 s.
843 1357 1134 1414 verbalem
1150 1399 1166 1427 ‚
1223 1378 1367 1434 quae
1409 1361 1474 1414 in
1516 1359 1823 1416 verborum
1858 1357 2156 1414 authentia

279 1436 642 1512 disquirenda
667 1449 960 1512 versatur,
996 1441 1275 1514 oderunt,
1314 1450 1381 1498 ut
1414 1445 1477 1498 iu
1503 1443 1823 1498 temerariis
1855 1440 2153 1497 conatibus

277 1537 451 1576 verae
484 1522 657 1577 saluti
703 1525 1072 1600 evangelicae
1126 1523 1395 1581 damnum
1435 1525 1860 1600 perniciemque
1904 1524 2153 1579 illaturis

275 1601 426 1659 hanc
453 1612 635 1660 artem
660 1603 937 1678 habeant,
962 1606 1155 1662 hebeti
1181 1626 1320 1664 sane
1350 1609 1438 1663 illi
1464 1625 1777 1682 parumque
1806 1595 2152 1679 circumspe-

279 1693 370 1742 cto
393 1688 631 1760 judicio.
717 1688 868 1754 Quid
895 1691 1047 1744 enim
1072 1693 1257 1767 magis
1282 1693 1461 1766 pium,
1488 1688 1625 1791 quid
1647 1691 1833 1767 magis
1861 1688 2155 1764 evangeli-

283 1787 410 1825 cum
440 1772 686 1848 cogitari
713 1781 920 1846 potest,
950 1791 1120 1849 quam
1145 1783 1392 1846 textum,
1419 1776 1519 1849 qui
1543 1782 1633 1829 tot
1658 1772 1994 1830 mortalibus
2022 1787 2155 1826 san-

280 1861 404 1910 ctus
431 1852 563 1926 fuit,
593 1863 711 1927 est,
741 1857 881 1928 erit,
909 1856 1025 1912 dux
1049 1858 1207 1914 vitae
1234 1867 1405 1933 atque
1428 1858 1731 1933 magister,
1758 1873 2006 1931 purgare
2033 1871 2155 1909 ma-

277 1937 368 2013 gis
395 1939 692 2015 magisque
720 1957 753 1994 a
775 1939 1025 2009 mendis,
1061 1948 1383 2012 temporum
1409 1936 1816 2013 hominumque
1840 1937 2055 2011 injuria
2081 1936 2155 1992 il-

275 2022 441 2091 latis,
487 2030 544 2075 et
571 2022 642 2075 ad
671 2038 794 2075 eam
819 2021 1060 2075 sormam
1086 2028 1257 2095 atque
1294 2022 1612 2089 rationem,
1652 2038 1795 2095 quae
1824 2020 2155 2094 apostolicis

278 2102 624 2176 temporibus
670 2119 836 2177 quam
877 2103 1168 2157 simillima
1205 2109 1322 2173 est,
1373 2101 1593 2158 idoneis
1629 2102 1947 2158 rationibus
1984 2111 2157 2177 atque

275 2187 627 2261 argumentis
655 2180 956 2259 redigere?
1039 2183 1204 2239 Absit
1228 2184 1393 2239 modo
1422 2186 1658 2255 levitas,
1686 2185 1837 2241 absit
1861 2186 2155 2259 impietas3

277 2267 429 2343 quod
460 2268 668 2324 vitium
707 2284 874 2323 nemo
914 2266 1173 2341 profecto
1215 2268 1555 2323 extimescet
1588 2267 1653 2323 in
1696 2267 1771 2323 iis
1806 2270 1951 2324 viris
1988 2260 2156 2343 (sunt

275 2358 466 2406 autem
494 2345 751 2429 optimi),
780 2350 880 2424 qui
906 2366 1024 2405 non
1051 2358 1278 2406 tantum
1304 2358 1495 2405 mente
1515 2358 1575 2405 et
1589 2350 1846 2425 ingenio,
1862 2350 1964 2406 sed
1981 2352 2155 2405 etiam

275 2434 464 2489 animo
489 2434 686 2487 literas
713 2441 981 2488 tractant.
1013 2464 1085 2473 —
1117 2430 1504 2508 Reperiuntur
1528 2432 1777 2509 quidem,
1800 2434 2037 2508 quinon
2060 2451 2155 2488 re-

279 2523 480 2571 cusent
507 2517 725 2571 criticis
756 2514 1251 2591 disquisitionibus
1279 2516 1527 2572 detineri
1556 2525 1613 2570 et
1643 2515 1859 2591 aliquid
1879 2516 2155 2589 temporis

276 2600 340 2655 in
368 2598 759 2654 examinandis
785 2598 1278 2675 ponderandisque
1304 2598 1649 2655 lectionibus
1671 2598 2027 2654 variantibus
2054 2598 2157 2652 do-

275 2682 358 2737 mi
387 2699 734 2738 consumere.
801 2678 1104 2737 Rarissimi
1131 2691 1323 2737 tamen
1352 2682 1605 2737 omnium
1632 2690 1690 2736 et
1716 2681 2069 2737 tenacissimi
2092 2678 2158 2737 hi

279 2772 440 2835 sunt,
479 2767 578 2839 qui
621 2775 949 2821 exterarum
983 2764 1462 2821 bibliothecarum
1498 2767 1747 2838 majores
1776 2765 2065 2840 catalogos
2094 2764 2157 2818 in

275 2847 578 2903 itineribus
605 2846 716 2903 hoc
740 2848 854 2903 fine
883 2849 1160 2922 susceptis
1192 2849 1516 2918 consulunt,
1536 2854 1594 2901 et
1618 2846 1794 2903 libros
1821 2863 1992 2901 manu
2012 2847 2158 2901 scri-

275 2938 404 3003 ptos
431 2932 661 3004 proprio
691 2929 877 2986 Marte
903 2950 1020 2987 non
1045 2933 1170 2987 sine
1196 2931 1421 3001 labore,
1448 2930 1683 3001 sudore,
1713 2928 1977 2999 fastidio,
2006 2928 2158 3004 quod

274 3011 366 3069 his
403 3012 879 3087 occupationibus·
908 3015 1197 3088 peculiare
1244 3023 1363 3085 est,
1415 3021 1669 3069 tractant
1708 3019 1767 3066 et
1809 3010 2153 3067 describunt.

275 3094 343 3152 Id
366 3095 516 3171 quod
538 3104 765 3170 praeter
785 3094 1134 3169 Scholzium,
1155 3096 1467 3153 Rinckium
1496 3104 1554 3151 et
1578 3112 1669 3149 me
1700 3101 1923 3151 constat
1947 3092 2154 3149 fecisse

277 3182 562 3235 neminem
588 3176 986 3255 theologorum
1013 3181 1218 3236 aetatis
1244 3189 1474 3236 nostrae
1508 3173 1591 3251 ¹).
1622 3205 1693 3217 ——

411 3385 464 3443 1)
503 3383 771 3439 Utriusque
801 3382 1049 3429 formulae
1079 3386 1131 3429 et
1157 3384 1448 3431 Catholicae
1477 3386 1528 3430 et
1554 3380 1947 3429 Protestantium
1976 3380 2155 3425 docto·

278 3462 390 3509 res,
419 3450 471 3495 in
497 3452 702 3497 urbibus
732 3452 974 3511 agentes,
1011 3462 1138 3509 quae
1168 3450 1499 3499 bibliothecas
1526 3452 1673 3509 copia
1699 3447 2158 3506 manuscriptorum
