2376 3925
309 141 541 194 EPIST.
575 139 792 192 PAULI
825 141 924 191 AD
961 138 1409 193 CORINTHIOS
1444 143 1485 192 Ι.
1524 145 1676 195 cAP.
1700 149 1780 196 12.
1800 147 1884 198 13.

255 248 339 290 24.
359 246 774 291 Honestaautem
785 245 963 288 nostra
980 243 1098 286 nul-

181 313 286 358 lius
307 313 488 369 egent;
516 310 606 356 sed
631 310 770 355 Deus
801 310 1100 366 temperavit

181 392 402 437 corpus,
423 378 496 437 ei,
519 378 601 424 cui
621 376 815 434 deerat,
837 376 1097 422 abundan-

183 448 374 492 tiorem
394 443 661 493 tribuendo
683 443 945 500 honorem,

257 515 338 559 25.
374 514 557 558 utnon
577 511 643 556 sit
669 510 884 556 schisma
901 510 956 554 in
979 523 1097 556 cor-

183 593 334 638 pore,
374 579 464 625 sed
500 579 730 636 idipsum
764 590 859 635 pro
879 576 1098 624 invicem

185 647 394 694 solicita
413 645 517 691 sint
533 647 768 692 membra.

255 717 341 760 26.
383 713 453 758 Et
488 713 532 759 si
567 712 684 770 quid
721 712 908 770 patitur
942 723 1098 758 unum

185 783 482 840 membrum,
521 779 891 837 compatiuntur
929 779 1098 824 omnia

185 851 440 905 membra3
497 847 606 893 sive
652 845 902 904 gloriatur
945 859 1098 892 unum

187 917 466 961 membrum
484 945 500 973 ,
555 913 878 970 congaudent
929 913 1098 958 omnia

186 984 426 1028 membra.

261 1051 342 1094 27.
377 1049 484 1094 Vos
535 1049 704 1094 autem
757 1047 878 1093 estis
915 1058 1098 1104 corpus

192 1117 399 1174 Christi,
421 1119 472 1162 et
489 1117 712 1162 membra
732 1114 794 1159 de
811 1115 1034 1160 membro
1045 1119 1080 1160 ³.

259 1186 342 1228 28.
360 1183 429 1230 Et
447 1182 688 1240 quosdam
712 1181 912 1238 quidem
929 1180 1101 1238 posuit

170 1251 330 1297 ‘Deus
360 1251 415 1296 in
447 1249 681 1296 Ecclesia
717 1249 930 1306 primum
959 1249 1098 1305 Apo-

191 1318 384 1376 stolon,
413 1317 634 1363 secundo
655 1316 962 1374 Prophetas,
992 1318 1098 1361 ter-

190 1387 266 1431 tio
302 1383 600 1442 Doctores‘,
647 1383 826 1428 deinde
865 1383 1097 1441 virtutes,

192 1452 380 1500 exinde
402 1451 590 1509 gratias
611 1451 954 1508 curationum,
983 1449 1099 1506 opi-

190 1519 492 1578 tulationes,
540 1519 958 1576 gubernationes,
1007 1530 1099 1574 ge·-

189 1599 320 1633 nera
337 1586 622 1644 linguarum
627 1615 642 1644 ,
655 1585 1100 1641 interpretationes

191 1667 486 1701 sermonum
495 1657 536 1696 ¹⁴.

257 1724 344 1766 29.
379 1716 630 1774 Numquid
651 1729 824 1762 omnes
839 1714 1102 1772 Apostoli‘.²

191 1785 439 1842 numquid
451 1797 626 1830 omnes
635 1783 1102 1840 Prophetaeinum-

191 1855 314 1913 quid
335 1865 512 1898 omnes
531 1851 814 1896 Doctores?

261 1923 344 1969 3⁰.
381 1918 620 1976 numquid
651 1929 828 1964 omnes
857 1915 1103 1962 virtutes?

189 1988 436 2045 numquid
465 2000 640 2033 omnes
669 1986 882 2045 gratiam
918 1984 1106 2031 habent

193 2054 546 2105 curationum?
558 2052 796 2111 numquid
806 2064 980 2098 omnes
1000 2052 1101 2097 lin-

193 2125 310 2184 guis
329 2124 604 2179 loquuntur
616 2122 638 2167 ’ἔ
666 2120 907 2176 numquid
926 2133 1101 2165 omnes

193 2189 626 2249 interpretantur?

265 2260 345 2303 31.
374 2255 707 2303 Aemulamini
724 2257 890 2300 autem
909 2253 1101 2300 charis-

191 2327 331 2373 mata
348 2322 616 2371 meliora⁹l
653 2323 722 2367 Et
746 2322 907 2368 adhuc
927 2319 1101 2366 excel-

194 2392 466 2439 lentiorem
484 2391 616 2437 viam
631 2390 774 2437 vobis
793 2389 1101 2435 demonstro.

463 2510 632 2563 CAP.
690 2508 832 2559 X111.

197 2606 450 2648 charitatis
486 2604 733 2646 necessitas
771 2608 818 2645 et
861 2600 1102 2657 praeclara

559 2664 736 2702 natura.

263 2747 310 2790 1.
349 2745 404 2792 Si
420 2743 608 2802 linguis
627 2743 883 2789 hominum
902 2741 1100 2799 loquar,

199 2817 250 2859 et
277 2812 602 2869 angelorum3
641 2810 980 2855 charitatemw
1009 2821 1100 2853 au-

194 2884 298 2927 tem
315 2892 425 2924 non
444 2879 653 2925 habeam
665 2908 680 2936 ,
699 2876 862 2922 factus
881 2888 990 2920 sum
1012 2888 1101 2921 ve-

196 2948 274 2993 lut
309 2959 396 2992 aes
436 2958 652 3003 sonans,
701 2945 787 2989 aut
823 2940 1102 3001 cymbalum

197 3014 440 3061 tinniens.

243 3116 260 3136 ε
278 3120 319 3147 v.
337 3112 396 3145 12.
443 3112 462 3134 t
479 3107 585 3155 Eph.
604 3110 644 3149 4,
654 3111 714 3142 11.
761 3112 784 3131 ¹·
800 3117 840 3141 v.
852 3109 910 3142 10.

195 3161 231 3195 1.
249 3166 336 3203 sqq.
383 3162 416 3181 Ψ
433 3154 549 3190 Rom.
571 3157 628 3194 13,
648 3156 685 3190 8.
707 3162 790 3200 sqq.

957 3111 978 3130 ν
997 3116 1028 3141 c.
1039 3108 1099 3148 13,

1972 147 2072 198 275

1234 247 1281 290 2.
1316 245 1385 290 Et
1404 246 1447 290 si
1464 245 1687 292 habuero
1702 249 2017 307 prophetiam
2026 257 2070 310 ³,

1166 313 1223 357 et
1257 313 1491 372 noverim
1518 315 1761 372 mysteria
1798 317 1983 375 omnia,
2023 321 2073 362 et

1168 391 1369 424 omnem
1387 379 1674 440 scientiam,
1704 385 1757 428 et
1784 383 1828 428 si
1848 383 2069 429 habuero

1167 458 1369 492 omnem
1412 447 1585 505 fidem,
1634 449 1731 507 ita,
1780 453 1836 494 ut
1870 454 2070 496 montes

1163 515 1537 571 transferamy;
1576 515 1870 562 charitatem
1904 520 2071 564 autem

1165 593 1273 626 non
1292 580 1535 639 habuero,
1554 581 1685 627 nibil
1704 596 1826 628 sum.

1234 663 1281 707 3.
1315 663 1385 709 Et
1420 665 1465 710 si
1502 665 1803 712 distribuero
1840 667 1895 711 in
1931 667 2069 714 cibos

1165 744 1442 788 pauperum
1471 745 1647 778 omnes
1670 733 1934 779 facultates
1961 748 2069 780 me·-

1165 809 1221 844 as
1234 828 1249 856 ,
1271 801 1322 844 et
1340 799 1385 844 si
1406 799 1663 845 tradidero
1686 813 1869 857 corpus
1888 814 2069 858 meum,

1165 865 1253 924 ita,
1272 868 1330 911 ut
1348 865 1547 912 ardeam
1563 881 1577 923 3
1594 866 1887 912 charitatem
1906 871 2072 913 autem

1166 945 1273 978 non
1289 932 1511 979 habuero
1525 964 1539 992 ,
1560 933 1688 978 nihil
1706 934 1830 980 mihi
1848 934 2069 992 prodest.

1234 1020 1281 1061 4.
1338 1017 1567 1062 Charitas
1603 1016 1799 1075 patiens
1840 1019 1941 1076 et,
1980 1018 2071 1064 be-

1165 1082 1323 1140 nigna
1344 1087 1446 1141 est3
1482 1084 1824 1130 charitas-non
1848 1085 2071 1132 aemula-

1165 1153 1275 1208 tur,
1302 1163 1411 1196 non
1429 1151 1535 1208 agit
1554 1164 1844 1210 perperam,
1864 1165 1971 1198 non
1989 1153 2070 1197 in-

1165 1219 1343 1277 natm-3

1236 1287 1282 1329 5.
1337 1297 1445 1330 non
1499 1287 1578 1330 est
1621 1285 1910 1344 ambitiosa,
1967 1299 2071 1330 non

1167 1351 1390 1411 quaerit,
1413 1364 1539 1409 quae
1560 1365 1651 1398 sua
1669 1354 1807 1411 sunt,
1828 1366 1934 1398 non
1954 1353 2073 1398 irri-

1165 1422 1319 1478 tatur,
1341 1433 1447 1465 non
1471 1419 1661 1476 cogitat
1679 1419 1889 1477 malum3

1236 1490 1281 1532 6.
1318 1500 1421 1532 non
1446 1487 1631 1544 gaudet
1656 1500 1808 1545 super
1834 1487 2073 1544 iniquita—

1166 1557 1235 1614 te,
1259 1554 1544 1613 congaudet
1562 1557 1727 1600 autem
1748 1555 1977 1613 veritati3

1237 1623 1284 1666 ’7.
1323 1622 1493 1667 omnia
1504 1622 1697 1680 suffert,
1711 1621 1880 1667 omnia
1897 1621 2072 1679 credit,

1171 1689 1341 1734 omnia
1362 1690 1547 1746 sperat,
1571 1689 1740 1733 omnia
1760 1689 1989 1734 sustinet.

1239 1757 1285 1799 8.
1324 1754 1552 1800 Charitas
1572 1767 1841 1810 numquam
1860 1754 2073 1801 excidit:

1171 1821 1281 1866 sive
1316 1821 1643 1879 prophetiae¹⁵
1684 1823 2074 1877 evacuabuntur,

1171 1887 1281 1934 sive
1302 1889 1507 1946 linguae
1529 1889 1818 1947 cessabunt,
1848 1888 1955 1934 sive
1977 1888 2076 1933 sci-

1172 1955 1311 2002 entia
1331 1954 1632 2001 destruetur.

1240 2026 1286 2069 9.
1330 2024 1413 2070 Ex
1450 2026 1593 2081 parte
1636 2023 1768 2069 enim
1807 2024 2076 2082 cog-nosci-

1167 2105 1307 2149 mus3
1331 2094 1381 2137 et
1401 2104 1465 2137 ex
1486 2094 1627 2148 parte
1648 2091 2033 2149 prophetamus3

1238 2160 1318 2204 10.
1357 2172 1467 2205 cum
1494 2161 1661 2205 autem
1688 2159 1912 2218 venerit,
1943 2160 2075 2216 quod

1168 2228 1447 2284 perfectum
1470 2229 1562 2286 est,
1586 2227 1926 2285 evacuabitur,
1944 2226 2077 2283 quod

1171 2308 1238 2340 ex
1257 2297 1399 2351 parte
1421 2297 1512 2339 est.

1238 2363 1318 2406 11.
1357 2362 1480 2407 Cum
1508 2374 1671 2407 essem
1697 2359 1965 2418 parvulus,
1994 2359 2075 2403 lo-

1170 2430 1359 2485 quebar
1378 2431 1435 2473 ut
1452 2428 1691 2486 parvulus
1706 2458 1719 2485 ,
1750 2427 2004 2484 sapiebam
2021 2428 2077 2470 ut

1169 2494 1436 2553 parvulus,
1479 2495 1760 2552 cogitabam
1796 2495 1853 2539 ut
1886 2505 2075 2550 parvu-

1169 2562 1249 2607 lus
1263 2576 1276 2619 3
1291 2562 1489 2618 quando
1504 2563 1669 2607 autem
1680 2562 1839 2606 factus
1853 2572 1960 2605 sum
1978 2559 2073 2617 vir,

1171 2630 1429 2687 evacuavi,
1452 2642 1579 2685 quae
1599 2631 1745 2675 erant
1762 2626 1975 2683 parvuli.

1238 2710 1317 2754 12.
1354 2709 1591 2754 Videmus
1619 2722 1755 2753 nunc
1783 2720 1875 2763 per
1894 2720 2073 2765 specu-

1168 2776 1273 2821 lum
1309 2777 1361 2822 in
1400 2776 1708 2833 aenigmate;
1754 2775 1874 2820 tunc
1911 2780 2074 2821 autem

1170 2844 1300 2888 facie
1322 2842 1381 2887 ad
1403 2843 1598 2888 faciem.
1650 2842 1796 2887 Nunc
1817 2854 2072 2901 cognosco

1171 2924 1237 2956 ex
1257 2912 1398 2966 parte
1411 2924 1423 2965 3
1438 2911 1733 2954 tuncautem
1752 2922 2073 2969 cognoscam,

1169 2977 1301 3023 sicut
1320 2978 1370 3021 et
1389 2976 1621 3033 cognitus
1642 2990 1765 3022 sum.

1238 3043 1317 3088 13.
1353 3042 1499 3088 Nunc
1518 3046 1682 3090 autem
1700 3046 1921 3103 manent,
1933 3042 2071 3100 fides,

1217 3157 1245 3175 τ
1262 3162 1297 3187 c.
1316 3155 1377 3193 14,
1393 3154 1429 3189 3.
1476 3158 1500 3186 ν
1517 3152 1661 3188 Matth.
1682 3156 1740 3196 21,
1758 3156 1817 3191 21.
1866 3160 1884 3177 ¹
1903 3164 1937 3189 c.
1956 3154 2017 3192 14,
2038 3155 2074 3189 3.

315 3301 432 3355 Cap.
459 3298 570 3342 XII.
626 3304 696 3343 25.
727 3304 831 3342 sunt
857 3300 1056 3341 membra
1085 3298 1183 3351 (sic,
1204 3312 1305 3341 cum
1324 3298 1528 3349 obelisco,
1549 3304 1629 3343 sed
1639 3302 1730 3343 sint
1748 3299 1890 3343 literis
1909 3298 2075 3341 minus·

199 3357 310 3423 culis
328 3357 548 3401 &mea-aem
565 3358 669 3411 ese).

197 3426 386 3466 majora.

727 3360 796 3398 28.
816 3354 954 3397 Deest
971 3356 1369 3408 interpretationes
1387 3368 1651 3397 sermonum.
1710 3360 1779 3397 31.
1808 3354 2078 3395 charismata

472 3409 606 3454 xm.
665 3416 708 3454 2.
737 3416 786 3454 et
807 3410 998 3453 habuero
1021 3411 1163 3465 (deest
1182 3411 1260 3464 si).

1319 3414 1359 3451 3.
1392 3424 1551 3461 meum,
1572 3414 1619 3452 ut
1636 3410 1792 3451 ardeat
1812 3410 1952 3463 (deest
1971 3410 2077 3464 ita).

199 3475 239 3514 6.
263 3482 400 3524 super
418 3468 715 3520 iniquitatem.
775 3472 815 3510 8.
847 3466 1046 3511 excedit.
1104 3468 1172 3509 11.
1214 3466 1389 3519 quando
1410 3466 1560 3508 factus
1578 3479 1672 3506 sum
1697 3465 1841 3519 (deest
1856 3465 2039 3518 autem).
