2376 3925
493 193 761 244 ACTUS
812 195 1457 251 APOSTOLORUM.
1514 203 1680 254 CAP.
1720 204 1803 255 16.

1981 207 2080 258 215

205 263 2082 296 Ἣ

280 295 361 338 18.
395 295 505 340 Hoc
526 297 694 342 autem
712 296 927 344 faciebat
941 298 1110 344 multis

1180 303 1382 358 apertas
1405 305 1621 354 carceris
1635 337 1650 365 ,
1681 311 1950 367 evaginato
1969 312 2079 372 gla-

210 359 401 407 diebus.
443 361 638 408 Dolens
658 364 823 408 autem
839 364 1040 424 Paulus,
1062 368 1113 412 et
1180 367 1262 414 dio
1284 369 1487 417 volebat
1508 385 1562 419 se
1581 373 1864 424 interficere
1877 409 1894 438 ,
1924 383 2078 428 aesti-

210 440 507 486 conversus,
522 429 720 485 spiritui
740 430 889 476 dixit:
906 432 1108 478 Praeci-

204 495 295 552 pio
331 495 425 540 tibi
450 495 504 540 in
532 496 737 542 nomine
764 498 887 542 Jesu
924 499 1109 544 Christi

205 561 353 608 exire
374 565 436 608 ab
458 575 517 607 ea
530 561 540 606 Ξ
553 562 621 606 Et
632 563 757 609 exiit
775 564 947 610 eadem
965 565 1107 612 hora.

271 630 352 673 19.
410 629 663 676 Videntes.
702 632 868 676 autem
920 631 1109 678 domini

203 695 333 754 ejus,
375 695 493 752 quia
530 696 689 742 exivit
723 711 837 754 spes
874 703 1106 754 quaestus

203 776 412 820 eorum,
443 763 873 820 apprehendentes
898 765 1106 810 Paulum

202 832 257 875 et
284 825 472 876 Silami
496 829 843 886 perduxerunt
867 832 920 877 in
942 834 1107 878 forum

204 896 269 942 ad
288 896 570 954 principes3

274 959 354 1008 2⁰.
391 967 443 1009 et
488 964 762 1010 offerentes
810 978 899 1010 eos
944 966 1106 1022 magi-

202 1030 469 1088 stratibus,
500 1030 761 1078 dixerunt:
792 1032 859 1078 Hi
878 1033 1106 1078 homines

203 1089 541 1143 conturbant&
577 1097 831 1143 civitatem
863 1101 1105 1158 nostram,

203 1178 317 1211 cum
337 1165 439 1209 sint
454 1165 659 1222 Judaei;
1102 1223 1111 1236 ἱ

271 1233 333 1275 21
341 1263 353 1276 .
368 1233 420 1277 et
430 1233 737 1278 annunciant
747 1245 1107 1292 morem,quem

198 1312 309 1344 non
330 1298 453 1343 licet
468 1299 613 1346 nobis
635 1301 892 1358 suscipere
905 1331 919 1360 ,
940 1314 1105 1357 neque

196 1368 393 1423 facere,
415 1379 523 1411 cum
544 1367 697 1413 simus
715 1368 944 1413 Romani.

269 1435 351 1477 22.
388 1433 455 1477 Et
473 1435 692 1480 cucurrit
712 1434 851 1491 plebs
863 1435 1103 1481 adversus

196 1513 293 1546 eoa
307 1501 383 1558 3et
400 1501 719 1558 magistratus
731 1501 900 1548 scissis
920 1503 1103 1548 tunicis

198 1580 397 1662 eorum,
414 1568 679 1625 jusserunt
697 1580 787 1615 eos
806 1569 965 1626 virgis
987 1583 1103 1616 cae-

195 1634 251 1679 di
284 1664 298 1677 .

262 1703 346 1746 23.
384 1701 455 1746 Et
478 1714 591 1746 cum
616 1699 798 1746 multas
828 1701 1003 1758 plagas
1030 1702 1104 1748 eis

194 1768 589 1825 imposuissent,
636 1767 882 1812 miserunt
926 1780 1015 1812 eos
1051 1768 1105 1812 in

194 1846 482 1891 carcerem,
502 1833 870 1890 praecipientes
892 1834 1103 1892 custodi,

190 1905 248 1949 ut
267 1901 547 1958 diligenter
567 1899 845 1946 custodiret
865 1913 969 1946 eos.

262 1972 345 2015 24.
385 1969 485 2021 Qui
513 1982 625 2015 cum
652 1968 753 2015 tale
783 1970 1103 2027 praeceptum

192 2036 502 2095 accepisset,
530 2036 669 2082 misit
689 2048 777 2083 eos
798 2037 851 2081 in
884 2037 1101 2083 interio-

188 2119 306 2151 rem
343 2118 613 2163 carcerem,
654 2107 705 2151 et
740 2104 893 2161 pedes
924 2116 1100 2151 eorum

192 2172 405 2219 strinxit
421 2172 580 2229 ligno.

264 2241 346 2283 25.
382 2238 551 2285 Media
577 2240 745 2285 autem
772 2239 945 2296 nocte,
965 2239 1097 2283 Pau-

190 2307 277 2352 lus
299 2308 349 2350 et
367 2305 495 2351 Silas
526 2308 755 2363 orantes,
782 2305 1098 2351 laudabantm

190 2374 385 2429 Deum
416 2376 467 2419 et
492 2373 761 2419 audiebant
788 2385 903 2432 eos,
932 2372 1018 2429 qui
1043 2372 1096 2418 in

192 2440 425 2486 custodia
445 2442 603 2485 erant.

263 2508 344 2550 26.
382 2507 555 2553 Subito
586 2518 709 2552 vero
736 2508 904 2553 terrae
929 2508 1094 2555 motus

190 2574 358 2619 factus
379 2575 455 2618 est
470 2586 681 2631 magnus
695 2604 709 2631 ,
730 2573 825 2631 ita,
846 2575 901 2619 ut
916 2587 1093 2621 move-

188 2642 373 2686 rentur
407 2641 728 2688 fundamenta
764 2641 1005 2699 carceris3
1045 2644 1095 2687 et

192 2707 365 2753 statim
393 2710 565 2764 aperta
592 2710 710 2753 sunt
738 2708 905 2753 omnia
934 2708 1090 2764 ostia;

190 2778 245 2820 et
292 2774 645 2821 universorum
692 2774 892 2821 vincula
928 2774 1094 2820 soluta

188 2844 327 2887 sunt.
538 2869 542 2874 -

258 2909 340 2953 27.
376 2906 778 2965 Expergefactus
808 2908 973 2953 autem
1004 2920 1091 2952 cu-

188 2977 299 3021 stos
341 2974 577 3032 carceris,
617 2974 668 3019 et
705 2972 877 3018 videns
909 2972 1090 3030 januas

235 3088 252 3117 i
273 3102 307 3127 c.
324 3093 394 3133 15,
412 3094 471 3128 22.
517 3089 539 3117 k
557 3104 591 3127 c.
611 3094 678 3133 17,
696 3092 732 3127 6.
762 3090 825 3132 24,
843 3091 878 3126 5.
926 3087 941 3114 ¹
956 3092 980 3124 2
999 3087 1089 3126 Cor.

185 3142 249 3181 n,
267 3141 329 3175 25.
362 3142 384 3174 1
403 3137 551 3174 Thess.
570 3141 605 3179 2,
626 3140 660 3172 2.
707 3143 736 3161 ’¹¹
756 3148 787 3173 c.
808 3138 844 3175 5,
864 3137 924 3171 41.

1175 449 1338 496 mans,
1357 437 1548 495 fugisse
1568 441 1780 489 vinctos.

1244 521 1324 564 28.
1347 521 1592 568 clamavit
1609 526 1772 572 autem
1782 529 1966 576 Paulus
1983 545 2077 578 vo·-

1176 600 1234 632 ce
1251 600 1450 647 magna,
1473 590 1668 636 dicens:
1698 594 1834 640 Nihil
1851 598 1942 644 tibi
1958 601 2078 646 mali

1175 653 1622 703 fecerisluniversi
1641 661 1774 705 enim
1794 662 1873 709 hic
1891 679 2074 714 sumus.

1243 739 1322 782 29.
1357 738 1620 796 petitoque
1661 743 1872 805 lumine,
1911 748 2074 796 intro-

1175 815 1378 859 gressus
1401 808 1502 863 est;
1524 810 1575 852 et
1593 811 1931 874 tremefactus,
1952 830 2074 874 pro-

1176 870 1296 914 cidit
1313 872 1469 917 Paulo
1492 877 1543 919 et
1563 876 1698 922 Silae
1719 879 1780 924 ad
1799 882 1980 942 pedes3

1243 955 1322 998 30.
1369 958 1419 1000 et
1461 959 1744 1014 producens
1784 977 1872 1010 eos
1918 967 2074 1026 foras,

1175 1019 1269 1065 ait:
1291 1021 1518 1070 Domini!
1539 1027 1656 1082 quid
1673 1042 1754 1074 me
1777 1034 1980 1089 oportet
1996 1035 2074 1080 fa-

1175 1101 1308 1146 cere,
1333 1093 1386 1134 ut
1403 1090 1570 1138 salvus
1589 1095 1770 1142 flama?

1243 1157 1320 1200 31.
1357 1159 1422 1201 At
1439 1158 1514 1203 illi
1535 1160 1794 1209 dixerunt:
1809 1167 2002 1212 Crede⁰
2020 1169 2074 1213 in

1173 1222 1441 1268 Dominum
1469 1225 1666 1287 Jesum,
1697 1233 1748 1274 et
1775 1232 1944 1278 salvus
1973 1237 2073 1280 eris

1173 1291 1244 1346 tu,
1269 1291 1318 1334 et
1338 1289 1510 1336 domus
1533 1294 1630 1338 tua.

1241 1357 1319 1400 32.
1353 1355 1420 1401 Et
1445 1357 1603 1405 locuti
1641 1365 1758 1407 sunt
1791 1365 1840 1410 ei
1867 1369 2075 1414 verbum

1172 1422 1394 1481 Domini,
1417 1437 1527 1469 cum
1547 1429 1774 1475 omnibus
1789 1461 1804 1489 ,
1825 1431 2075 1488 quierant

1171 1489 1226 1534 in
1246 1490 1393 1535 domo
1416 1491 1541 1548 ejus.

1239 1558 1318 1602 33.
1353 1557 1420 1603 Et
1438 1559 1623 1606 tollens
1645 1574 1732 1608 eos
1762 1565 1815 1610 in
1839 1565 1928 1611 illa
1945 1568 2073 1614 hora

1170 1624 1363 1682 noctis,
1403 1625 1527 1672 lavit
1562 1628 1734 1686 plagas
1772 1645 1972 1691 eorum3
2022 1639 2072 1681 et

1172 1691 1450 1746 baptizatus
1471 1696 1548 1739 est
1565 1695 1700 1753 ipse,
1723 1700 1775 1742 et
1794 1701 1956 1746 omnis
1979 1702 2070 1748 do-

1171 1769 1281 1800 mus
1303 1757 1412 1814 eJus
1434 1761 1692 1807 continuo.

1242 1824 1320 1868 34.
1359 1826 1577 1883 Cumque
1619 1829 1941 1885 perduxisset
1983 1848 2070 1880 eos

1172 1889 1225 1935 in
1265 1890 1463 1935 domum
1509 1906 1670 1952 suam,
1721 1899 1953 1953 apposuit
1996 1901 2069 1947 eis

1170 1971 1410 2016 mensam,
1425 1960 1476 2004 et
1492 1958 1704 2007 laetatus
1715 1966 1793 2009 est
1801 1980 1912 2011 cum
1931 1970 2068 2015 omni

1172 2025 1319 2070 domo
1341 2038 1446 2084 sua,
1469 2027 1678 2073 credens
1698 2029 1827 2077 Deo.
2067 2086 2071 2093 .

1235 2094 1315 2139 35.
1349 2093 1418 2138 Et
1443 2108 1555 2141 cum
1584 2096 1688 2142 dies
1726 2100 1885 2146 factus
1917 2107 2064 2162 esset,

1164 2160 1412 2206 miserunt
1453 2163 1777 2220 magistratus
1842 2168 2066 2229 lictores,

1166 2226 1412 2274 dicentes:
1435 2230 1641 2277 Dimitte
1659 2232 1886 2281 homines
1905 2236 2046 2283 illos!

1234 2297 1312 2340 36.
1347 2296 1618 2344 Nunciavit
1670 2302 1836 2347 autem
1898 2309 2065 2350 custos

1164 2364 1382 2409 carceris
1405 2366 1558 2411 verba
1577 2366 1700 2413 haec
1718 2369 1902 2415 Paulo:
1935 2372 2064 2422 Quia

1162 2431 1408 2476 miserunt
1423 2433 1760 2491 magistratus,
1771 2438 1828 2480 ut
1846 2436 2062 2482 dimitta-

1161 2498 1311 2554 mini3
1343 2511 1476 2544 nunc
1506 2499 1664 2556 igitur
1693 2505 1964 2562 exeuntes,
1993 2504 2062 2550 ite

1162 2564 1214 2609 in
1235 2564 1379 2620 pace!

1229 2632 1308 2675 37.
1353 2631 1537 2677 Paulus
1584 2635 1750 2680 autem
1793 2634 1924 2681 dixit
1959 2638 2058 2683 eis:

1163 2699 1348 2743 caesos
1369 2712 1464 2745 nos
1483 2699 1706 2758 publice,
1727 2701 2058 2765 indemnatos,

1159 2765 1388 2811 homines
1415 2767 1711 2811 Romano-P
1739 2768 1982 2818 miserunt
2005 2774 2058 2819 in

1161 2844 1431 2889 carcerem,
1473 2836 1524 2879 et
1558 2846 1692 2878 nunc
1732 2837 1926 2885 occulte
1962 2854 2057 2887 nos

1159 2898 1400 2955 ejiciunt?
1419 2900 1536 2943 Non
1555 2898 1648 2945 ita!
1669 2902 1756 2946 sed
1775 2906 1998 2966 veniant,

1227 2964 1306 3009 38.
1343 2967 1393 3009 et
1410 2964 1508 3022 ipsi
1527 2978 1623 3011 nos
1644 2968 1860 3025 ejiciant.
1913 2974 2058 3019 Nun-

1158 3030 1426 3077 ciaverunt
1477 3034 1640 3079 autem
1687 3039 2057 3096 magistratibus

1203 3145 1224 3163 n
1246 3150 1278 3173 c..
1297 3141 1333 3180 2,
1352 3142 1412 3175 37.
1462 3147 1480 3167 ο
1497 3142 1623 3179 Marc.
1641 3148 1702 3187 16,
1719 3148 1776 3183 ιθ.
1822 3154 1847 3180 12
1868 3160 1902 3183 ο.
1921 3150 1982 3189 22,
1991 3150 2052 3183 2⁵.

308 3283 420 3337 Cap.
450 3282 581 3325 XVI.
641 3286 709 3324 22.
740 3287 787 3324 et
803 3286 1036 3327 concurrit·
1096 3287 1164 3327 24.
1199 3254 1353 3330 strilxit
1372 3289 1419 3330 in
1439 3287 1561 3341 ligno
1581 3290 1704 3345 (sic).
1765 3297 1832 3335 25.
1861 3294 2052 3335 adoran·

188 3345 262 3381 tes
292 3341 437 3381 Deum
475 3338 677 3389 hymnum
716 3338 937 3381 dicebant.
997 3340 1059 3381 Et
1086 3341 1342 3384 audiebant.
1410 3348 1477 3386 26.
1517 3350 1564 3388 et
1589 3352 1748 3401 aperta
1772 3352 1875 3389 sunt
1900 3350 2053 3391 statim

187 3395 312 3437 ostia
338 3394 500 3435 omnia.
575 3397 641 3435 27.
685 3398 867 3448 apertas
890 3394 1064 3445 januas.
1142 3400 1210 3438 28.
1250 3396 1388 3442 Deest
1411 3405 1584 3453 autem3
1612 3401 1718 3445 ibid.
1745 3415 1902 3454 magna
1918 3416 2051 3453 voce;

186 3450 299 3493 ibid.
319 3448 426 3491 mali
447 3449 542 3490 tibi.

186 3506 373 3548 mittite.
430 3508 499 3546 31.
532 3504 809 3547 abscondite.

600 3452 669 3491 29.
690 3450 749 3491 ad
770 3450 909 3503 pedes
928 3450 1071 3493 Paulo
1092 3458 1140 3495 et
1158 3450 1297 3497 Silae.
1357 3458 1423 3498 31.
1445 3456 1490 3498 ἰιι
1511 3458 1700 3500 Domino
1712 3456 1834 3499 Jesu-
1893 3461 1961 3501 35.
1985 3459 2052 3501 di-
