2376 3925
742 185 1094 239 MARCUS.
1166 186 1340 239 CAP.
1377 188 1429 239 9.
1450 190 1534 239 1⁰.

185 268 193 274 ’
265 291 351 334 48.
387 288 564 334 Omnis
585 289 723 336 enim
746 289 865 348 igne
885 289 1112 349 salietur,

190 359 253 403 et
270 357 439 402 omnis
457 356 669 403 victima
686 356 822 404 sale⁶
840 357 1067 404 salietur.

263 425 349 470 49.
382 423 587 470 Bonum
630 425 709 470 est
746 424 849 482 sal;
897 424 1033 481 quod
1068 423 1113 470 si

192 483 315 538 sala
332 490 587 537 insulsum
604 492 773 551 fuerit,
791 492 847 538 in
868 505 968 549 quo
988 491 1113 538 illud
1172 523 1179 531 ·

194 558 454 605 condietis
466 559 488 604 ἓ
526 559 717 606 Habete
744 560 801 606 in
829 559 976 607 vobis
1017 558 1111 619 sal,

194 628 253 673 et
270 639 456 684 pacem
468 631 489 655 ⁰
504 625 683 674 habete
700 627 839 674 inter
858 625 975 675 vos!

508 737 679 790 CAP.
736 739 807 790 X.

195 838 483 880 Matrimonii
496 835 744 880 vinculum.
790 837 1014 881 Parvulos
1031 838 1111 880 be-

194 891 363 936 nevole
398 895 577 948 excipit
616 892 841 937 Christus.
903 894 1111 938 Divitum

200 948 331 992 salus
352 949 569 1002 difficilis.
600 949 860 994 Praemium
870 952 1021 993 omnia
1038 961 1111 992 re-

196 1005 511 1058 linquentibus
547 1007 832 1061 promissum.
903 1005 1112 1049 Christus

198 1066 454 1104 extremam
492 1067 661 1104 sortem
697 1074 825 1104 suam
852 1062 1111 1104 adnuntiat.

196 1115 350 1159 Filios
368 1116 599 1160 Zebedaei
629 1121 891 1172 ceterosque
913 1118 1113 1174 discipu·

193 1171 271 1215 los
281 1173 336 1216 «lo
341 1177 429 1215 cet.
456 1174 763 1217 Bai-timaeum
774 1185 851 1216 cae
856 1188 954 1216 cum
964 1177 1112 1217 sanat.

262 1269 313 1312 1.
350 1257 390 1306 f
399 1266 470 1312 Et
494 1266 612 1314 inde
652 1281 939 1326 exsurgens
968 1267 1114 1316 venit

194 1335 252 1380 in
270 1336 401 1380 fines
422 1335 455 1380 J
458 1334 644 1382 udaeae
664 1335 797 1382 ultra
806 1337 837 1382 J
841 1336 1109 1394 ordanem3

195 1404 251 1448 et
280 1401 599 1448 conveniunt
624 1403 809 1450 iterum
832 1402 1010 1450 turbae
1048 1403 1110 1449 ad

196 1483 314 1515 eum
325 1484 340 1528 ς
355 1471 405 1516 et
414 1470 545 1516 sicut
554 1473 910 1532 consueverat,
928 1471 1111 1518 iterum

198 1537 417 1584 docebat
434 1537 569 1584 illos.

269 1606 317 1649 2.
352 1604 421 1650 Et
440 1605 737 1652 accedentes
748 1606 1010 1653 Pharisaei
1026 1607 1111 1652 in·-

194 1674 533 1730 terrogabant
568 1685 706 1719 eum:
747 1674 803 1720 Si
836 1674 959 1721 licet
993 1673 1109 1721 viro

194 1751 426 1785 uxorem
494 1739 775 1787 ‹limitem-ez
855 1743 1111 1789 tentantes

198 1820 339 1852 eum.

273 1875 323 1919 3.
357 1875 426 1919 At
436 1873 522 1921 ille
530 1875 864 1934 respondens,
877 1874 1011 1921 dixit
1020 1874 1111 1921 eis:

201 1941 343 1997 Quid
364 1942 507 1989 vobis
526 1943 786 2003 praecepit
802 1942 1047 2003 Moyses}

263 2012 313 2057 4.
354 2010 1113 2071 QuidixeruntzMoyseseper-

194 2078 335 2125 misit
370 2078 598 2127 libellum
633 2079 832 2137 repudii
868 2080 1109 2140 scribere,

198 2150 250 2193 et
268 2146 539 2193 dimittere.

266 2216 312 2260 5.
353 2214 546 2267 Quibus
589 2215 906 2273 respondens
942 2216 1109 2274 Iesus,

196 2282 292 2327 ait:
346 2280 427 2327 Ad
462 2281 698 2328 duritiam
737 2281 904 2328 cordis
951 2282 1114 2328 vestri

196 2348 404 2407 scripsit
420 2349 571 2396 vobis
590 2351 915 2407 praeceptum
933 2348 1091 2406 istud3

265 2419 311 2461 6.
340 2419 411 2463 ab
448 2416 599 2462 initio
636 2417 803 2463 autem
848 2418 1111 2462 creaturae

197 2483 531 2580 „masc1}lum‚
555 2484 607 2531 et
624 2484 863 2531 feminam
881 2484 1004 2530 fecit
1020 2496 1111 2531 eos

196 2552 380 2612 „Deus
404 2556 436 2596 ⁸.

266 2620 316 2665 7.
355 2618 608 2679 „Propter
626 2618 725 2666 hoc
742 2618 998 2677 relinquet
1014 2618 1113 2665 ho-

199 2699 325 2747 „mo
344 2687 539 2744 patrem
558 2700 719 2746 suum,
743 2689 794 2733 et
812 2691 1039 2747 matrem,
1062 2688 1114 2733 et

197 2752 536 2814 „adhaerebit
554 2754 616 2799 ad
634 2767 854 2801 uxorem
872 2768 1043 2811 suam3

269 2823 317 2865 8.
354 2826 445 2880 „et
495 2824 646 2868 erunt
700 2821 797 2867 duo
851 2822 907 2867 in
959 2833 1112 2867 carne

196 2882 382 2935 una³'.“
416 2890 590 2946 Itaque
606 2889 713 2947 ⁸iam
728 2901 837 2934 non
856 2890 975 2951 sunt
993 2888 1111 2948 duo,

201 2956 291 3002 sed
306 2968 413 3001 una
433 2969 572 3002 caro.

270 3026 316 3069 9.
357 3022 507 3076 Quod
526 3035 651 3082 ergo
662 3024 802 3070 Deus
824 3021 1112 3083 conjunxit,

200 3090 355 3136 homo
375 3103 487 3137 nou
505 3093 724 3149 separet.

247 3192 265 3211 ⁸
279 3184 413 3223 Levit.
433 3189 471 3228 2,
491 3190 550 3224 13.
598 3185 620 3213 ¹1
636 3184 784 3223 Manli.
802 3190 839 3229 5,
857 3190 917 3224 13.
962 3192 980 3213 θ
995 3184 1113 3221 Rom.

2029 193 2094 242 '71

1251 291 1334 336 10.
1367 290 1439 336 Et
1462 291 1518 336 in
1547 291 1698 352 domo
1725 293 1911 340 iterum
1939 295 2092 342 disci-

1182 356 1292 414 puli
1320 357 1432 415 ejus
1453 357 1514 405 de
1534 359 1711 406 eodem
1731 359 2091 420 interrogave-

1178 425 1304 470 runt
1321 438 1451 471 eum.

1249 506 1330 550 11.
1365 505 1436 550 Et
1470 505 1544 552 ait·
1575 505 1704 552 inis:
1744 503 2091 567 Quicumque⁶

1180 571 1430 619 dimiserit
1446 586 1667 619 uxorem
1685 587 1848 635 suam,
1869 578 1921 622 et
1939 577 2092 623 aliam

1180 639 1414 700 duxerit,
1470 640 1775 687 adulterium
1826 644 2092 691 committit

1178 719 1332 766 super
1350 721 1477 754 eam.

1247 790 1328 834 12.
1354 788 1424 836 Et
1441 788 1487 835 si
1503 801 1641 836 uxor
1662 788 1908 837 dimiserit
1924 791 2092 838 virum

1179 869 1351 916 suum,
1382 858 1435 903 et
1451 855 1540 904 alii
1566 858 1825 918 nupserit,
1852 858 2091 904 moecha-

1248 993 1328 1038 13.
1363 983 1459 1038 ‘Et
1487 992 1769 1040 offerebant
1795 991 1874 1038 illi
1901 1005 2093 1050 parvu-

1178 1059 1278 1118 los,
1301 1062 1356 1106 ut
1380 1061 1618 1118 tangeret
1635 1060 1772 1107 illos.
1841 1059 2094 1119 Discipuli

1178 1130 1348 1174 autem
1367 1127 1801 1176 comminabantur
1825 1127 2090 1175 offerenti-

1178 1197 1288 1242 bus.

1248 1263 1329 1307 14.
1367 1262 1510 1315 Quos
1545 1276 1659 1308 cum
1693 1263 1895 1310 videret
1919 1265 2087 1324 Jesus,

1178 1329 1390 1388 indigne
1417 1328 1551 1388 tulit,
1591 1331 1644 1375 et
1669 1329 1742 1376 ait
1758 1329 1885 1376 illis:
1926 1331 2088 1379 Sinite

1178 1397 1423 1456 parvulos
1460 1395 1644 1443 venire
1680 1397 1743 1443 ad
1779 1411 1887 1458 me,
1937 1401 1988 1444 et
2023 1412 2088 1445 ne

1178 1463 1541 1523 prohibueritis
1562 1463 1678 1512 eos!
1705 1464 1884 1513 talium
1897 1472 1936 1496 ”⁸
1955 1467 2090 1512 enim

1179 1535 1258 1580 est
1275 1547 1490 1592 regnum
1507 1531 1624 1578 Dei.

1246 1619 1328 1663 15.
1363 1618 1526 1663 Amen
1562 1617 1675 1664 dico
1713 1619 1887 1664 vobis:
1936 1618 2090 1672 Quis-

1179 1684 1291 1743 quis
1320 1697 1427 1730 non
1457 1683 1714 1741 receperit
1749 1697 1965 1742 regnum
1991 1685 2092 1730 Dei

1178 1750 1322 1797 velut
1348 1749 1621 1810 parvulus,
1659 1762 1766 1796 non
1795 1751 2006 1799 intrabit
2037 1751 2091 1796 in

1178 1817 1321 1863 illud.

1247 1885 1329 1929 16.
1364 1884 1433 1930 Et
1451 1883 1783 1941 complexans
1804 1895 1913 1944 eos,
1927 1886 1978 1930 et
1994 1884 2091 1930 im-

1178 1966 1379 2012 ponens
1397 1964 1576 1998 manus
1595 1965 1748 2010 super
1765 1951 1883 1999 illos
1895 1982 1912 2013 ‚
1932 1953 2090 2000 bene-

1180 2021 1380 2068 dicebat
1399 2032 1506 2066 eos.

1247 2090 1328 2134 17.
1361 2087 1468 2134 ”Et
1485 2101 1598 2134 cum
1616 2100 1854 2146 egressus
1884 2091 2019 2135 esset
2035 2089 2091 2134 in

1178 2157 1331 2216 viam,
1370 2169 1680 2214 procurrens
1719 2156 1918 2213 quidam
1953 2170 2091 2215 genu

1177 2226 1316 2271 flexo
1354 2225 1472 2269 ante
1511 2237 1653 2282 eum,
1700 2226 1917 2282 rogabat
1952 2236 2089 2271 eum:

1177 2291 1425 2349 Magister
1454 2288 1611 2337 bone!
1651 2290 1770 2348 quid
1797 2292 1997 2352 faciam,
2035 2292 2094 2336 ut

1179 2358 1337 2406 vitam
1355 2359 1614 2405 aeternam
1631 2357 1940 2416 percipiam?

1246 2443 1329 2489 18.
1365 2443 1514 2487 Iesus
1532 2445 1702 2488 autem
1720 2441 1851 2488 dixit
1869 2442 1942 2488 ei:
1959 2442 2092 2494 Quid

1176 2524 1259 2557 me
1298 2508 1422 2555 dicis
1452 2509 1673 2555 bonum?
1707 2509 1869 2554 Nemo
1909 2511 2088 2568 bonus,

1179 2576 1283 2623 nisi
1304 2590 1433 2622 unus
1451 2576 1606 2623 Deus.

1248 2662 1329 2705 19.
1349 2660 1628 2718 Praecepta
1638 2658 1800 2705 nosti:
1816 2659 1930 2717 „Ne
1943 2659 2088 2713 adul,

1178 2730 1384 2789 „teres3
1423 2741 1488 2774 ne
1511 2726 1741 2782 occidas3
1779 2738 1846 2771 ne
1875 2726 2088 2785 fureris3

1180 2810 1286 2856 „ne
1305 2793 1492 2841 falsum
1507 2791 1856 2840 testimonium
1869 2793 2088 2852 dixeris;

1179 2875 1286 2923 „ne
1307 2861 1537 2908 fraudem
1555 2858 1740 2905 feceris
1753 2860 1980 2917 3honora
1996 2877 2087 2922 pa-

1180 2934 1351 2989 „trem
1367 2930 1508 2973 tuum
1529 2928 1580 2973 et
1596 2928 1806 2974 matrem
1817 2928 1895 2976 ⁰.“

1249 2997 1330 3040 20.
1360 2996 1428 3039 At
1443 2994 1532 3040 ille
1551 2995 1885 3058 respondens,
1897 2998 1970 3044 ait
1986 2997 2088 3043 illi:

1225 3089 1248 3118 k
1263 3089 1412 3127 Matth.
1431 3092 1468 3133 ⁵,
1485 3094 1546 3129 32.
1564 3095 1625 3135 19,
1638 3096 1674 3129 9.
1697 3090 1798 3130 Luc.
1813 3096 1876 3134 16,
1887 3096 1946 3130 ιε.
1965 3096 1986 3129 1
1997 3091 2091 3127 cor.

1178 3143 1216 3180 7,
1236 3142 1296 3175 10.
1358 3136 1374 3164 ι
1389 3148 1432 3173 V·
1457 3141 1624 3176 13—16.
1673 3138 1821 3177 Matth.
1842 3144 1904 3181 19,
1922 3142 2090 3175 13—15.

1177 3184 1281 3221 Luc.
1299 3186 1358 3227 18,
1377 3187 1548 3223 15—17.
1619 3192 1652 3210 '⁹⁸
1667 3183 1811 3222 Mntth.
1830 3188 1890 3229 18,
1907 3189 1943 3222 3.
2007 3190 2028 3209 “
2046 3194 2089 3219 v.

198 3235 259 3272 12,
278 3234 339 3269 18.
402 3229 429 3263 θ’
447 3244 485 3269 ν.
503 3237 649 3270 1—12.
708 3233 854 3271 Mami.
871 3237 931 3275 19,
951 3237 973 3269 1
990 3252 1039 3261 ·-
1054 3234 1115 3269 12.
1180 3235 1226 3268 17
1244 3249 1294 3258 —·
1310 3234 1370 3269 31.
1415 3230 1561 3269 Manli.
1590 3235 1652 3274 19,
1676 3234 1723 3268 16
1736 3250 1785 3259 -—
1800 3234 1862 3269 30.
1909 3230 2010 3267 Luc.
2029 3232 2089 3271 18,

196 3284 221 3347 ξ
239 3276 387 3361 {tuh
404 3282 443 3317 ⁵.
460 3283 520 3317 31.
568 3276 589 3306 ἦ
607 3280 755 3316 Genea.
776 3284 812 3323 1,
822 3284 881 3317 27.

929 3274 945 3305 i
966 3278 1114 3316 Genes.
1180 3280 1350 3315 18—30.

1415 3285 1434 3305 ⁰
1449 3278 1584 3315 Exod.
1611 3281 1674 3320 20,
1692 3280 1752 3314 12.
1773 3288 1860 3325 sqq.
1909 3276 2031 3312 Deut.
2051 3280 2088 3318 5,

1180 3326 1241 3362 16.
1263 3334 1350 3373 sqq.

319 3472 437 3529 Cap.
467 3469 559 3514 Ix-
616 3478 687 3518 48.
720 3472 930 3519 sallietur
948 3474 1119 3528 (omiss.
1140 3471 1276 3530 sale).
1335 3471 1400 3515 X·
1460 3477 1502 3517 ’1.
1535 3471 1784 3515 adherebit·
1846 3473 1887 3513 9.
1914 3469 2087 3523 junxit.

202 3532 271 3572 14.
302 3527 463 3573 talium
484 3533 557 3573 est
574 3530 705 3573 enim.
766 3534 833 3575 15.
866 3532 1067 3589 quisque.
