2376 3925
311 116 408 167 368

376 220 454 263 14.
477 216 633 270 Quasi
649 214 738 261 filii
751 214 1083 272 obedientiae,
1103 225 1209 257 non

309 284 605 342 configurati
639 282 890 339 prioribus
923 279 1209 339 ignoranti-

307 364 368 398 ae
391 354 586 398 vestrae
609 348 898 405 desideriis3

375 420 453 463 15.
476 416 562 463 sed
582 415 852 461 secuudum
867 428 996 473 eum,
1009 413 1095 470 qui
1115 425 1208 457 vo-

310 485 442 531 cavit
481 496 588 541 vos,
629 484 866 529 Sanctum
882 512 897 540 ,
937 482 987 527 et
1022 480 1118 539 ipsi
1155 480 1207 523 in

309 552 447 599 omni
465 549 854 597 conversatione
875 548 1036 594 sancti
1053 546 1176 592 sitis.

376 620 454 663 16.
510 616 762 670 Quoniam
814 615 1050 673 scriptum
1105 619 1205 658 est:

308 685 520 744 „Sancti
537 684 696 743 eritis,
717 682 952 741 quoniam
971 694 1067 739 ego
1089 692 1208 725 san-

309 756 456 811 „ctus
477 744 675 798 sum“d.

376 821 456 863 17.
477 820 542 863 Et
561 818 603 863 si
623 820 812 876 patrem
831 813 1080 861 invocatis
1097 826 1209 860 eum

309 887 392 943 qui
421 886 531 931 sine
555 882 848 941 acceptione
878 894 1209 939 personarum

303 953 494 1011 judicat
521 950 789 997 secundum
819 949 1209 1007 uniuscujusque

309 1034 463 1077 opus,
495 1019 546 1063 in
575 1018 754 1063 timore
781 1016 1031 1063 incolatus
1053 1016 1211 1061 vestri

308 1092 532 1144 tempore
553 1083 943 1142 conversamini,

373 1156 452 1199 18.
489 1153 729 1211 scientes,
751 1151 884 1209 quod
903 1163 1008 1196 non
1029 1162 1209 1195 corru-

308 1220 561 1280 ptibilibus
590 1233 716 1266 auro
746 1218 829 1265 vel
857 1220 1070 1276 argento
1091 1216 1208 1263 red-

307 1290 458 1346 empti
487 1287 606 1333 estis
635 1288 695 1332 de
729 1300 858 1333 vana
885 1288 1053 1331 vestra
1082 1297 1208 1330 con-

306 1356 597 1403 versatione
624 1357 864 1412 paternae
890 1352 1206 1407 traditionis3

372 1442 451 1484 19.
471 1439 558 1485 sed
570 1438 794 1494 pretioso
807 1436 1070 1494 sanguine,
1082 1448 1207 1492 qua-

306 1506 348 1551 si
367 1506 486 1563 agni
505 1503 807 1549 immaculati
827 1502 1034 1561 Christi,
1055 1505 1106 1547 et
1123 1503 1207 1547 in-

308 1570 631 1617 contaminati
642 1575 678 1628 θ,

371 1641 450 1684 20.
494 1636 811 1696 praecogniti
854 1636 1052 1694 quidem
1089 1640 1207 1682 ante

303 1706 473 1753 mundi
509 1705 944 1763 constitutionem,
991 1704 1207 1750 manife-

303 1775 421 1821 stati
448 1778 610 1820 autem
639 1772 928 1819 novissimis
964 1771 1207 1829 tempori-

307 1847 396 1891 bus
417 1846 624 1900 propter
644 1854 755 1898 vos,

371 1912 451 1955 21.
488 1910 573 1968 qui
592 1922 682 1967 per
702 1908 866 1967 ipsum
893 1906 1064 1953 fideles
1087 1906 1207 1953 estis

302 1980 354 2024 in
366 1977 595 2036 Deo,qui
613 1976 875 2022 suscitavit
895 1989 1008 2021 eum
1027 1988 1209 2021 amor-

305 2045 434 2100 tuis,
454 2047 504 2088 et
523 2043 656 2088 dedit
675 2043 721 2087 ei
743 2042 954 2099 gloriam
969 2071 983 2099 ,
1010 2044 1068 2086 ut
1085 2041 1207 2088 fides

308 2113 491 2167 vestra,
512 2111 564 2153 et
579 2099 741 2164 spess
760 2110 895 2153 esset
913 2107 970 2152 in
986 2107 1114 2153 Deo.

370 2177 449 2219 22.
485 2174 688 2218 Animas
711 2175 904 2219 vestras
924 2174 1207 2220 castifican-

301 2246 376 2286 tes
413 2241 467 2286 in
504 2239 790 2285 obedientia
827 2240 1085 2286 charitatis
1100 2272 1114 2300 ,
1153 2242 1208 2288 in

303 2307 634 2355 fraternitatis
672 2319 863 2366 amore,
899 2308 1115 2365 simplici
1141 2323 1209 2356 ex

303 2376 455 2422 corde
474 2374 692 2421 invicem
713 2374 906 2434 diligite
926 2377 1195 2434 attentius;

368 2461 448 2507 23.
467 2459 786 2506 renatienon
801 2473 868 2506 ex
887 2460 1076 2507 semine
1089 2473 1209 2507 eor-

300 2527 550 2587 ruptibili,
581 2527 668 2574 sed
687 2527 1085 2587 incorruptibili,
1116 2541 1210 2586 per

303 2599 508 2642 verbum
537 2596 635 2642 Dei
662 2595 767 2640 vivi
797 2597 848 2640 et
865 2595 1207 2654 permanentis

304 2662 362 2708 in
378 2666 655 2709 aeternum.

367 2731 448 2774 24.
487 2730 616 2782 Quia
645 2727 848 2788 „omnis
877 2741 996 2774 caro
1018 2732 1071 2774 ut
1093 2730 1206 2775 foe-

303 2808 458 2855 „num
471 2825 486 2854 ,
508 2799 558 2841 et
577 2798 740 2843 omnis
761 2795 926 2854 gloria
945 2796 1056 2854 ejus
1076 2799 1207 2842 tam-

347 2912 369 2938 ἆ
385 2911 483 2948 Lev.
501 2916 560 2954 11,
576 2914 641 2948 ⁴4.
661 2918 719 2955 19,
737 2917 772 2950 2.
819 2921 836 2940 θ
853 2913 941 2950 Joh.
961 2919 994 2958 1,
1004 2918 1062 2951 29.
1085 2920 1100 2950 1
1114 2915 1204 2951 Cor.

298 2962 336 3002 6,
353 2963 414 2996 20.
459 2954 486 2990 ἰ
501 2969 541 2995 v.
557 2961 596 2994 3.
642 2963 668 2992 6·
683 2958 771 2996 Joh.
789 2964 825 3003 1,
845 2965 903 2997 13.

659 112 1066 165 EPISTOLA
1103 108 1343 160 PETRI
1378 107 1419 157 1.
1490 106 1660 157 CAP.
1696 108 1745 154 1.
1764 109 1812 155 2.

1274 222 1457 269 „quam
1491 210 1585 253 flos
1622 209 1788 265 foeni3
1824 210 2029 255 exaruit
2064 211 2173 256 toe-

1276 290 1449 336 „num,
1472 278 1522 321 et
1539 277 1633 321 ssus
1654 275 1765 333 ejus
1784 275 2006 321 decidit“
2023 270 2078 333 ‘⁸3

1345 345 1424 388 25.
1446 344 1652 389 verbum
1670 345 1835 388 autem
1846 343 2054 389 Domini
2072 358 2175 389 ma-

1275 412 1364 455 net
1388 410 1443 455 in
1471 411 1759 466 aeternum3
1792 409 1892 455 hoc
1912 413 1990 456 est
2016 414 2178 457 autem

1279 478 1509 537 verbum,
1528 476 1661 534 quod
1681 476 2085 535 evangelizatum
2107 481 2179 523 est

1276 543 1330 589 in
1350 556 1459 591 vos.

2192 264 2207 287 Ι

1576 688 1746 741 CAP.
1810 689 1879 741 11.

1278 788 1529 831 Credentes
1549 793 1654 831 sunt
1673 802 1812 841 genus
1841 788 2070 831 hominum
2092 788 2181 831 ele-

1275 850 1408 887 ctum.
1466 843 1508 885 A
1527 846 1662 885 rebus
1692 844 1931 886 mundanis
1950 845 2181 886 abstinen-

1277 902 1380 943 dum
1398 905 1483 942 est.
1533 899 1855 953 Superioribus
1876 899 2011 952 hujus
2030 902 2183 941 mundi

1416 955 1722 997 obedientiam
1740 960 2041 1009 praestemus.

1343 1052 1389 1094 1.
1424 1049 1753 1105 Deponentes
1792 1048 1942 1107 igitur
1978 1061 2185 1095 omnem

1275 1116 1530 1174 maiitiam,
1552 1118 1603 1161 et
1622 1128 1823 1160 omnem
1842 1115 2023 1173 dolum,
2037 1120 2088 1161 et
2108 1117 2183 1161 si-

1275 1183 1595 1240 mulationes,
1617 1185 1669 1228 et
1685 1182 1922 1242 invidias,
1942 1188 1992 1229 et
2003 1196 2184 1228 omnes

1276 1251 1632 1308 detractiones,

1343 1320 1390 1363 2.
1426 1314 1724 1364 sicutmodo
1752 1314 1913 1373 geniti
1943 1314 2182 1371 infantes,

1275 1384 1594 1443 rationabile,
1632 1384 1743 1429 sine
1780 1382 1900 1427 dolo
1942 1382 2021 1427 Iac
2059 1396 2183 1427 con-

1276 1452 1537 1511 cupiscite,
1548 1454 1605 1497 ut
1621 1450 1675 1496 in
1688 1464 1751 1496 eo
1773 1450 2017 1496 crescatis
2037 1450 2087 1495 in
2101 1463 2182 1494 sa-

1275 1519 1447 1565 lutem.

1342 1588 1387 1631 3.
1426 1586 1480 1633 Si
1516 1588 1682 1647 tamen
1720 1584 1982 1643 gustastis,
2022 1596 2182 1641 quou-

1276 1654 1373 1699 iam
1395 1653 1555 1699 dulcis
1576 1656 1653 1699 est
1669 1652 1939 1698 Dominus.

1340 1723 1389 1767 4.
1424 1721 1501 1765 Ad
1537 1733 1684 1778 quem
1720 1719 2026 1765 accedentes
2058 1719 2179 1776 lapi-

1277 1788 1387 1833 dem
1400 1788 1583 1847 vivum,
1597 1789 1657 1833 ab
1676 1786 1969 1832 hominibus
1990 1785 2183 1843 quidem

1275 1858 1615 1914 reprobatum,
1626 1868 1655 1899 a
1664 1853 1775 1900 Deo
1788 1858 1961 1899 autem
1973 1853 2182 1900 electum

1276 1927 1327 1970 et
1344 1923 1745 1970 honorificatum.

1345 1995 1390 2037 5.
1410 1991 1478 2037 Et
1497 1991 1593 2048 ipsi
1603 1993 1855 2047 tamquam
1872 1989 2072 2048 lapides
2086 1989 2184 2035 vivi

1277 2057 1776 2116 superaedificamini,
1818 2057 1997 2103 domus
2036 2057 2183 2115 spiri-

1276 2126 1445 2185 tualis,
1466 2125 1803 2171 sacerdotium
1822 2127 2082 2182 sanctum,
2108 2125 2183 2169 oi*-

1275 2193 1411 2239 ferre
1450 2191 1738 2251 spirituales
1774 2191 1972 2237 hostias
1986 2223 2001 2250 ,
2042 2205 2185 2237 acce-

1275 2259 1489 2318 ptabiles
1534 2260 1646 2306 Deo
1692 2272 1787 2318 per
1820 2259 1999 2305 Jesum
2041 2259 2185 2304 chri-

1277 2330 1423 2373 stum.

1343 2397 1389 2439 6.
1410 2395 1625 2452 Propter
1644 2392 1779 2451 quod
1802 2393 2038 2440 continet
2050 2394 2186 2441 Scri-

1275 2463 1445 2519 ptura:
1487 2459 1683 2520 „Eceel
1714 2473 1854 2519 pono
1885 2461 1939 2505 in
1963 2461 2093 2508 Sion
2113 2461 2185 2505 la-

1278 2528 1482 2588 „pidem
1493 2542 1737 2575 summum
1748 2528 2067 2588 angularem,
2082 2528 2185 2574 ele-

1275 2597 1475 2656 „ctum,
1506 2596 1812 2654 pretiosum3
1844 2597 1894 2641 et
1913 2596 2002 2653 qui
2021 2595 2185 2641 credi-

1275 2662 1445 2722 „derit
1480 2663 1535 2709 in
1573 2677 1711 2724 eum,
1757 2676 1863 2708 non
1902 2663 2187 2709 confunde-

1275 2725 1475 2790 „tur“³'.

1342 2799 1389 2842 ⁶1.
1423 2797 1581 2843 Vobis
1602 2795 1757 2855 igitur
1782 2796 1955 2842 honor
1974 2797 2186 2844 ereden-

1271 2864 1433 2922 tibus3
1487 2877 1595 2910 non
1647 2863 1971 2910 credentibus
2022 2867 2187 2910 autem

1310 2960 1331 2987 ἢ
1356 2959 1436 2997 Jes.
1454 2964 1520 3003 40,
1537 2963 1660 2999 6-8.
1709 2955 1724 2986 ἶ
1740 2959 1821 2997 Jes.
1834 2962 1897 3003 28,
1916 2963 1979 2998 16.

415 3104 527 3160 Cap·
557 3103 597 3146 1.
657 3108 722 3146 14.
755 3106 1086 3152 oboedientiae.
1149 3113 1217 3151 15.
1248 3113 1296 3152 et
1323 3111 1418 3165 ipsi
1445 3109 1588 3153 sancti
1617 3111 1664 3153 in
1692 3109 1812 3152 omni
1840 3109 2186 3152 conversatione

305 3163 421 3204 sitis.
481 3162 547 3202 16.
579 3161 726 3202 sancti
764 3166 925 3211 estote,
966 3166 1071 3218 quia
1097 3167 1144 3208 et
1180 3178 1264 3217 ego
1296 3172 1480 3209 sanctus
1508 3179 1620 3208 sum.
1680 3168 1747 3208 19.
1780 3165 2040 3218 praetios03
2082 3165 2187 3208 ibid.

301 3215 563 3259 inmaculati
595 3220 643 3257 et
659 3216 1003 3261 incontaminati
1033 3220 1176 3262 Jhesu
1198 3220 1386 3264 Christi.

220 3294 225 3299 »
303 3273 362 3314 di.
421 3277 489 3314 22.
521 3271 852 3314 oboedientiam
892 3276 1114 3317 caritatis.
1173 3279 1245 3319 24.
1275 3277 1485 3328 faenum3
1512 3278 1621 3322 ibid.
1652 3277 1801 3326 faeni3
1830 3275 1940 3318 ibid.
1978 3276 2189 3324 foetuum

302 3326 411 3369 ibid.
433 3332 479 3369 et
497 3328 584 3369 flos
615 3327 785 3368 decidit
821 3329 964 3378 (deest
992 3330 1131 3384 ejus).
1194 3336 1261 3374 25.
1299 3335 1348 3375 in
1376 3336 1519 3376 vobis.

303 3382 400 3421 sine
439 3381 557 3422 dolo.
636 3385 677 3422 3.

1446 3227 1514 3265 20.
1546 3227 1652 3264 ante
1671 3221 2040 3263 constitutionem
2062 3234 2189 3261 muu-

1631 3333 1695 3376 11.
1754 3335 1795 3374 2.
1834 3329 2110 3374 rationabile
2142 3337 2189 3372 et

727 3385 934 3434 gustatis.
1011 3389 1050 3426 5.
1096 3387 1251 3429 domus
1287 3389 1537 3442 spiritalis3
1574 3389 1685 3433 ἰδία.
1726 3385 1963 3442 spiritales
1998 3385 2185 3429 hostias.

303 3437 344 3475 6.
373 3437 650 3486 praetiosum
668 3440 718 3480 et
736 3438 881 3480 omnis
901 3439 973 3491 qui
997 3441 1244 3484 crediderit
1263 3444 1310 3486 in
1330 3458 1394 3487 eo.
