2376 3925
304 103 402 153 326

372 207 452 249 15.
471 206 668 263 Videte,
688 218 754 249 ne
777 205 887 259 quis
913 205 1092 249 malum
1115 218 1209 262 pro

302 273 436 318 malo
465 272 616 317 alicui
644 271 848 328 reddat;
885 272 974 317 sed
1011 284 1210 329 semper

304 340 438 397 quod
459 343 642 385 bonum
678 342 756 383 est
773 339 1035 385 sectamini
1055 339 1108 384 in
1127 339 1211 385 in-

303 408 482 465 vicem,
505 405 627 450 etin
649 418 842 451 omnes.

369 476 450 517 16.
488 474 697 529 Semper
719 466 980 530 gaudetei!

371 542 450 583 17.
489 540 610 585 Sine
639 540 1018 585 intermissione
1039 537 1209 585 orate!

371 609 449 651 18.
487 609 545 652 ln
577 608 805 653 omnibus
835 606 1022 664 gratias
1050 603 1209 663 agite!

301 676 427 721 haec
468 677 544 720 est
581 674 714 719 enim
751 673 986 718 voluntas
1021 673 1119 718 Dei
1153 672 1211 717 in

305 742 505 787 Christo
527 742 558 785 J
561 754 648 786 eu
668 741 722 785 in
742 741 971 787 omnibus
995 740 1154 787 vobis.

371 812 450 853 19.
515 807 752 865 Spiritum
814 807 975 853 nolite
1039 807 1211 855 extin-

306 874 486 935 gnere!

372 945 450 987 20.
495 942 792 999 prophetias
848 942 1008 988 nolite
1063 955 1209 999 sper-

303 1008 448 1055 nere!

370 1078 450 1121 21.
495 1076 675 1121 Omnia
721 1077 890 1123 autem
936 1066 1208 1133 probate&

306 1143 440 1200 quod
458 1145 646 1190 bonum
666 1146 758 1203 est,
779 1143 972 1189 tenete!

373 1212 451 1255 22.
487 1212 561 1256 Ab
597 1212 734 1256 omni
754 1212 922 1269 specie
941 1210 1072 1257 mala
1091 1212 1207 1257 abs-

300 1280 460 1324 tinete
481 1278 595 1324 vos!

527 102 756 155 Epls‘r.
793 102 1008 153 PAULI
1043 102 1139 153 AD
1175 99 1631 153 THESSALON.
1668 102 1734 151 ll.
1774 101 1929 151 CAP.
1952 104 2010 151 1.

1344 204 1424 247 23.
1478 205 1593 259 Ipse
1652 206 1819 249 autem
1863 204 2013 250 Deus
2066 207 2208 263 pacis

1278 270 1555 316 sanctificet
1574 283 1667 315 vos
1688 284 1778 327 per
1800 273 2005 329 omnia;
2044 277 2109 319 ut
2129 276 2208 319 in-

1276 339 1421 394 teger
1452 337 1657 393 spiritus
1688 340 1861 383 vester
1874 370 1889 397 ,
1922 343 1975 385 et
2008 342 2203 398 anima,

1280 408 1330 449 et
1350 418 1532 461 corpus
1546 404 1657 449 nine
1676 405 1886 460 querela
1906 406 2205 453 inadventu

1276 471 1485 517 Domini
1513 471 1679 516 nostri
1705 472 1831 518 Jesu
1861 474 2059 521 Christi
2092 490 2203 521 ser-

1278 542 1443 584 vetur.

1346 607 1426 650 24.
1444 605 1635 651 Fidelis
1647 608 1741 661 est,
1752 608 1841 663 qui
1853 610 2067 654 vocavit
2080 622 2175 655 vos
2188 624 2201 666 ;

1278 672 1366 731 qui
1384 673 1533 719 etiam
1553 673 1707 719 faciet
1716 666 1747 717 ἶ.

1345 741 1425 785 25.
1460 740 1687 798 Fratres,
1710 743 1853 786 orate
1874 754 1971 798 pro
1994 743 2173 790 nobis!

1344 808 1424 851 26.
1464 806 1687 853 Salutate
1716 809 1904 854 fratres
1937 822 2125 857 omnes
2149 812 2197 856 in

1278 873 1455 921 osculo
1474 873 1721 919 sanctem!

1342 942 1423 985 27.
1458 941 1652 997 Adjuro
1676 955 1768 986 vos
1788 956 1879 999 per
1896 944 2195 1001 Dominum,

1274 1009 1333 1053 ut
1349 1008 1550 1066 legatur
1572 1008 1793 1065 epistola
1810 1010 1931 1055 haee
1948 1013 2194 1059 omnibus

1276 1075 1463 1121 sanctis
1484 1076 1741 1121 fratribus.

1344 1146 1423 1187 28.
1461 1143 1635 1188 Gratia
1654 1144 1859 1189 Domini
1876 1145 2037 1189 nostri
2058 1146 2095 1189 J
2096 1160 2193 1191 esu

1276 1210 1462 1255 Christi
1482 1210 1790 1257 vobiscumn.
1825 1213 1999 1257 Amen.

349 1372 488 1410 iffi„-
507 1379 546 1415 4,
565 1378 606 1409 4·
655 1372 934 1417 *nehm-
1274 1327 1592 1418 nigrinus.
1640 1336 1670 1354 m
1688 1328 1801 1365 Rom.
1821 1332 1889 1372 16,
1918 1334 1976 1367 ia
2026 1330 2186 1367 auom.

969 1536 1515 1587 w

356 1702 1385 1789 EPISTOLA
1523 1706 2125 1791 PAULI

1179 1872 1293 1925 AD

475 1995 1806 2072 THESSALONICENSES
1874 2001 2003 2068 11.

621 2273 789 2324 CAP.
845 2275 885 2323 l.

302 2374 474 2416 Paulus
503 2372 662 2416 laudat
688 2373 1122 2418 Thessalonicenses
1149 2377 1205 2418 ob

300 2432 436 2473 fidem
467 2436 513 2473 et
539 2431 862 2480 constantiam3
902 2435 1136 2485 precatur,
1156 2437 1207 2475 ut

368 2489 491 2540 digni
512 2486 760 2529 habeantur
777 2489 1012 2529 vocatione
1033 2488 1135 2531 Dei.

369 2607 413 2648 1.
437 2584 635 2652 Paulus
666 2606 718 2650 et
745 2604 1007 2662 Silvanus,
1031 2607 1082 2650 et
1113 2607 1206 2651 Ti-

300 2673 530 2718 motheus
542 2679 583 2730 ⁰,
596 2672 858 2718 Ecclesiae
872 2672 1205 2717 Thessaloni-

303 2739 525 2782 censium
546 2740 599 2783 in
618 2741 727 2784 Deo
747 2740 896 2784 Patre
914 2742 1094 2785 nostro
1107 2769 1122 2797 ,
1154 2741 1205 2785 et

300 2804 518 2848 Domino
539 2806 570 2848 J
573 2819 662 2851 esu
683 2802 903 2852 Christo.

365 2872 409 2912 2.
449 2870 622 2915 Gratia
651 2874 794 2918 vobis
823 2877 873 2918 et
904 2885 1004 2929 pax
1032 2887 1064 2918 a·
1088 2874 1199 2919 Deo

297 2938 446 2982 Patre
485 2941 662 2982 nostro
677 2969 692 2995 ,
731 2941 783 2984 et
817 2940 1037 2986 Domino
1077 2942 1201 2986 Jesu

299 3003 514 3048 Christo.

363 3072 409 3116 3.
431 3069 629 3116 Gratias
649 3083 802 3128 agere
819 3073 1051 3120 debemus
1064 3088 1198 3120 sem-

298 3219 316 3250 1
342 3167 472 3251 “lg-ct.
492 3169 550 3208 18,
569 3170 604 3202 5.
645 3171 666 3202 1
687 3165 831 3205 Thena.
850 3171 894 3209 1,
915 3171 1036 3207 1—8.
1061 3174 1086 3206 2
1106 3170 1199 3207 Cor.

1273 2308 1363 2351 per
1393 2296 1503 2342 Deo
1532 2310 1625 2354 pro
1657 2299 1819 2358 vobis,
1860 2297 2071 2344 fratres!
2108 2299 2171 2343 ita

1276 2364 1330 2407 ut
1360 2362 1566 2420 dignum
1594 2367 1696 2425 est,
1727 2366 1966 2422 quoniam
1997 2379 2170 2423 super·

1275 2431 1457 2474 crescit
1491 2432 1613 2478 fides
1650 2436 1837 2492 vestra,
1878 2436 1930 2478 et
1961 2433 2171 2478 abundat

1275 2496 1491 2544 charitas
1528 2500 1925 2558 uniuscujusque
1956 2503 2168 2546 vestrum

1272 2563 1325 2608 in
1344 2563 1588 2624 invicem3

1338 2650 1385 2692 4.
1423 2649 1494 2694 ita
1523 2653 1579 2695 ut
1605 2652 1655 2695 et
1685 2651 1906 2708 nosipsi
1941 2652 1997 2696 in
2030 2651 2167 2696 vobis

1270 2714 1547 2772 gloriemur
1575 2717 1629 2762 in
1654 2717 1901 2764 Ecclesiis
1929 2719 2052 2776 Dei,
2081 2730 2166 2775 pro

1269 2781 1512 2837 patientia
1541 2787 1733 2842 vestra,
1766 2788 1816 2830 et
1841 2785 1937 2831 fide
1966 2788 2017 2831 et
2038 2784 2093 2830 in
2112 2797 2167 2828 0-

1267 2848 1464 2894 mnibus
1495 2852 1933 2906 persecutionibus
1976 2852 2166 2904 vestris,

1268 2917 1318 2960 et
1336 2916 1769 3011 {fibulationibuQ
1800 2933 1923 2974 quas
1953 2920 2165 2964 sustine-

1267 2983 1329 3027 tis
1366 3013 1381 3041 ,

1334 3064 1380 3107 5.
1424 3063 1479 3108 in
1517 3064 1802 3122 exemplum
1834 3066 1962 3122 justi
1993 3065 2165 3124 judicii

1262 3219 1285 3255 8
1310 3169 1489 3256 διξααῑὲὲ.
1506 3175 1553 3216 5,
1580 3176 1638 3211 12.
1670 3172 1763 3211 Act.
1782 3179 1851 3216 17,
1872 3179 1908 3213 5.
1937 3186 2021 3224 sqq.
2049 3175 2161 3211 Rom.

1287 3242 1300 3259 ,
1373 3237 1421 3246 —
1478 3243 1489 3253 .

411 3361 522 3414 Cap.
552 3359 608 3400 V.
673 3363 738 3400 18.
771 3358 882 3402 haee
901 3362 1018 3403 enim
1035 3362 1245 3408 voluntas
1265 3366 1355 3407 Dei
1372 3371 1457 3408 est.
1517 3371 1585 3410 21.
1618 3369 1828 3423 epistula.

414 3429 520 3481 Cap.
553 3428 589 3470 I.
647 3432 687 3470 3.
721 3428 820 3469 Deo
843 3441 1033 3482 semper.
1092 3437 1132 3474 4.
1167 3438 1216 3476 ut
1234 3437 1425 3490 nosipsi
1446 3436 1586 3490 (deest
1607 3438 1689 3492 et).
