2376 3925
651 141 868 190 slx'rl
911 144 1186 196 QUINTI
1230 147 1677 194 PRAEFATIO.
2008 149 2094 192 Lv

201 274 468 330 impressa
499 269 666 318 Biblia
697 270 844 329 hujus
881 271 1034 320 etiam
1058 272 1308 332 vulgatae
1338 273 1605 336 editionis,
1642 278 1709 324 ob
1748 277 2095 326 characterum

208 357 574 415 venustatem,
605 367 698 402 seu
724 357 786 402 ob
814 354 1020 414 aliquod
1035 356 1241 416 insigne
1270 357 1461 405 codicis
1490 362 1870 422 ornamentum,
1899 359 2011 408 sive
2029 362 2095 409 ob

203 438 575 500 impressionis
593 439 976 498 praestantiam,
997 439 1082 486 vel
1102 443 1166 488 ob
1185 442 1480 490 notationes
1502 442 1565 489 ad
1582 444 1861 502 marginem
1878 445 2093 504 scriptas

202 525 547 572 asservantur
559 553 576 583 ,
605 525 654 570 et
665 523 816 582 juxta
831 525 1063 570 nostrum
1080 524 1178 572 hoc
1200 526 1461 585 exemplar
1480 527 1743 574 emendata
1758 542 1867 576 non
1882 529 2093 588 fuerint,

203 621 272 656 ea
297 607 470 668 iniis,
504 620 630 666 quae
655 607 774 656 huic
803 609 1012 654 nostrae
1040 608 1257 656 editioni
1280 623 1390 656 non
1418 610 1798 672 consenserint,
1828 613 2019 662 nullam
2036 615 2093 660 in

203 694 478 752 posterum
494 692 637 740 fldem
651 721 668 752 ,
697 691 987 750 nullamque
1005 693 1356 740 auctoritatem
1378 694 1608 742 habitura
1626 708 1741 742 esse
1760 694 2091 754 decernimus,

206 790 275 824 ac
309 775 646 824 declaramus:
691 775 988 822 mandantes
1015 777 1299 837 universis,
1330 780 1383 824 et
1398 777 1614 837 singulis
1634 778 1965 838 patriarchis,
1992 783 2092 826 Ar·-

207 859 568 919 cbiepiscopis,
588 858 876 918 Episcopis,
929 859 1213 916 ceterisque
1229 861 1572 909 Ecclesiarum
1585 893 1601 922 ‚
1626 865 1677 910 et
1694 862 1927 910 locorum
1945 863 2094 910 etiam

207 943 526 1002 regularium
544 941 810 1004 praelatis,
829 956 922 1002 per
939 942 1237 990 universum
1254 948 1429 992 orbem
1446 945 1754 1008 constitutis,
1776 948 1831 994 ut
1847 960 2093 1005 praesen-

213 1035 326 1076 tem
350 1027 768 1076 constitutionem
793 1026 850 1074 iu
879 1026 983 1073 suis
1011 1027 1221 1086 quisque
1250 1028 1479 1080 ecclesiis
1491 1061 1507 1090 ‚
1538 1030 1844 1092 provinciis,
1874 1030 2093 1078 civitati·

213 1115 338 1173 bus,
363 1111 714 1172 dioecesibus,
744 1113 794 1158 et
814 1109 1255 1168 jurisdictionibus
1274 1116 1455 1160 curent
1471 1117 1749 1174 perpetuo,
1778 1115 2013 1174 firmiter,
2045 1118 2097 1162 et

212 1195 465 1244 inviolate
499 1196 561 1242 ab
600 1195 832 1242 omnibus
870 1195 1160 1255 observari,
1199 1196 1625 1257 contradictores,
1664 1200 1717 1246 et
1743 1199 2094 1248 inobedientes

209 1294 306 1340 per
326 1291 570 1327 censuras
588 1279 993 1340 Ecclesiasticas,
1013 1279 1215 1338 aliaque
1232 1284 1523 1339 opportuna
1537 1282 1669 1341 juris
1680 1313 1697 1343 ,
1718 1287 1771 1330 et
1786 1285 1911 1332 facti
1928 1299 2094 1334 reme-

209 1365 322 1424 dia,
343 1362 686 1422 appellatione
705 1363 1013 1424 postposita,
1036 1365 1433 1425 compescendo,
1462 1366 1703 1413 invocato
1728 1368 1879 1416 etiam
1898 1369 1961 1416 ad
1978 1370 2095 1428 hoc,

211 1449 258 1495 si
277 1461 412 1506 opus
430 1445 614 1507 fuerit,
633 1444 827 1492 auxilio
847 1447 1041 1496 brachii
1059 1449 1337 1497 saecularis
1349 1481 1365 1510 ‚
1386 1464 1493 1499 non
1513 1452 1827 1500 obstantibus
1848 1454 2096 1502 constitu·-

211 1531 470 1590 tionibus,
489 1532 541 1578 et
560 1530 963 1578 ordinationibus
983 1533 1309 1595 apostolicis,
1340 1537 1489 1592 atque
1508 1535 1563 1582 in
1592 1537 1943 1598 generalibus,
1972 1552 2096 1596 pro—

217 1614 523 1662 vincialibus
535 1644 554 1674 ,
584 1613 666 1660 vel
691 1615 1019 1674 synodalibus
1041 1618 1285 1664 conciliis
1304 1618 1479 1678 editis,
1507 1632 1603 1667 nec
1620 1633 1729 1666 non
1747 1634 2097 1679 quarumcum-

217 1714 318 1758 que
347 1698 702 1756 ecclesiarum,
739 1700 968 1746 ordinum
983 1731 998 1760 ,
1039 1703 1520 1763 congregationum,
1559 1703 1920 1763 collegiorum,
1950 1705 2099 1762 atque

217 1783 604 1832 universitatum
619 1813 633 1842 ‚
658 1783 808 1829 etiam
827 1783 1105 1830 studiorum
1125 1785 1439 1842 generalium
1454 1816 1469 1845 ,
1492 1786 1780 1843 juramento
1794 1817 1809 1846 ‚
1831 1787 2099 1832 confirma-

221 1869 368 1916 tione
405 1867 713 1927 apostolica,
751 1867 838 1914 vel
865 1867 1042 1924 quavis
1079 1868 1313 1931 firmitate
1340 1867 1441 1914 alia
1467 1869 1749 1928 roboratis,
1788 1869 2013 1928 statutis,
2052 1871 2103 1915 et

218 1951 700 2012 consuetudinibus,
729 1951 881 1999 etiam
899 1953 960 1999 ab
979 1951 1366 2000 immemorabili
1385 1954 1613 2011 tempore
1632 1952 1837 2010 pacifice
1858 1955 2100 2001 observa-

229 2034 304 2097 sss,
322 2035 606 2096 privilegiis
625 2049 842 2095 quoque,
863 2037 1100 2097 indultis,
1121 2041 1174 2085 et
1191 2038 1375 2085 litteris
1396 2036 1691 2095 apostolicis
1704 2067 1720 2097 ‚
1742 2037 1875 2095 illis,
1896 2050 2099 2084 eorum-

229 2127 322 2170 qu·
341 2121 422 2167 vel
440 2134 614 2168 earum
631 2120 896 2183 Praelatis,
917 2122 1277 2181 Superioribus
1289 2154 1305 2183 ‚
1325 2125 1377 2169 et
1394 2122 1630 2181 personis
1648 2136 1743 2181 per
1760 2135 2099 2180 quoscumque

227 2197 480 2251 Romanos
515 2204 814 2264 Pontifices,
854 2206 1275 2264 praedecessores
1308 2210 1542 2268 nostros,
1580 2220 1637 2254 ac
1672 2220 1794 2267 nos,
1831 2209 1884 2254 et
1919 2207 2101 2254 Sedem

228 2281 532 2339 praedictam
561 2288 702 2335 motu
730 2290 969 2349 proprio,
997 2292 1132 2337 etex
1159 2293 1299 2336 certa
1327 2290 1567 2351 scientia,
1598 2290 1759 2349 deque
1787 2290 2099 2349 apostolicae

231 2364 498 2421 Ρθῒθῐίδῐί·
510 2371 847 2433 plenitudine,
877 2374 929 2419 et
947 2373 1073 2420 alias
1093 2376 1183 2419 sub
1204 2374 1593 2433 quibuscumque
1610 2375 1901 2434 tenoribus,
1923 2376 1974 2421 et
1990 2376 2102 2420 for-

227 2446 353 2506 missi
386 2451 434 2495 et
462 2463 576 2497 cum
600 2457 855 2513 quibusvis
885 2457 1036 2504 etiam
1055 2458 1493 2515 derogatoriarum
1514 2458 1869 2517 derogatoriis,
1889 2457 2101 2515 aliisque

229 2531 600 2581 efficacioribus
612 2565 627 2592 ,
649 2543 697 2584 ct
713 2540 938 2587 insolitis
958 2541 1199 2588 clausulis
1211 2572 1225 2600 ,
1246 2541 1661 2597 irritantibusque
1681 2543 1732 2587 et
1749 2540 1863 2587 aliis
1884 2541 2099 2589 decretis

227 2615 284 2661 in
303 2629 522 2676 genere,
551 2617 635 2665 vel
659 2618 714 2665 in
733 2624 900 2680 specie
920 2625 1301 2683 quomodolibet
1318 2623 1601 2681 concessis,
1623 2627 1675 2669 et
1692 2624 1892 2683 saepius
1912 2636 2099 2683 appro-

230 2699 374 2759 batis,
395 2702 448 2746 et
464 2700 739 2749 innovatis.
811 2704 1001 2757 Quibus
1023 2710 1279 2768 omnibus,
1302 2710 1353 2755 et
1370 2706 1603 2765 singulis,
1625 2706 1819 2753 etiamsi
1839 2707 1892 2753 in
1919 2708 1993 2756 eis
2013 2724 2098 2757 ca-

230 2785 404 2830 veatur
433 2796 705 2846 expresse,
744 2788 878 2845 quod
903 2790 1006 2837 illis
1036 2792 1352 2851 nullatenus,
1390 2794 1477 2837 aut
1502 2803 1608 2835 non
1635 2789 1737 2834 nisi
1766 2789 1825 2837 de
1846 2805 2098 2841 consensu

227 2869 477 2913 certarum
503 2880 864 2931 personarum,
897 2874 979 2921 vel
999 2874 1101 2921 nisi
1127 2878 1219 2921 sub
1248 2875 1399 2921 certis
1427 2873 1577 2919 modo
1608 2874 1658 2926 et
1676 2873 1838 2921 forma
1857 2876 1981 2925 inibi
2003 2892 2095 2925 ex-

225 2951 441 3010 pressis,
475 2951 716 3009 derogari
733 2955 923 3016 possit,
944 2959 996 3003 et
1015 2957 1138 3005 alias
1158 2960 1325 3005 factae
1347 2956 1702 3015 derogationes
1722 2959 1891 3008 nullae
1912 2960 2014 3006 sint
2032 2973 2095 3007 eo

225 3032 352 3092 ipso,
373 3047 434 3081 ac
454 3047 550 3093 pro
570 3035 774 3084 illorum
796 3040 1066 3089 sufficienti
1086 3040 1437 3101 derogatione,
1458 3040 1519 3087 de
1536 3041 1658 3102 illis,
1682 3054 1954 3101 eorumque
1973 3044 2094 3089 totis

224 3118 513 3178 tenoribus,
550 3121 812 3182 specialis,
849 3124 1108 3185 specifica,
1147 3127 1201 3173 et
1228 3137 1471 3183 expressa
1496 3125 1685 3173 mentio
1714 3126 1967 3185 habenda,
2006 3139 2097 3174 seu

225 3202 430 3257 quaevis
449 3202 552 3249 alia
571 3205 824 3261 exquisita
841 3208 1006 3255 forma
1025 3209 1088 3256 ad
1106 3210 1204 3257 boc
1223 3210 1473 3256 servanda
1490 3212 1640 3257 soret.
1678 3211 1908 3257 Tenores
1919 3209 2096 3267 huJus-

223 3284 358 3331 modi
393 3299 490 3345 pro
529 3290 786 3345 expressis
823 3290 1065 3338 babentes
1105 3291 1168 3337 ad
1197 3293 1427 3341 effectum
1454 3293 1791 3351 praesentium
1822 3294 2095 3352 dumtaxat,

228 3366 558 3431 derogamus,
588 3385 646 3418 ac
671 3374 906 3422 nolumus
935 3375 1025 3421 illa
1052 3374 1282 3431 cuiquam
1301 3377 1541 3425 adversus
1562 3377 1836 3435 praemissa
1854 3376 1907 3422 in
1927 3375 2096 3434 aliquo

227 3453 522 3515 suffragari3
558 3458 660 3519 aut,
682 3457 725 3506 si
745 3458 992 3517 aliquibus
1013 3461 1345 3508 communiter
1360 3490 1376 3521 ,
1398 3458 1481 3507 vel
1499 3458 1698 3505 divisim
1726 3461 1787 3505 ab
1816 3460 2100 3517 apostolica
