2376 3925
577 201 1112 249 ΟΟΜΜΕΝΤΔΤΙΟ
1169 206 1585 250 ISAGooch.
1894 209 2019 254 XXI

145 339 204 391 in
235 335 846 408 capiteeornamentum
870 334 1051 388 nimbi
1079 338 1266 392 aurati
1292 334 1583 407 habentes,
1609 337 1681 393 ad
1700 335 2017 394 Salvatoris

143 427 454 492 utrumque
481 416 628 472 latus
653 417 988 487 excalceati,
1011 427 1244 472 curvato
1281 419 1567 492 paulisper
1593 438 1856 494 corpore,
1886 439 2016 495 pro-

148 508 490 556 sternuntur
514 499 918 570 venerabundi,
950 499 1212 555 manibus
1240 508 1528 576 gestantes
1554 502 1783 560 baculos
1808 522 2017 580 argen-

145 595 286 640 teos.
374 579 562 636 Extra
599 582 907 652 circulum,
943 583 1005 636 in
1041 592 1283 656 quatuor
1307 585 1496 657 pictae
1521 585 1745 641 tabulae
1770 588 2019 662 angulis,

147 675 395 742 quatuor
432 672 930 739 repraesentantur
961 661 1368 740 Evangelistae
1382 706 1401 737 ,
1441 684 1570 721 cum
1602 667 1868 741 symbolis
1916 671 2021 724 ali-

146 748 300 805 unde
323 748 478 802 notis
497 787 516 818 ,
553 747 788 820 pedibus
815 755 1029 802 stantes
1057 748 1223 802 nudis
1239 789 1258 817 ,
1303 757 1464 805 veste
1498 766 1567 804 ac
1614 748 1905 825 chlamyde
1930 753 2019 806 in-

151 832 277 888 duti
304 830 662 900 versicolori,
689 830 880 885 nimbo
909 838 1076 902 caput
1101 830 1374 886 redimiti.
1448 829 1897 908 Evangeliorum
1919 852 2021 889 vo-

153 915 345 970 lumen
389 913 554 968 varia
591 913 874 986 positione
906 929 1041 986 prae
1077 913 1337 969 manibus
1361 911 1656 985 habentes,
1686 934 1747 970 se
1773 916 2023 972 invicem

150 1001 461 1052 intuentur.
494 1024 566 1035 —

269 1076 401 1133 Jam
441 1078 663 1149 missis,
703 1095 848 1153 quae
889 1078 960 1133 ad
996 1087 1291 1134 externam
1313 1079 1557 1134 formam
1586 1081 1798 1136 codicis
1826 1079 2018 1136 Amia-

147 1164 256 1218 tini
296 1159 598 1216 referenda
635 1169 798 1231 sunt,
846 1162 1042 1234 paucis
1078 1161 1377 1217 dicendum
1420 1172 1507 1218 est
1534 1163 1601 1218 de
1628 1164 1880 1232 vinculo,
1907 1183 2015 1238 quo

147 1246 522 1300 eontinentur
555 1251 720 1299 vetus
760 1241 904 1298 Itala
951 1251 1009 1298 ct
1043 1245 1279 1318 vulgata
1318 1241 1657 1320 Hieronymi
1694 1246 1881 1300 versio
1894 1285 1912 1315 ,
1953 1255 2018 1302 ut

145 1327 320 1398 haec,
377 1326 562 1401 qualis
602 1327 680 1380 sit
715 1326 980 1400 ponderis
1021 1328 1084 1381 in
1127 1325 1297 1382 rebus
1337 1328 1577 1397 criticis,
1623 1329 2015 1402 perspiciatur.

148 1409 417 1485 Vestigia
475 1409 866 1465 translationis
901 1407 1080 1463 Italae
1131 1417 1265 1464 ante
1313 1406 1729 1485 Hieronymum
1779 1411 2019 1466 tendunt

148 1511 326 1568 usque
355 1490 432 1546 ad
455 1491 630 1546 finem
655 1509 801 1546 saec.
827 1489 898 1546 Π.
929 1499 986 1546 et
1009 1492 1240 1546 initium
1268 1509 1414 1548 saec.
1441 1490 1540 1548 ΙΙΙ.
1626 1491 1823 1549 Patria
1847 1492 2017 1568 huius

145 1575 504 1631 monumenti
531 1576 786 1649 quamvis
815 1575 1034 1629 incerta
1059 1575 1164 1645 sit,
1209 1576 1465 1651 plerique
1499 1585 1689 1632 tamen
1719 1577 2020 1652 designant

147 1659 438 1726 Africam,
490 1657 818 1713 auctoribus
867 1659 1114 1712 maxime
1159 1653 1533 1715 Tertulliano
1572 1669 1631 1714 et
1666 1657 2017 1736 Augustino,

148 1743 247 1816 qui
285 1743 347 1795 in
378 1741 612 1814 scriptis
651 1759 817 1814 saepe
846 1737 988 1795 Itala
1022 1741 1289 1795 versione
1312 1749 1567 1796 utuntur.
1654 1739 1771 1797 Sed
1794 1758 2017 1811 vereor,

147 1841 224 1878 an
250 1827 370 1897 ejus
397 1825 562 1899 origo
587 1827 718 1897 jure
743 1822 816 1878 ad
841 1840 1013 1877 unam
1032 1823 1388 1896 provinciam
1402 1823 1607 1878 referri
1621 1825 1817 1896 possit.
1870 1819 2019 1876 Nam

145 1914 392 1961 testante
417 1904 782 1981 Augustino,
823 1907 1015 1981 prouti
1049 1905 1248 1979 primis
1290 1903 1425 1959 fidei
1466 1905 1811 1978 temporibus
1836 1903 2019 1959 facul-

143 2000 262 2046 tate
297 1992 492 2065 aliqua
529 1990 824 2064 utriusque
860 1989 1092 2064 linguae
1125 1990 1341 2061 pollere
1378 1988 1488 2043 sibi
1522 1989 1761 2062 quisque
1784 1986 2015 2043 videba-

143 2084 267 2144 tur,
307 2090 481 2128 ausus
520 2081 607 2127 est
640 2082 882 2128 vertere.
967 2070 1032 2128 Id
1074 2070 1441 2127 confirmatur
1486 2072 1813 2126 versionum
1846 2068 2017 2126 Itala-

143 2175 268 2211 rum
328 2156 592 2230 reliquiis
620 2156 680 2210 in
711 2155 1030 2224 codicibus,
1070 2174 1309 2230 quorum
1334 2156 1543 2210 notitia
1568 2172 1739 2228 opera
1762 2156 2020 2209 virorum

146 2240 446 2295 doctorum
462 2235 802 2309 Bianchini,
828 2236 1153 2308 Sabatieri,
1182 2234 1558 2310 Martt’anayi
1578 2237 1929 2311 aliorumque
1954 2233 2017 2313 1)

142 2322 216 2377 ad
247 2340 358 2376 nos
391 2322 571 2377 venit.
659 2318 809 2375 Sunt
852 2322 1002 2374 enim
1037 2319 1359 2396 fragmenta
1383 2320 1640 2375 diversae
1665 2320 1894 2389 indolis,
1924 2336 2018 2373 co-

142 2406 401 2478 lorisque
423 2404 658 2458 minime
694 2404 1118 2458 consentientis.
1192 2399 1271 2457 Et
1300 2406 1585 2458 unitatem
1610 2403 1890 2458 versionis
1916 2419 2017 2456 ne-

143 2506 238 2543 mo
282 2484 466 2541 adhuc
499 2486 816 2541 rationibus
852 2485 1072 2541 idoneis
1113 2486 1197 2540 ita
1222 2486 1461 2559 probare
1487 2487 1703 2558 potuit,
1739 2494 1803 2539 ut
1826 2485 2017 2539 nullus

146 2568 446 2625 dubitandi
488 2569 646 2624 locus
685 2568 1044 2642 superfuerit.
1175 2565 1569 2623 Eiehhornius
1610 2569 1783 2622 etiam
1821 2568 1883 2621 in
1907 2565 2019 2621 hoc

147 2670 364 2728 genere
389 2654 676 2707 incassum
705 2652 1030 2725 disputavit.
1114 2648 1320 2706 Melius
1354 2651 1538 2726 igitur
1565 2649 1633 2704 de
1659 2649 2019 2705 versionibus

145 2734 372 2789 Italicis
398 2753 633 2790 numero
661 2735 868 2808 plurali
896 2734 1210 2789 disseritur.
1288 2730 1405 2788 Eas
1430 2740 1586 2788 recte
1614 2732 1875 2807 designat
1898 2731 2017 2787 Au-

141 2818 426 2894 gustinus
452 2819 766 2872 notissimis
793 2816 1010 2873 verbis:
1067 2834 1249 2887 „esse
1284 2816 1588 2872 verborum
1628 2819 1863 2870 tenaces
1892 2834 2019 2871 cum

134 2901 358 2979 perspi
391 2901 583 2956 uitale
620 2900 1007 2955 sententiae.“
1089 2897 1431 2973 Plerumque
1471 2896 1624 2951 enim
1648 2898 2017 2955 translatores

145 2992 377 3039 textum
415 3000 683 3059 graecum
714 2981 784 3036 ad
818 2982 1044 3036 literam
1065 2979 1311 3036 reddunt
1326 3019 1344 3051 ,
1386 2996 1516 3034 raro
1544 2978 1777 3036 liberius
1804 2989 2015 3058 agunt-3

144 3065 298 3121 unde
335 3065 552 3121 factum
593 3074 707 3135 cst,
755 3072 820 3119 ut
845 3060 1126 3119 Latinitas
1162 3080 1359 3118 corum
1394 3062 1495 3117 vix
1532 3060 1641 3118 hoc
1678 3064 1754 3119 sit
1786 3066 2015 3120 nomine

285 3290 341 3348 1)
380 3288 573 3335 Novum
581 3291 937 3351 fragmentum
947 3289 1100 3335 Italae
1123 3290 1371 3336 versionis
1392 3288 1566 3335 Marci
1590 3291 1737 3345 atque
1756 3283 2020 3333 Matthaei

153 3372 179 3401 e
201 3358 384 3403 codice
407 3356 529 3402 olim
551 3358 850 3414 Bobbiensi,
881 3371 1019 3402 nunc
1044 3356 1355 3404 Tuum‘nensz·
1376 3356 1534 3414 Regio
1560 3354 1745 3413 publici
1762 3351 1892 3409 juris
1918 3348 2019 3394 feci

147 3424 398 3549 ἰὲεξὴὶοὲ
434 3422 698 3536 gneo-dota
729 3438 906 3473 sacra.
937 3423 1097 3483 (Lipn.
1117 3425 1263 3470 1837.
1286 3423 1359 3481 8.)
1392 3437 1437 3479 p.
1467 3424 1495 3467 1
1515 3445 1584 3458 --
1602 3422 1716 3466 1⁰9.
1744 3416 1859 3464 coll.
1888 3416 2019 3461 Pro-
