2376 3925
403 151 672 204 ACTUS
724 154 1381 212 APOSTOLORUM.
1440 167 1607 218 cAP.
1646 170 1835 224 2224.
1972 178 2075 229 229

187 257 274 300 tes
295 254 562 314 ducentos,
583 258 640 302 ut
659 259 778 302 eant
793 271 950 315 usque
972 261 1100 306 Cae-

189 335 392 367 saream
404 351 418 380 ,
458 326 510 367 et
539 323 734 379 equites
763 327 1098 388 septuaginta,

189 391 245 433 et
269 387 558 434 lancearios
597 391 855 452 ducentos,
892 406 924 438 a
950 395 1102 441 tertia

186 455 320 500 hora
337 456 504 503 noctis
519 471 534 513 3

256 523 340 568 24.
377 525 431 569 et
443 523 674 581 jumenta
692 529 1014 588 praeparate,
1041 531 1099 576 ut

186 589 514 646 imponentes
530 591 755 651 Paulum,
767 594 960 640 salvum
978 609 1098 652 per-

189 655 441 702 ducerent
457 657 520 702 ad
536 657 758 705 Felicem
776 662 1072 716 praesidem.

253 725 338 769 25.
389 723 603 782 (Timuit
649 727 810 786 enim,
855 741 922 774 ne
959 731 1097 776 forte

187 793 433 848 raperent
451 805 564 837 eum
581 793 787 852 Iudaei,
817 797 868 840 et
893 797 1096 844 occide-

183 860 320 915 rent,
366 860 417 904 et
453 859 560 915 ipse
594 863 770 917 postea
797 861 1096 909 calumniam

185 925 488 983 sustineret,
519 927 770 984 tamquam
799 931 1094 987 accepturus

183 991 491 1050 pecuniam.)

257 1060 338 1103 26.
381 1060 617 1106 Scribens
667 1061 932 1118 epistolam
967 1076 1095 1110 con-

186 1125 434 1172 tinentem
459 1126 611 1173 haec:
653 1128 890 1176 Claudius
913 1131 1093 1190 Lysias

186 1192 378 1249 optimo
399 1193 635 1252 praesidi,
654 1194 842 1256 Felici,
865 1197 1094 1245 salutem.

251 1261 337 1304 27.
379 1261 552 1306 Virum
587 1261 722 1308 hunc
759 1266 1092 1323 comprehen-

183 1339 294 1372 sum
314 1339 346 1372 a
365 1327 583 1387 Judaeis,
597 1331 648 1374 et
666 1329 990 1388 incipientem
1007 1333 1092 1378 in-

181 1394 348 1440 terfici
368 1396 428 1440 ab
457 1395 556 1454 eis,
586 1399 954 1454 superveniens
978 1415 1091 1446 cum

184 1461 416 1506 exercitu
463 1462 652 1522 eripui,
700 1467 935 1526 cognito,
974 1469 1092 1524 quia

179 1528 438 1574 Romanus
459 1531 537 1575 est
547 1523 590 1575 ἅ.

247 1596 334 1642 28.
368 1595 660 1652 volensque
701 1598 833 1644 scire
871 1613 1088 1661 causam,

180 1675 332 1718 quam
384 1663 694 1720 objiciebant
746 1663 848 1723 illi,
904 1666 1091 1714 deduxi

179 1743 296 1775 eum
313 1729 371 1774 in
392 1728 664 1774 concilium
686 1743 877 1776 eorum.

243 1798 329 1842 29.
370 1796 534 1847 Quem
561 1794 736 1840 inveni
773 1799 1000 1844 accusari
1030 1799 1089 1844 de

176 1862 562 1920 quaestionibus
582 1861 712 1920 legis
723 1862 946 1920 ipsorum
959 1871 995 1924 ⁶,
1007 1867 1090 1912 ni-

174 1932 250 1978 hil
274 1943 402 1977 vero
435 1928 640 1987 dignum
667 1933 830 1979 morte
860 1935 947 1979 aut
973 1933 1089 1981 vin-

175 2000 306 2047 culis
324 1999 593 2045 habentem
613 1998 852 2046 criminis.

244 2068 328 2111 30.
364 2065 434 2111 Et
451 2079 564 2111 cum
589 2066 714 2111 mihi
735 2067 984 2124 perlatum
1000 2082 1086 2116 es·-

173 2135 254 2179 set
286 2133 346 2178 de
375 2133 589 2191 insidiis,
629 2147 750 2191 quas
779 2140 1086 2192 paraverant

170 2200 280 2258 illi,
308 2200 424 2245 misi
451 2214 562 2246 eum
591 2201 653 2247 ad
671 2203 722 2247 te
743 2202 1080 2262 denuncians3

172 2271 227 2314 et
257 2268 632 2314 accusatoribus
671 2270 724 2314 ut
757 2269 926 2317 dicant
952 2272 1084 2329 apud

167 2339 241 2381 te.
315 2334 453 2380 Vale.

240 2402 326 2445 31.
385 2401 575 2449 Milites
629 2415 754 2461 ergo
805 2405 1084 2453 secundum

167 2468 1080 2529 praeceptumsibi,assumentesPau-

167 2537 296 2593 lum,
309 2535 561 2582 duxerunt
577 2551 668 2594 per
687 2541 890 2586 noctem
908 2540 1080 2587 inAn-

164 2602 474 2661 tipatridem.

237 2671 320 2715 32.
353 2670 423 2715 Et
471 2672 678 2728 postera
731 2672 811 2718 die
859 2674 1076 2721 dimissis

165 2736 448 2797 equitibus,
477 2739 536 2783 ut
561 2754 674 2785 cum
702 2753 764 2785 eo
793 2740 954 2800 irent,
989 2755 1075 2787 re-

165 2804 307 2851 versi
327 2808 445 2850 sunt
462 2805 525 2850 ad
545 2808 724 2851 castra.

233 2872 318 2917 33.
358 2872 588 2925 Quicum
607 2872 868 2919 venissent
888 2875 1075 2919 Caesa-

161 2952 325 2997 ream,
365 2941 415 2985 et
450 2940 774 2985 tradidissent
811 2940 1076 2997 epistolam

160 2997 453 3064 praesidis,
483 3008 767 3053 statuerunt
796 3010 913 3053 ante
932 3007 1071 3054 illum

164 3075 216 3118 et
234 3072 463 3120 Paulum.

161 3180 452 3264 lollcgsshae.
487 3183 636 3225 22‚25.
691 3186 827 3221 «ιδ.
877 3179 1070 3221 sttth.

207 3251 222 3268 ‚
293 3251 306 3262 .

1236 266 1317 311 34.
1354 269 1478 313 Cum
1494 269 1705 328 legisset
1722 278 1903 338 autem,
1926 282 1978 326 et
1994 281 2075 326 in-

1168 331 1499 395 terrogasset,
1514 338 1574 383 de
1586 353 1683 396 qua
1703 345 1971 400 provincia
1992 361 2075 392 es-

1169 401 1272 476 set3
1294 403 1345 446 et
1364 415 1679 460 cognoscens
1691 438 1706 468 ,
1728 411 1847 467 quia
1864 412 1927 458 de
1948 413 2073 460 Cili·

1169 479 1316 578 cla3⁷5.
1352 537 1551 583 audiam
1570 542 1638 599 te,
1659 541 1839 603 inquit,
1860 559 1972 592 cnm
1983 559 2071 594 ac-

1167 603 1427 648 cusatores
1446 605 1523 650 tui
1542 609 1831 656 venei-inte.
1882 614 2069 660 Jussit-

1165 679 1261 723 que
1281 669 1335 714 in
1362 674 1623 728 praetorio
1649 675 1869 724 Herodis
1896 683 2069 727 custo-

1166 734 1263 780 diri
1282 749 1410 782 eum.

1405 858 1573 909 CAP.
1629 861 1827 915 XXIV.

1167 949 1331 994 Coram
1366 953 1521 998 Felice
1564 957 1792 1003 Christum
1829 966 2069 1017 praedicat

1162 1006 1347 1050 Paulus·
1392 1009 1453 1052 At
1472 1025 1568 1054 cum
1590 1017 1779 1068 pecunia
1801 1031 1849 1060 se
1868 1033 1958 1062 non
1978 1021 2067 1063 sol-

1163 1063 1315 1113 visset,
1325 1066 1503 1110 vinctus
1522 1069 1807 1170 rgffiffimt'
1818 1073 1975 1119 Felice
1986 1078 2066 1119 ab·

1230 1213 1277 1256 1.
1312 1213 1437 1260 Post
1480 1217 1699 1273 quinque
1744 1224 1911 1268 autem
1958 1225 2065 1273 dies

1163 1279 1422 1327 descendit
1454 1283 1689 1342 princeps
1720 1288 2063 1353 sacerdotum,

1160 1347 1385 1392 Ananias
1399 1341 1443 1408 7¹,
1476 1363 1585 1394 cum
1618 1353 1913 1404 Senioribus
1949 1362 2065 1416 ›qui-

1159 1413 1394 1473 busdam,
1458 1419 1510 1462 et
1564 1419 1795 1468 Tertullo
1850 1427 2067 1480 quodam

1161 1483 1393 1540 oratore,
1424 1484 1509 1540 qui
1536 1483 1769 1534 adierunt
1785 1491 2066 1551 principem

1159 1548 1400 1595 adversus
1420 1551 1646 1599 Paulum.

1228 1617 1273 1660 2.
1308 1617 1377 1663 Et
1396 1617 1548 1664 citato
1569 1621 1755 1681 Paulo,
1789 1627 1959 1682 coepit
1976 1641 2062 1676 ac-

1160 1695 1337 1728 cusare
1360 1685 1635 1745 Tertullus,
1654 1687 1825 1736 dicens
1840 1703 1853 1736 t
1868 1694 1990 1740 Cum
2008 1696 2063 1742 in

1160 1747 1316 1792 multa
1352 1762 1473 1806 pace
1512 1765 1716 1809 agamus
1761 1770 1855 1814 per
1889 1763 1964 1820 te,
2014 1765 2065 1809 et

1158 1813 1317 1859 multa
1334 1817 1657 1874 corrigantur
1676 1835 1767 1879 per
1786 1826 1921 1871 tuam
1939 1841 2063 1885 pro-

1159 1879 1459 1939 videntiam3

1226 1948 1272 1995 3.
1308 1961 1507 2007 semper
1544 1953 1596 1999 et
1631 1955 1811 2013 ubique
1849 1959 2063 2019 suscipi-

1155 2030 1291 2074 mus,
1331 2018 1517 2076 optime
1552 2020 1724 2071 Felix.¹
1776 2040 1887 2073 cum
1925 2030 2063 2076 omni

1154 2084 1430 2141 gratiarum
1450 2088 1667 2137 actione.

1218 2154 1267 2197 4.
1303 2153 1379 2199 Ne
1402 2154 1585 2203 diutius
1604 2160 1767 2205 autem
1788 2164 1838 2209 te
1855 2167 2058 2221 protra-

1151 2218 1295 2279 ham,
1335 2234 1447 2281 oro,
1487 2225 1711 2272 breviter
1746 2230 1920 2278 audias
1958 2246 2055 2279 nos

1150 2300 1245 2345 pro
1266 2290 1353 2333 tua
1372 2289 1654 2339 clementia.

1218 2357 1265 2401 5.
1308 2357 1596 2405 Invenimus
1634 2361 1767 2409 hunc
1802 2364 2055 2411 hominem

1149 2422 1443 2477 pestiferum
1456 2454 1470 2483 ,
1493 2428 1543 2470 et
1562 2430 1899 2476 concitantem
1918 2432 2056 2477 sedi-

1149 2488 1315 2534 tiones
1356 2492 1586 2539 omnibus
1621 2494 1827 2541 Iudaeis
1854 2498 1908 2542 in
1934 2500 2052 2544 uni-

1150 2567 1301 2601 verso
1322 2558 1445 2603 orbe
1460 2588 1474 2616 ,
1496 2562 1547 2605 et
1564 2563 1825 2608 auctorem
1842 2564 2052 2611 seditio-

1145 2622 1228 2667 nis
1248 2625 1417 2669 sectae
1434 2626 1832 2675 Nazarenorum.

1214 2692 1261 2735 6.
1300 2691 1399 2744 Qui
1418 2692 1567 2739 etiam
1586 2696 1826 2752 templum
1840 2695 2053 2747 violarei

1145 2760 1357 2804 conatus
1378 2762 1479 2818 est,
1510 2774 1657 2817 quem
1688 2764 1739 2807 et
1764 2766 2048 2821 apprehen-

1143 2836 1254 2869 sum
1290 2824 1540 2872 voluimus
1578 2828 1849 2877 secundum
1882 2832 2047 2893 legem

1142 2892 1369 2935 nostram
1384 2892 1628 2948 judicare.

1211 2958 1257 3001 7.
1296 2959 1669 3015 Superveniens
1689 2966 1855 3013 autem
1883 2970 2043 3016 tribu-

1140 3037 1236 3069 nus
1256 3024 1433 3083 Lysias
1444 3018 1483 3085 k,
1515 3041 1625 3074 cum
1654 3030 1706 3076 vi
1737 3046 1921 3093 magna
1940 3038 2043 3082 eri-

1139 3092 1250 3149 puit
1268 3105 1381 3138 eum
1401 3093 1461 3139 de
1479 3096 1703 3143 manibus
1723 3103 1931 3162 nostris,

1182 3189 1393 3229 ec.24‚1.
1436 3185 1647 3233 *eae-,2
1694 3188 1918 3239 imenso.
1966 3196 2040 3235 *e-

1135 3236 1199 3277 αι,
1215 3237 1381 3271 31-33.

281 3372 397 3428 Cap.
429 3371 616 3419 xxm.
674 3382 743 3420 25.
774 3378 862 3421 Hic
880 3392 1029 3425 verme
1051 3394 1241 3439 prorem
1260 3383 1386 3426 abest
1402 3398 1433 3425 a
1452 3384 1602 3429 codice
1620 3395 1795 3431 nostro.
1854 3393 1922 3433 29.
1955 3395 2039 3435 cri-

167 3442 290 3471 men.
361 3433 432 3471 30.
472 3440 744 3485 paraverunt
760 3437 802 3477 ei
822 3437 923 3479 misi
943 3438 1000 3479 ad
1021 3442 1067 3480 te
1097 3440 1241 3492 (deest
1256 3441 1402 3493 eum);
1428 3438 1535 3484 ibid.
1558 3446 1679 3485 deest
1700 3444 1833 3487 Vale.
1891 3450 1959 3489 32.
1990 3455 2040 3491 ut

159 3486 286 3527 irent
306 3498 406 3527 cum
423 3499 492 3528 eo·
549 3492 619 3530 35.
651 3504 750 3533 cnm
767 3497 815 3535 et
833 3499 1130 3536 accusatores·

1244 3493 1424 3536 XXIV.
1480 3500 1523 3537 ἵ.
1555 3498 1715 3548 Lysias
1734 3501 1953 3545 tribunus.
