2376 3925
642 171 1183 225 MATTHAEUS.
1258 173 1410 224 GAP.
1450 173 1639 224 19.2o.

273 279 357 322 21.
391 276 477 322 Ait
494 275 729 322 illiJesus
746 276 827 322 :Si
848 276 924 322 vis
943 277 1117 334 perfe-

206 346 319 392 ctus
340 356 472 403 esse,
491 343 643 402 vade,
662 342 847 402 vende,
871 356 999 400 quae
1022 343 1117 391 ha-

202 415 311 470 bes,
333 413 390 458 et
408 409 472 456 da
490 409 819 468 pauperibus!
841 413 893 456 et
910 411 1117 458 habebis

200 480 501 526 thesaurum
538 477 597 524 in
630 477 833 524 coclo⁶z
886 480 941 524 ct
976 480 1116 539 veni,

203 558 425 602 sequere
446 542 550 593 mel

270 615 355 658 22.
396 613 525 659 Cum
551 611 774 658 audisset
803 615 971 660 autem
988 614 1116 660 ado-

200 681 410 728 lesccns
422 681 649 740 verbum,
662 680 788 726 abiit
804 680 964 726 tristis
978 696 992 740 3
1007 685 1121 728 erat

202 749 341 795 cuim
351 748 543 794 habens
552 748 736 794 multas
746 749 1115 805 possessionen.

270 817 355 861 23.
390 816 422 861 J
424 827 538 862 esus
559 817 727 861 autem
746 815 878 862 dixit
896 815 1117 874 discipu-

200 883 271 928 lis
300 883 431 928 suis:
466 884 630 928 Amen
658 882 771 928 dico
801 883 967 942 vobis,
998 884 1117 941 quia

206 949 357 995 dives
386 949 581 996 difficile
605 949 815 996 intrabit
830 950 885 996 in
902 963 1119 1008 reg-uum

208 1015 471 1064 coelorum
480 1009 524 1062 ὅ.

276 1085 357 1130 24.
392 1083 462 1130 Et
478 1084 665 1130 iterum
680 1081 793 1130 dico
811 1085 987 1131 vobis:
1014 1084 1117 1131 Fa-

209 1151 355 1198 cilius
383 1153 463 1197 est
492 1151 738 1197 camelum
762 1165 857 1210 per
886 1155 1119 1199 foram-en

207 1231 327 1265 acus
356 1218 577 1265 transire
591 1249 607 1278 ,
638 1232 787 1275 quam
807 1219 1017 1266 divitem
1033 1220 1116 1266 in-

203 1289 342 1332 trare
362 1286 421 1332 in
436 1297 652 1344 regnum
670 1287 947 1334 coelorum.

268 1355 356 1398 25.
391 1352 588 1399 Auditis
600 1356 769 1400 autem
784 1354 882 1413 his,
894 1353 1117 1412 discipu-

203 1421 243 1467 li
278 1421 593 1466 mirabuntur
638 1421 815 1481 valde,
862 1421 1117 1468 dicentes:

209 1487 337 1542 Quis
356 1501 483 1546 crgo
504 1489 696 1545 poterit
714 1487 886 1535 salvus
907 1489 1051 1536 esse?

276 1557 355 1600 26.
391 1555 657 1612 Aspicicns
678 1558 845 1602 autem
854 1558 886 1603 J
888 1570 1022 1617 esus,
1039 1556 1117 1603 di-

202 1623 289 1670 xit
302 1622 433 1668 illis:
461 1622 606 1680 Apud
632 1623 866 1670 homines
892 1623 993 1670 hoc
1020 1623 1117 1669 im-

208 1689 455 1748 possibile
477 1691 580 1747 est3
612 1691 743 1748 apud
774 1691 934 1737 Deum
951 1693 1120 1737 autem

208 1755 387 1802 omnia
403 1757 662 1812 possibilia
680 1759 813 1803 sunt.

281 1823 363 1868 27.
401 1824 539 1869 Tunc
570 1825 892 1882 respondens
920 1824 1119 1884 Petrus,

209 1890 353 1936 dixit
386 1889 459 1936 ei:
494 1889 650 1938 Ecce!
690 1905 789 1938 nos
823 1891 1120 1948 reliquimus

208 1957 410 2017 omnia,
442 1959 493 2005 et
509 1959 671 2007 secuti
698 1973 871 2007 sumus
891 1961 971 2019 tc3
1002 1958 1123 2017 quid

209 2039 335 2085 ergo
358 2026 455 2072 erit
472 2028 651 2074 nobis?

274 2096 359 2139 28.
394 2094 545 2139 Jesus
599 2096 766 2141 autem
812 2094 945 2141 dixit
988 2094 1118 2141 illis:

206 2164 372 2207 Amen
391 2161 505 2207 dico
526 2162 675 2208 vobis
687 2192 702 2221 ‚
736 2162 872 2219 quod
890 2175 985 2207 vos
999 2192 1013 2221 ,
1035 2161 1122 2219 qui

206 2228 372 2275 secuti
390 2228 513 2274 estis
530 2228 1115 2288 me,inregeneratione‚

209 2310 325 2342 cum
342 2294 535 2342 sederit
548 2295 711 2341 Filius
729 2296 949 2342 hominis
962 2296 1018 2342 in
1037 2310 1121 2342 se-

209 2363 274 2409 de
300 2362 577 2419 majestatis
604 2376 725 2409 suae
736 2368 773 2423 ⁶,
802 2363 1044 2409 sedebitis⁴
1070 2366 1123 2409 et

204 2442 309 2476 vos
336 2443 490 2487 super
516 2429 665 2477 sedes
684 2429 964 2490 duodecim,
980 2431 1120 2488 judi-

210 2498 389 2545 cantes
409 2496 675 2543 duodecim
691 2498 851 2545 tribus
869 2498 1044 2544 Israel.

279 2566 362 2609 29.
397 2564 465 2609 Et
502 2566 693 2624 omnis,
738 2566 825 2622 qui
859 2564 1125 2623 reliquerit

208 2633 433 2690 domum,
452 2632 538 2677 vel
558 2634 768 2691 fratres,
790 2635 878 2678 aut
896 2645 1123 2691 sorores,

208 2701 306 2745 unt
348 2701 567 2758 patrem,
614 2702 701 2745 aut
744 2703 981 2759 matrem,
1038 2702 1127 2745 out

210 2778 431 2812 uxorem
445 2797 462 2825 ,
501 2768 590 2812 aut
622 2766 782 2826 filios,
829 2769 916 2812 aut
951 2779 1122 2827 agros,

208 2835 424 2892 propter
434 2846 625 2880 nomen
634 2848 818 2893 meum,
836 2833 1127 2893 centuplum

206 2900 459 2961 accipiet,
480 2902 534 2947 et
550 2901 707 2947 vitam
724 2904 985 2948 aeternnm
1001 2912 1124 2959 pos-

211 2968 412 3015 uidebit.

281 3036 364 3080 30.
400 3034 552 3081 Multi
588 3036 756 3081 autem
792 3036 945 3082 crunt
978 3035 1128 3091 primi

209 3102 505 3163 novissimi,
526 3103 579 3149 et
594 3101 865 3149 novissimi
881 3092 1091 3162 primis.

207 3214 274 3301 an
288 3210 387 3291 33³.
404 3208 552 3298 ἶλαι...
566 3218 605 3287 5
614 3211 804 3298 οῗῗοῗῗσ.
828 3208 1128 3299 ὶῇἶοὶξὲοἳΫ

2026 171 2090 221 33

1466 329 1635 380 cAP.
1689 329 1813 381 XX.

1183 427 1415 470 Parabola
1435 428 1492 470 de
1519 427 1772 471 hominibus
1801 429 2024 483 operariis
2045 430 2090 470 iu

1182 485 1332 526 vinea.
1395 483 1566 526 Christi
1583 482 1707 525 mala
1725 489 1772 526 et
1790 497 1909 526 mors
1927 485 2090 526 iterun

1184 541 1524 594 praedicuntur.
1601 539 1674 582 Dc
1710 539 1819 582 filiis
1857 539 2092 583 Zebedaei

1184 609 1422 652 eorumque
1434 600 1593 638 matrc.
1652 593 1867 639 Narratio
1878 596 1934 639 de
1949 598 2094 640 caecis

1462 651 1490 693 J
1497 649 1806 694 erichuntinin.

1253 749 1300 792 1.
1337 744 1512 792 Simile
1523 747 1825 803 esti-egnum
1836 745 2094 794 coelorum

1185 813 1380 859 homini
1413 812 1791 872 patrifamilias,
1845 813 1931 869 qui
1966 815 2095 860 exiit

1185 881 1349 939 primo
1377 894 1524 927 mane
1554 879 1842 927 conducere
1861 883 2093 937 operari-

1186 961 1246 994 os
1265 949 1320 994 in
1339 948 1539 994 vincam
1557 961 1714 994 suam.

1255 1018 1302 1062 2.
1339 1016 1696 1062 Conventionc
1750 1018 1919 1062 autem
1961 1017 2096 1062 facta

1187 1097 1299 1131 cum
1310 1083 1558 1140 operariis
1579 1096 1648 1130 ex
1659 1083 1869 1129 denario
1892 1083 2095 1143 diurno,

1185 1150 1324 1197 misit
1341 1163 1430 1196 eos
1449 1150 1504 1196 in
1522 1151 1727 1197 vineam
1744 1163 1901 1197 suam.

1255 1219 1302 1262 3.
1321 1216 1390 1262 Et
1399 1230 1636 1275 egressus
1652 1218 1788 1264 circa
1797 1217 1978 1264 horam
1985 1222 2094 1266 ter-

1186 1285 1336 1343 tiam,
1364 1285 1496 1330 vidit
1519 1284 1650 1330 alios
1679 1287 1871 1330 stantes
1902 1284 1957 1330 in
1976 1286 2092 1332 foro

1188 1353 1402 1412 otiosos,

1251 1421 1301 1465 4.
1337 1421 1390 1466 et
1409 1418 1541 1465 dixit
1557 1418 1771 1466 illiszlte
1782 1420 2001 1467 etvosin
2013 1421 2093 1468 vi-

1184 1501 1334 1534 neam
1352 1485 1535 1533 meam!
1555 1489 1608 1533 ct
1621 1488 1754 1544 quod
1768 1487 1962 1546 justum
1978 1490 2092 1537 fne-

1184 1556 1270 1614 rit,
1292 1554 1419 1601 dabo
1439 1555 1604 1602 vobis.

1255 1625 1302 1668 5.
1336 1621 1420 1668 Illi
1438 1624 1604 1668 autem
1623 1625 1872 1672 abierunt.
1906 1629 2093 1673 lterum

1186 1692 1356 1736 autem
1374 1690 1504 1736 exiit
1529 1689 1665 1736 circa
1693 1694 1890 1738 sextam
1917 1697 1969 1739 et
1995 1706 2094 1737 no-

1186 1770 1306 1802 nam
1323 1756 1500 1802 horam
1517 1770 1531 1814 3
1555 1758 1606 1801 et
1623 1757 1746 1803 fecit
1763 1757 2009 1804 similiter.

1257 1825 1304 1868 6.
1327 1823 1473 1868 Circa
1484 1823 1799 1869 undecimam
1810 1837 1936 1871 vcro
1948 1825 2094 1883 exiit,

1191 1891 1242 1936 et
1268 1889 1470 1935 invenit
1495 1888 1624 1934 alios
1652 1892 1869 1951 stantes,
1909 1893 1962 1938 et
1979 1891 2098 1937 dicit

1188 1957 1317 2004 illis:
1375 1956 1507 2010 Quid
1551 1956 1634 2003 hic
1679 1957 1821 2005 statis
1869 1960 1979 2006 tota
2017 1958 2096 2005 die

1190 2024 1377 2073 otiosi?

1257 2095 1304 2139 7.
1341 2092 1530 2138 Dicunt
1557 2094 1631 2139 ei:
1663 2093 1794 2145 Quia
1820 2108 1971 2141 nemo
1999 2108 2096 2142 nos

1188 2160 1453 2209 conduxit.
1522 2160 1660 2206 Dicit
1677 2161 1806 2207 illis:
1836 2165 1911 2210 Ite
1931 2166 1984 2209 et
1999 2176 2095 2209 vos

1188 2229 1245 2276 in
1263 2228 1467 2275 vineam
1483 2228 1672 2274 meam!

1257 2299 1305 2341 8.
1343 2297 1467 2340 Cum
1487 2308 1604 2342 sero
1625 2299 1792 2343 sutem
1809 2298 1996 2345 factum
2015 2311 2098 2344 es-

1192 2365 1286 2423 set,
1309 2362 1429 2409 dicit
1446 2363 1692 2409 Dominus
1710 2364 1892 2412 vineae
1909 2378 2098 2423 procu-

1188 2430 1354 2476 ratori
1389 2442 1483 2475 suo
1497 2442 1515 2480 ε,
1546 2432 1689 2477 Voca
1726 2432 2010 2489 operarios,
2050 2435 2101 2477 et

1190 2498 1347 2545 redde
1375 2497 1478 2542 illis
1505 2496 1812 2543 mercedem!
1850 2497 2100 2555 incipiens

1192 2579 1224 2612 a
1240 2564 1536 2611 novissimis
1559 2578 1716 2623 usque
1735 2564 1798 2610 ad
1815 2565 2024 2624 primos.

1261 2635 1308 2677 9.
1345 2633 1471 2677 Cum
1489 2633 1754 2679 venissent
1765 2645 1890 2690 crgo
1902 2632 1987 2689 qui
1999 2632 2100 2679 cir-

1195 2712 1256 2747 cu
1281 2698 1598 2745 undecimam
1625 2699 1804 2745 horam
1831 2704 2099 2758 venerant,

1193 2769 1502 2825 acceperunt
1519 2765 1750 2822 singulos
1771 2764 2024 2813 denarios.

1261 2836 1344 2879 10.
1379 2834 1658 2879 Venientes
1677 2833 1845 2879 autem
1863 2837 1916 2881 ct
1931 2835 2100 2894 primi,

1195 2900 1425 2947 arbitrati
1453 2900 1596 2957 sunt,
1625 2898 1760 2956 quod
1787 2901 1902 2960 plus
1931 2904 2105 2950 essent

1195 2967 1480 3025 accepturi;
1509 2970 1818 3025 acceperunt
1851 2972 2020 3017 autem
2053 2972 2105 3015 et

1194 3035 1296 3094 ipsi
1314 3033 1544 3091 singulos
1564 3034 1818 3083 denarios.

1263 3104 1345 3147 11.
1380 3101 1450 3147 Et
1479 3102 1785 3161 accipientes
1821 3116 2102 3150 murmura-

1195 3170 1318 3217 bunt
1336 3168 1578 3215 adversus
1596 3171 2027 3229 patremfamilias,

1265 3236 1346 3283 12.
1383 3236 2104 3284 dicentes:Hinovissimiuna

326 3392 444 3447 Cap.
469 3388 613 3433 XIX.
649 3394 720 3433 23.
750 3391 799 3432 in
825 3402 964 3441 regno
993 3388 1235 3433 coelorum.
1274 3392 1344 3432 25.
1371 3389 1652 3432 mirabantur
1678 3386 1897 3429 dicentes.
1932 3384 2002 3425 29.
2023 3382 2099 3434 qui

210 3447 417 3503 reliquit.
473 3444 590 3489 XX.
612 3449 653 3489 1.
674 3445 823 3489 similo
840 3448 889 3488 ct
906 3446 1041 3489 enim.
1080 3448 1122 3487 2.
1142 3445 1192 3486 in
1208 3445 1388 3487 vineam
1407 3445 1554 3499 (dccet
1570 3443 1735 3497 suam).
1771 3446 1814 3482 4.
1834 3438 1930 3481 illis
1953 3438 2097 3486 dixit·,

208 3503 322 3549 ibid.
342 3506 525 3547 vineam
546 3501 692 3558 (deest
706 3501 889 3557 meum).
926 3504 969 3543 ⁴1.
990 3502 1167 3544 vincam
1186 3501 1330 3556 (deest
1347 3500 1530 3553 mcum).
