2376 3925
275 193 376 245 114

837 179 1123 236 LUCAS.
1197 177 1370 230 cAP.
1407 177 1598 228 11.12.

274 249 2208 282 --..-------—-—-———-——--—-——-—-

278 296 413 355 quod
434 291 623 340 deforis
644 292 747 347 est,
776 285 997 334 etiamid
1010 315 1025 346 ,
1054 281 1190 341 quod

280 364 481 410 deintus
502 362 595 418 est,
616 356 769 404 fecit}

347 432 430 476 41.
465 427 823 474 Verumtamen
844 421 979 479 quod
1010 431 1190 476 super-

282 501 361 544 est
374 528 389 557 ,
421 495 535 542 date
561 492 965 550 eleemosynam3
1003 489 1055 533 et
1073 498 1192 532 ecce

285 564 455 611 omnia
472 560 658 608 munda
676 561 795 606 sunt
814 553 980 604 vobis!

350 649 433 692 42.
472 645 571 692 Sed
591 659 685 690 vae
716 642 861 688 vobis
879 633 1194 685 Pharisaeis!

286 715 405 773 quia
424 712 734 759 decimatism
760 707 1017 755 mentham
1036 707 1088 751 et
1103 717 1196 750 ru-

284 787 405 841 tam,
429 784 479 827 et
500 793 651 826 omne
671 777 811 834 olus3
836 777 888 821 et
904 771 1197 832 praeteritis

282 849 530 908 judicium
550 850 601 892 et
620 844 915 892 charitatem
926 841 1051 898 Dei3
1071 841 1198 886 haec

288 923 456 964 autem
468 914 695 972 oportuit
714 914 903 970 facere,
914 912 967 956 et
984 908 1075 954 illa
1092 919 1201 953 non

291 984 542 1032 omittere.

356 1053 439 1098 43.
459 1051 567 1096 Vae
587 1047 733 1096 vobis
751 1041 1062 1092 Pharisaeis!
1084 1039 1204 1098 quia

296 1117 540 1177 diligitis'²
590 1115 777 1174 primas
833 1110 1096 1160 cathedras
1148 1108 1204 1153 in

294 1185 573 1247 synagogis
587 1214 603 1244 ,
658 1185 710 1230 et
762 1179 1094 1228 salutationes
1149 1175 1205 1221 in

292 1257 431 1302 foro.

360 1323 445 1368 44.
478 1322 587 1366 Vae
613 1315 783 1366 vobis!
822 1315 940 1373 quia
960 1312 1115 1360 estis⁰
1151 1311 1209 1356 ut

294 1389 646 1444 monumenta,
670 1398 797 1441 quae
816 1396 924 1428 non
944 1378 1207 1438 apparent,

296 1459 349 1503 et
393 1453 625 1500 homines
672 1451 985 1497 ambulantes
1038 1457 1208 1502 supra,

300 1523 552 1569 nesciunt.

366 1592 449 1634 45.
468 1581 801 1644 Respondeas
823 1586 987 1629 autem
1009 1579 1208 1637 quidam

301 1653 726 1714 exLegisperitis,
740 1652 811 1697 ait
827 1651 905 1697 illi
917 1663 929 1696 :
942 1648 1187 1706 Magister
1201 1644 1210 1690 Ξ

300 1728 426 1772 haec
447 1725 647 1782 dicens,
676 1721 829 1767 etiam
856 1715 1214 1765 contumeliam

302 1793 451 1840 nobis
472 1790 615 1838 facis.

368 1863 451 1906 46.
487 1860 554 1906 At
571 1857 659 1904 ille
680 1855 774 1902 ait:
789 1855 858 1901 Et
876 1849 1214 1908 vobisLegis-

303 1929 479 1990 peritis
500 1924 615 1975 vae!
638 1925 794 1984 quiaP
807 1921 1031 1969 oneratis
1049 1917 1215 1965 homi-

304 2010 397 2043 nes
419 1996 685 2051 oneribus,
726 2004 854 2048 quae
884 1990 1089 2046 portare
1108 1998 1218 2031 non

308 2064 521 2122 possunt
534 2076 548 2117 3
562 2063 612 2105 et
628 2058 727 2115 ipsi
743 2069 847 2103 uno
872 2054 1029 2111 digito
1043 2054 1216 2099 vestro

308 2142 417 2175 non
435 2126 641 2183 tangitis
662 2124 904 2170 sarcinas.

375 2203 457 2247 47.
492 2203 599 2247 Vae
620 2200 767 2246 vobis
780 2197 790 2244 !
803 2198 890 2255 qui
910 2194 1184 2243 aedificatis
1197 2198 1222 2237 9

308 2270 637 2317 monumenta
645 2267 1014 2324 Prophetarum
1024 2278 1037 2321 ς
1048 2265 1220 2321 patres

312 2341 479 2385 autem
497 2334 656 2383 vestri
676 2333 971 2380 occiderunt
989 2331 1125 2378 illos.

378 2425 461 2469 48.
524 2420 821 2477 ''Profecto,
864 2414 1222 2475 testificamini,

313 2491 449 2550 quod
500 2486 799 2537 consentitis
848 2484 1086 2543 operibus
1128 2496 1251 2541 pa-‚

312 2564 447 2606 trum
485 2553 793 2605 vestrorum!
842 2552 1081 2611 quoniam
1125 2550 1228 2608 ipsi

314 2628 514 2683 quidem
547 2637 637 2672 eos
667 2622 987 2680 occiderunt,
1018 2632 1113 2665 vos
1132 2632 1226 2663 au-

314 2698 417 2740 tem
436 2691 708 2741 aedificatis
730 2702 908 2737 eorum
926 2686 1175 2746 sepulcra.

384 2780 467 2821 49·
502 2778 782 2836 Propterea
802 2775 853 2821 et
870 2770 1120 2830 sapientia
1130 2768 1230 2815 Dei

321 2843 473 2889 dixit:
495 2844 693 2891 Mittam
711 2844 774 2889 ad
792 2842 910 2889 illos
927 2839 1228 2896 Prophetas,

322 2912 374 2957 et
392 2910 685 2969 Apostolos,
700 2914 751 2957 et
770 2924 837 2958 ex
854 2908 959 2959 illis
978 2905 1228 2963 occident,

324 2979 375 3026 et
392 2980 758 3037 persequentur
772 2992 789 3036 ς

371 3082 403 3100 ’ὓ
426 3069 572 3110 Matth.
607 3074 677 3113 23,
711 3074 773 3109 23.
866 3078 889 3097 ⁷⁸
904 3069 1053 3107 Matth.
1090 3072 1161 3111 23,
1195 3069 1232 3105 6.

326 3129 343 3148 ⁰
362 3118 507 3158 Matth.
542 3121 603 3159 23,
638 3121 699 3155 27.
738 3127 796 3163 sq.
873 3124 896 3150 r
916 3116 1063 3153 Matth.
1097 3118 1159 3159 23,
1194 3115 1234 3151 4.

322 3165 509 3253 ἔιΜειξ-ὃὴ.
526 3168 589 3207 23,
606 3166 668 3201 29.
714 3169 735 3189 ¹·
750 3174 790 3200 V.
806 3164 977 3201 48—52.
1006 3160 1154 3201 Matth.
1171 3163 1234 3205 23,

1325 281 1406 326 50.
1484 281 1543 324 ut
1610 277 1893 334 inquiratur
1967 278 2197 336 sanguis

1261 347 1481 394 omnium
1511 345 1908 403 Prophetarum,
1940 344 2028 401 qui
2051 345 2198 391 effu-

1259 428 1344 462 sus
1375 417 1452 460 est
1479 425 1510 458 a
1539 412 1910 458 constitutione
1940 412 2124 458 mundi
2161 427 2200 458 a

1261 481 1594 541 generatione
1614 480 1730 537 ista,

1329 551 1410 594 51.
1447 561 1479 593 a
1515 548 1767 605 sanguine
1805 546 1982 604 Abel⁸,
2019 559 2201 603 usque

1263 617 1324 664 ad
1369 615 1670 674 sanguinem
1718 614 1998 660 Zachariae
2011 613 2046 672 ²,
2098 615 2205 670 qui

1263 685 1417 743 periit
1436 683 1571 729 inter
1595 682 1756 728 altare
1779 685 1832 728 et
1847 681 2038 727 aedem.
2110 682 2205 726 lta

1265 752 1378 798 dico
1401 750 1565 809 vobis,
1585 749 1878 806 requiretur
1897 751 1958 795 ab
1977 748 2072 794 hac
2091 759 2202 806 ge-

1265 817 1562 866 nei-atione!

1336 889 1417 932 52.
1459 887 1568 931 Vae
1621 883 1768 930 vobis
1821 882 2200 940 Legisperitis!

1269 955 1388 1012 quia
1437 951 1625 1000 tulistis
1681 950 1875 998 clavem
1917 950 2200 1009 scientiae,

1270 1023 1369 1081 ipsi
1387 1034 1492 1067 non
1511 1019 1783 1077 introistis,
1803 1021 1856 1064 et
1873 1030 1981 1075 eos,
1993 1017 2086 1073 qui
2105 1017 2202 1062 in-

1270 1090 1511 1147 troibant,
1532 1085 1876 1146 prohibuistis.

1341 1159 1420 1203 53.
1459 1157 1584 1200 Cum
1611 1157 1779 1199 autem
1804 1154 1927 1198 haec
1961 1151 2024 1196 ad
2063 1151 2206 1198 illos

1273 1225 1494 1282 diceret,
1524 1225 1808 1279 coeperunt
1839 1218 2104 1264 Pharisaei
2140 1222 2210 1266 et

1273 1289 1581 1350 Legisperiti
1640 1288 1868 1346 graviter
1925 1286 2202 1345 insistere,

1276 1363 1326 1407 et
1346 1373 1404 1405 os
1425 1359 1536 1416 eJus
1559 1357 1849 1414 opprimere
1869 1355 1930 1400 de
1950 1352 2146 1412 multis,

1344 1429 1424 1472 54.
1461 1425 1762 1470 insidiantes
1782 1423 1849 1482 ei,
1866 1424 1918 1468 et
1936 1433 2205 1478 quaeren-

1276 1498 1389 1540 teau
1415 1491 1606 1549 aliquid
1636 1503 1820 1548 capere
1851 1490 1912 1536 de
1947 1501 2041 1535 ore
2059 1488 2204 1547 eius,

1279 1563 1334 1608 ut
1351 1561 1652 1607 accusarent
1670 1572 1800 1605 eum.

1561 1753 1730 1806 cAP.
1787 1753 1908 1804 XII.

1284 1858 1354 1899 De
1396 1857 1621 1898 fermento
1657 1853 2025 1896 Pharisaeorum.
2088 1853 2204 1900 Quis

1283 1913 1536 1954 timendus?
1561 1911 1634 1954 De
1662 1909 1953 1965 blasphemia
1979 1909 2028 1949 in
2045 1906 2202 1962 Spiri-

1284 1974 1378 2011 tum
1405 1972 1624 2011 sanctum-
1684 1968 1756 2009 De
1782 1964 2204 2021 persecutionibus.

1283 2024 1517 2067 Parabola
1555 2025 1610 2065 de
1651 2024 1806 2065 divite.
1882 2020 2090 2063 Vitanda
2127 2024 2212 2061 est

1286 2082 1427 2123 anxia
1450 2080 1722 2124 sollicitudo.
1782 2078 1856 2120 De
1876 2075 2006 2119 fideli
2030 2080 2078 2118 et
2097 2075 2212 2117 infi-

1289 2135 1380 2178 deli
1412 2136 1738 2191 dispensatore.
1795 2134 1941 2177 Venit
1969 2132 2132 2180 Jesus‚
2155 2140 2210 2174 ut

1286 2193 1335 2234 in
1353 2196 1520 2235 terram
1539 2192 1687 2243 ignem
1704 2190 1872 2231 mittat.
1932 2190 2003 2231 De
2025 2188 2207 2240 gratiae

1473 2246 2007 2302 tempore-dijudicando.

1356 2344 1404 2387 1.
1439 2339 1647 2386 ‘’Multis
1694 2341 1862 2384 autem
1897 2338 2058 2384 turbis
2099 2337 2204 2383 cir-

1291 2408 1667 2465 cumstantibus,
1705 2406 1778 2453 ita
1811 2410 1870 2451 ut
1898 2419 1954 2451 se
1982 2404 2208 2451 invicem

1293 2476 1681 2532 conculcarent,
1721 2473 1892 2531 coepit
1931 2472 2102 2519 dicere
2143 2472 2210 2518 ad

1294 2543 1567 2602 discipulos
1615 2554 1763 2587 suos:
1818 2540 2131 2586 Attenditew
2177 2552 2212 2584 a

1292 2613 1544 2658 fermento
1599 2608 2021 2667 Pharisaeorum,
2067 2606 2210 2664 quod

1295 2681 1374 2725 est
1392 2675 1702 2737 hypocrisis!

1361 2748 1410 2791 2.
1445 2744 1622 2791 Nihil³
1649 2750 1815 2790 autem
1845 2744 2078 2801 opertum
2109 2745 2205 2799 est,

1295 2813 1431 2872 quod
1453 2825 1564 2859 non
1590 2811 1872 2869 reveletur3
1903 2822 2068 2867 neque
2087 2810 2210 2855 abs-

1297 2881 1572 2940 conditum,
1593 2879 1727 2937 quod
1745 2892 1852 2923 non
1872 2878 2075 2925 sciatur.

1367 2950 1412 2994 3.
1451 2948 1729 3006 Quoniam,
1759 2946 1963 3004 quaein
1982 2944 2212 2991 tenebris

1301 3016 1526 3075 dixistis,
1555 3015 1610 3061 in
1638 3013 1827 3061 lumine
1859 3012 2120 3071 dicentur;
2161 3016 2214 3058 et

1347 3118 1363 3139 ¹
1384 3112 1531 3148 Genea.
1556 3112 1606 3152 4,
1633 3114 1670 3149 8.
1738 3111 1799 3145 *2
1822 3108 1914 3147 Par.
1941 3111 2005 3151 24,
2031 3112 2094 3146 20.
2125 3120 2212 3157 sqq.

1301 3166 1324 3185 ¹⁸
1340 3158 1469 3196 Marc.
1496 3161 1556 3199 12,
1583 3161 1642 3195 13.
1705 3162 1726 3183 '⁹
1743 3167 1785 3191 V.
1804 3160 1932 3193 1—9.
1979 3154 2128 3193 Mittin.
2147 3160 2209 3199 10,

1301 3208 1473 3244 26—32·
1520 3210 1554 3230 Ψ
1570 3202 1718 3241 Matth.
1735 3206 1796 3246 16,
1813 3205 1850 3241 6.
1899 3209 1928 3228 *²
1945 3214 1979 3241 0.
1996 3206 2036 3246 8,
2055 3206 2118 3240 17.

443 3359 557 3415 Cap.
586 3355 675 3400 XI.
742 3361 812 3399 41.
844 3356 1164 3409 elemosynam.
1225 3360 1294 3399 42.
1326 3352 1472 3397 holus.
1529 3356 1599 3396 43.
1632 3354 1706 3407 qui
1729 3350 1935 3405 diligitis.
1995 3357 2066 3395 44.
2098 3365 2215 3406 quae

326 3431 418 3460 non
436 3420 615 3484 parent.
672 3416 743 3456 45.
765 3412 915 3478 'etiam
931 3414 1079 3457 nobis.
1137 3416 1207 3455 47.
1240 3410 1368 3453 vobis
1388 3411 1510 3462 quia.
1569 3413 1640 3451 52.
1671 3408 1964 3450 introiebant.
2025 3410 2095 3451 53.
2119 3422 2218 3450 eum

329 3472 441 3513 haec
461 3473 519 3513 ad
538 3470 647 3513 illos
658 3470 827 3525 (omm-
842 3468 1032 3523 autem).
1064 3472 1131 3512 54.
1154 3466 1426 3511 insidiantes
1444 3470 1491 3510 et
1509 3468 1776 3519 quaerentes
1798 3462 1969 3517 (omiss.
1992 3464 2087 3519 εἰ),
2106 3462 2218 3507 ibid.

334 3538 493 3581 capere
516 3526 688 3582 aliquid
708 3538 770 3569 ex
789 3537 865 3567 ore
885 3522 999 3575 ejus.
