2376 3925
783 148 1067 200 LUCAS.

232 253 317 297 21.
349 251 417 297 Et
460 252 912 310 interrogaverunt
948 265 1076 310 eum,

164 320 417 365 dicentes:
438 317 709 376 Magister!
732 319 939 378 scimus,
962 319 1079 375 quia

161 389 308 432 recte
329 386 455 432 dicis
476 388 527 432 et
548 386 699 431 doces
716 401 731 443 3
746 389 797 430 et
814 399 921 430 non
942 386 1077 431 acci-

162 455 243 514 pis
282 467 575 512 personam,
614 453 701 498 sed
738 453 870 498 viam
898 453 997 499 Dei
1025 453 1078 497 in

164 521 382 568 veritate
405 521 587 576 doces3

231 590 314 633 22.
352 588 475 634 licet
503 587 649 634 nobis
679 587 919 633 tributum
958 587 1077 632 dare

164 655 409 702 Caesari?
432 668 496 700 an
516 655 651 700 non?

231 724 315 768 23.
356 721 697 768 considerans·
720 723 887 767 autem
910 720 1080 766 dolum

164 789 404 848 illorum,
438 789 562 836 dixit
590 789 652 834 ad
682 801 798 835 eos:
842 788 973 841 Quid
1000 803 1079 833 me

164 857 411 903 tentatis?

236 927 318 968 24.
354 922 616 969 ostendite
644 923 768 968 mihi
794 920 1079 968 denarium!

166 992 317 1048 quus
342 991 491 1037 habet
516 990 788 1048 imaginem
817 993 868 1036 et
894 989 1081 1035 inscri-

166 1059 425 1116 ptionem?
444 1056 831 1114 Respondentes
843 1057 1083 1102 dixerunt

166 1127 249 1172 ei:
272 1123 523 1170 Caesaris!

237 1195 320 1238 25.
354 1193 424 1237 Et
443 1193 513 1236 ait
537 1191 668 1236 illis:
696 1188 906 1236 Reddite
938 1201 1080 1247 ergo,

166 1273 297 1317 quae
320 1262 440 1305 sunt
472 1258 729 1316 Caesaris,
768 1257 1001 1314 Caesari;
1034 1259 1084 1302 et

168 1341 299 1385 quae
323 1328 443 1372 sunt
459 1326 571 1385 Dei,
590 1324 726 1370 Deo!

237 1397 322 1439 26.
358 1393 429 1438 Et
446 1407 549 1438 non
568 1393 847 1450 potuerunt
875 1393 1083 1437 verbum

169 1465 282 1519 ejus
302 1459 677 1518 reprehendere
714 1473 884 1505 coram
906 1459 1079 1516 plebe3

170 1533 223 1575 et
257 1528 429 1574 mirati
457 1528 510 1573 in
540 1540 791 1586 responso
824 1527 962 1585 eJus,
1001 1529 1081 1571 ta-

171 1597 404 1643 cuerunt.

239 1665 321 1708 27.
340 1662 681 1708 Accesserunt
700 1664 867 1705 autem
884 1659 1085 1715 quidam

172 1731 603 1786 Sadducaeorum,
624 1727 711 1784 qui
729 1720 945 1783 negant‘
972 1739 1084 1771 esse

166 1797 633 1854 resurrectionem,
660 1795 711 1840 et
730 1793 1086 1850 interrogave-

168 1868 289 1912 runt
308 1878 447 1921 eum,

239 1936 319 1979 28.
359 1931 617 1977 dicentes:
637 1924 908 1986 Magister!
934 1927 1087 1985 Moy-

173 2016 253 2047 ses
274 1999 481 2057 scripsit
500 1996 675 2045 nobis:
697 1996 793 2056 „Si
810 1996 969 2040 frater
988 1994 1085 2040 ali-

173 2069 360 2128 „cujus
412 2067 643 2113 mortuus
695 2062 851 2111 fuerit
894 2062 1084 2108 habens

172 2148 455 2195 „uxorem,
512 2135 563 2179 et
618 2132 701 2177 hic
748 2130 860 2176 sine
908 2128 1083 2175 liberis

174 2202 369 2264 „fuerit
380 2232 395 2260 ,
434 2202 491 2247 ut
525 2199 740 2257 accipiat
780 2211 890 2243 eam
926 2199 1085 2243 frater

172 2272 325 2331 „ejus
345 2281 587 2325 uxorem,
615 2268 665 2313 et
684 2266 894 2312 suscitet
911 2278 1084 2310 semen

172 2336 362 2398 „fratri
382 2333 582 2381 ειιιο.“”ι

242 2406 324 2450 29.
347 2404 549 2461 Septem
561 2414 685 2459 ergo
704 2400 891 2447 fratres
912 2399 1082 2455 erant3

172 2475 227 2520 et
264 2472 458 2529 primus
504 2468 700 2526 accepit
748 2480 991 2525 uxorem,
1034 2468 1085 2512 et

170 2542 404 2586 mortuus
426 2539 503 2583 est
521 2538 631 2581 sine
649 2535 781 2581 filiis.

242 2608 325 2653 30.
360 2604 428 2649 Et
453 2616 668 2661 sequens
699 2601 895 2659 accepit
926 2600 1082 2659 illam,

172 2677 225 2721 et
245 2674 359 2730 ipse
377 2674 602 2717 mortuus
624 2672 702 2716 est
722 2670 831 2715 sine
852 2668 972 2714 filio.

244 2742 329 2785 31.
362 2738 431 2784 Et
467 2739 646 2785 tertius
691 2737 886 2793 accepit
929 2736 1082 2781 illam.

170 2806 421 2867 Similiter
457 2809 509 2853 et
544 2818 720 2851 omnes
768 2806 985 2861 septem,
1036 2804 1087 2847 et

169 2890 279 2923 non
300 2874 619 2930 reliquerunt
638 2884 827 2928 semen,
840 2870 1087 2916 etmortui

174 2946 309 2990 sunt.

242 3013 321 3056 32.
343 3006 633 3055 Novissime
646 3003 869 3052 omnium
888 3005 1088 3049 mortua

174 3082 254 3124 est
271 3080 323 3123 et
339 3076 539 3123 mulier.

220 3174 236 3199 2
251 3173 347 3210 Act.
365 3177 427 3215 23,
444 3174 481 3209 8.
530 3178 562 3195 ”²
578 3170 701 3206 Dent.
719 3170 779 3211 25,
798 3170 833 3205 5.

1142 150 1183 199 C
1196 151 1240 199 A
1251 150 1312 200 Ρ.
1351 153 1435 200 20.
1951 151 2051 202 131

1216 253 1296 297 33.
1331 254 1392 298 In
1409 255 1788 301 resurrectione
1807 268 1952 312 ergo,
1964 269 2053 300 cu·-

1142 319 1228 376 jus
1267 332 1445 366 eorum
1481 321 1580 366 erit
1605 322 1770 368 uxor!
1809 321 2054 378 siquidem

1148 388 1341 444 septem
1358 387 1642 434 habuerunt
1660 403 1769 434 eam
1785 402 2020 434 uxorem.

1216 455 1296 498 34.
1330 454 1400 499 Et
1415 455 1486 500 ait
1505 454 1607 500 illis
1625 457 1656 500 J
1660 469 1772 501 esu
1787 469 1798 501 t
1819 456 1940 502 Filii
1957 456 2052 501 hu-

1138 519 1223 576 J'us
1247 519 1438 564 saeculi
1457 521 1682 574 nubunt,
1714 523 1765 566 et
1782 523 2052 568 traduntur

1142 586 1206 632 ad
1223 587 1424 644 nuptias
1438 600 1452 643 ;

1205 655 1284 699 35.
1326 653 1405 698 illi
1432 666 1585 712 vero,
1621 653 1708 710 qui
1731 653 1870 712 digni
1895 657 2050 703 habe-

1135 722 1324 767 buntur
1352 720 1559 767 saeculo
1591 720 1713 778 illo,
1748 724 1800 766 et
1817 735 2050 768 resurre-

1138 788 1310 834 ctione
1333 801 1401 834 ex
1417 788 1652 846 mortuis,
1664 802 1830 845 neque
1841 791 2050 847 nubent,

1138 868 1305 911 neque
1332 854 1519 900 ducent
1535 869 1758 912 uxores;

1221 925 1298 968 36.
1335 937 1500 980 neque
1555 924 1689 970 enim
1742 923 1876 970 ultra
1929 925 2061 968 mori

1150 992 1415 1048 poterunt3
1437 991 1674 1047 aequales
1697 992 1830 1036 enim
1849 991 2060 1048 Angelis

1150 1059 1294 1114 sunt,
1327 1059 1378 1102 et
1403 1057 1495 1102 filii
1523 1060 1641 1103 sunt
1665 1058 1786 1117 Dei,
1819 1072 1930 1104 cum
1959 1057 2062 1103 sint

1150 1124 1240 1170 filii
1260 1125 1666 1170 resurrectionis.

1221 1192 1301 1236 37.
1341 1191 1472 1243 Quia
1487 1204 1610 1237 vero
1632 1194 1904 1249 resurgant
1921 1205 2060 1237 mor-

1149 1258 1242 1316 tui,
1265 1261 1316 1303 et
1333 1260 1542 1316 Moyses
1563 1259 1786 1304 ostendit
1807 1273 1952 1304 secus
1970 1272 2061 1304 ru-

1151 1328 1285 1383 bum,
1300 1325 1480 1383 „sicut
1498 1325 1619 1371 dicit
1635 1325 1934 1383 Dominum,
1954 1325 2059 1371 De—

1152 1406 1276 1453 „um
1295 1393 1565 1452 Abraham,
1588 1395 1639 1438 et
1655 1393 1819 1439 Deum
1837 1394 1996 1452 Isaac,
2011 1396 2062 1438 et

1152 1460 1354 1522 „Deum
1373 1459 1587 1506 Jacob.“
1599 1467 1626 1490 '¹

1221 1529 1300 1574 38.
1335 1528 1475 1574 Deus
1503 1530 1670 1575 autem
1697 1541 1805 1574 non
1826 1532 1903 1574 est
1920 1541 2058 1574 mor-

1149 1598 1372 1654 tuorum,
1426 1595 1517 1642 sed
1571 1597 1830 1653 vivorum3
1886 1609 2060 1642 omnes

1153 1663 1290 1708 enim
1307 1663 1488 1708 vivunt
1509 1663 1572 1708 ei.

1220 1729 1306 1774 39.
1337 1729 1724 1786 Resspondente
1755 1732 1922 1774 autem
1949 1729 2062 1785 qui-

1156 1794 1267 1839 dam
1288 1795 1592 1853 Scribarum,
1608 1796 1848 1842 dixerunt
1866 1796 1937 1841 ei:
1950 1797 2062 1840 Ma·-

1155 1859 1335 1920 gister!
1356 1863 1486 1908 bene
1507 1862 1701 1908 dixisti!

1221 1929 1302 1973 40.
1339 1927 1407 1974 Et
1431 1928 1644 1986 amplius
1679 1942 1788 1976 non
1815 1929 2064 1977 audebant

1154 2010 1270 2042 eum
1289 1996 1558 2053 quidquam
1577 1996 1915 2057 interrogare.

1218 2064 1301 2109 41.
1353 2064 1530 2111 ⁰Dixit
1582 2067 1748 2111 autem
1800 2066 1864 2111 ad
1915 2064 2060 2111 illos:

1155 2130 1422 2183 Quomodo
1445 2130 1618 2177 dicunt
1637 2132 1890 2179 Christum
1907 2132 2061 2179 filium

1154 2211 1265 2243 esse
1284 2198 1480 2244 David?

1218 2266 1300 2310 42.
1318 2266 1387 2311 Et
1406 2266 1514 2323 ipse
1533 2264 1698 2315 David
1717 2266 1839 2313 dicit
1855 2267 1908 2312 in
1927 2266 2060 2313 libro

1150 2332 1491 2378 Psalmorum:
1506 2334 1943 2393 „DixitDominus
1951 2334 2061 2378 Do-

1152 2400 1328 2461 „mino
1348 2414 1462 2447 meo
1475 2432 1490 2459 ,
1513 2401 1632 2447 sede
1653 2415 1684 2446 a
1703 2400 1896 2447 dextris
1915 2400 2060 2455 meis,

1219 2469 1301 2513 43.
1355 2468 1560 2527 „donec
1602 2481 1792 2525 ponam
1827 2467 2061 2512 inimicos

1154 2536 1308 2594 „tuos
1371 2535 1646 2581 scabellum
1708 2534 1892 2592 pedum
1944 2536 2060 2579 tuo-

1152 2599 1400 2663 „rum.“P

1219 2672 1301 2715 44.
1335 2668 1502 2715 David
1529 2682 1656 2727 ergo
1692 2667 1963 2713 Dominum
1997 2668 2061 2713 il-

1152 2736 1256 2783 lum
1305 2740 1487 2797 vocat3
1536 2738 1589 2781 et
1633 2734 1886 2791 quomodo
1932 2734 2062 2783 filius

1154 2805 1264 2861 ejus
1287 2806 1396 2851 est?

1221 2874 1302 2916 45.
1329 2868 1614 2915 ‘JAudiente
1625 2869 1789 2915 autem
1811 2870 1948 2917 omni
1966 2886 2061 2931 po-

1154 2938 1294 2998 pulo,
1317 2937 1447 2983 dixit
1466 2935 1722 2993 discipulis
1743 2937 1871 2983 suis:

1201 3034 1223 3052 ³⁸
1239 3024 1372 3061 Exod.
1391 3028 1426 3065 3,
1445 3026 1482 3060 6.
1531 3028 1548 3047 ⁰
1565 3034 1603 3060 ν.
1621 3028 1798 3062 41—44.
1830 3028 1975 3064 Matth.
2001 3032 2062 3068 22,

1154 3075 1330 3110 41—45.
1364 3070 1491 3107 Marc.
1511 3074 1569 3114 12,
1587 3074 1756 3109 35—37.
1803 3080 1826 3107 Ρ
1846 3075 1915 3111 Ps.
1933 3080 2060 3116 109,1.

1153 3120 1422 3212 ἑδῖὶῗῦξξζΙ-Ἱ.
1469 3118 1596 3155 Marc.
1618 3122 1678 3161 12,
1705 3122 1875 3157 38—40.
1917 3120 2062 3157 Matth.

291 3321 405 3375 Cap.
438 3316 553 3359 XX.
626 3321 694 3359 21.
734 3318 1125 3367 interrogaverimt
1155 3311 1308 3363 illum3
1345 3312 1453 3357 ibid.
1491 3315 1539 3356 in
1576 3316 1768 3357 veritate
1803 3317 1923 3357 viam
1960 3315 2063 3356 Dei.

176 3381 244 3417 22.
278 3377 387 3418 dare
406 3376 641 3418 tributum.
700 3376 769 3413 23.
805 3370 926 3413 dixit
944 3384 1020 3413 eos
1034 3368 1156 3424 (sic).
1217 3372 1287 3411 24.
1311 3370 1528 3413 dixerunt
1541 3370 1707 3425 (omiss.
1721 3374 1802 3424 ei).
1863 3375 1931 3411 25.
1953 3382 2066 3423 quae

178 3433 267 3473 Dei
289 3439 407 3475 sunt.
470 3432 538 3474 26.
572 3430 617 3473 in
636 3428 882 3483 responsis·
942 3430 1011 3469 28.
1044 3428 1141 3468 sine
1160 3423 1288 3467 filiis.
1347 3429 1418 3468 35.
1452 3424 1525 3469 illi
1547 3431 1721 3474 autenm
1750 3425 1858 3467 ibid-
1883 3426 2065 3468 ducunt.

179 3492 249 3530 39.
282 3488 501 3531 dixerunt
523 3484 690 3539 (omiss.
722 3485 803 3537 ei).
863 3486 932 3524 41.
964 3482 1117 3525 David
1137 3494 1252 3525 esse.
