2376 3925
291 133 390 184 286

513 129 740 182 EPIST.
779 123 994 178 PAULI
1027 121 1124 172 AD
1161 111 1609 169 CORINTHIOS
1642 111 1711 162 11.
1749 109 1904 161 CAP.
1926 110 1979 160 5.

289 185 2193 223 -.......---—--—-—-—————---—

603 245 772 297 CAP.
827 242 896 294 V.

299 341 573 386 Desiderant
610 331 809 391 apostoli
853 328 970 374 solvi
998 337 1205 382 corpore,

339 397 560 449 legatione
584 407 666 448 pro
691 390 874 432 Christo
904 387 1166 436 funguntur.

372 485 417 527 1.
455 481 650 527 Scimus
689 475 850 533 enim,
890 470 1128 530 quoniam
1164 466 1209 512 si

306 548 566 598 terrestris
614 547 790 591 domus
838 542 1016 585 nostra
1059 534 1210 592 hujus

304 614 629 665 habitationis
645 608 965 665 dissolvatur,
977 601 1110 661 quod
1121 615 1211 646 ae-

309 683 644 732 dificationem
689 691 754 724 ex
797 675 907 719 Deo
955 673 1212 726 habemus,

311 755 510 800 domum
529 762 634 795 non
653 743 1014 798 manufactam,
1045 740 1215 783 aeter-

311 834 427 868 nam
445 819 497 863 in
522 806 720 863 coelii.

380 889 425 932 2.
459 885 587 930 Nam
625 881 676 926 et
704 879 754 924 in
785 876 884 920 hoc
923 870 1217 931 ingemisci-

307 945 826 1012 musl’,habitationem
841 945 1219 998 nostram‚quae

313 1023 373 1068 de
395 1018 538 1067 coelo
565 1018 665 1073 est,
695 1009 990 1069 superindui
1010 1007 1220 1065 cupien-

311 1095 404 1135 tes.

381 1156 428 1200 3.
465 1152 521 1199 Si
538 1153 704 1196 tamen
739 1144 936 1204 vestiti,
965 1155 1072 1188 non
1101 1138 1226 1186 nudi

313 1221 649 1270 inveniamur.

385 1292 433 1335 4.
452 1289 579 1334 Nam
600 1286 651 1331 et
663 1283 747 1340 qui
767 1290 936 1327 sumus
955 1278 1010 1323 in
1027 1277 1127 1322 hoc
1143 1277 1225 1319 ta-

320 1353 594 1405 bernaculo
609 1384 622 1411 ,
645 1347 1018 1407 ingemiscimus
1040 1353 1225 1400 grava-

319 1426 387 1482 ti3
421 1435 483 1469 eo
514 1418 648 1477 quod
666 1414 900 1462 nolumus
929 1407 1225 1467 exspoliari,

323 1474 827 1546 sed-upervestiri13
865 1482 923 1524 ut
953 1477 1227 1524 absorbea-

320 1563 421 1615 tur,
445 1553 577 1613 quod
595 1548 810 1597 mortale
832 1545 925 1604 est,
947 1559 978 1590 a
997 1544 1116 1589 vita.

392 1627 436 1670 5.
471 1621 571 1676 Qui
589 1621 756 1665 autem
777 1614 929 1662 efficit
943 1624 1038 1658 nos
1059 1611 1112 1656 in
1130 1610 1230 1654 hoc

325 1695 512 1752 ipsum,
532 1690 698 1746 Deus,
719 1683 805 1741 qui
831 1680 966 1728 dedit
984 1678 1131 1726 nobis
1151 1677 1230 1734 pi-

325 1773 454 1820 gnus
473 1756 680 1816 spiritus
689 1759 745 1798 m,

394 1831 440 1874 6.
460 1824 715 1873 Audentes
735 1819 890 1878 igitur
901 1826 1116 1873 semper,
1129 1810 1233 1858 sci-

323 1899 472 1958 entes
521 1889 757 1950 quoniam
803 1887 918 1931 dum
965 1893 1134 1928 sumus
1179 1879 1234 1924 in

329 1975 574 2020 corpore,
602 1953 987 2016 peregrinamur
1006 1961 1036 1994 a
1053 1945 1235 1993 Domi·

327 2044 396 2077 no
407 2036 450 2075 η.

397 2098 444 2139 Ἷ.
476 2093 596 2152 (Per
606 2090 751 2136 fidem
763 2086 897 2132 enim
909 2081 1234 2139 ambulamus,

333 2172 384 2208 et
401 2174 508 2206 non
527 2170 617 2215 per
637 2150 899 2212 speciem.)

399 2230 444 2273 8.
482 2224 732 2272 Audemus
761 2221 952 2277 autem,
983 2219 1034 2262 et
1053 2218 1239 2262 bonam

333 2294 642 2343 voluntatem
652 2289 889 2335 habemus
907 2284 1068 2343 magis
1086 2296 1238 2341 pere-

336 2362 531 2424 grinari
548 2374 578 2406 a
597 2368 813 2414 corpore
827 2384 841 2413 ,
873 2356 926 2400 et
942 2353 1239 2410 praesentes

338 2446 450 2479 esse
469 2430 533 2477 ad
548 2426 836 2474 Dominum.

403 2503 451 2545 9.
485 2498 554 2543 Et
581 2495 694 2541 ideo
728 2488 1104 2545 contendimus,
1131 2486 1241 2531 sive

337 2568 588 2623 absentes,
609 2562 716 2608 sive
735 2560 1048 2617 praesentes,
1069 2554 1241 2612 place-

337 2648 396 2679 re
415 2634 507 2679 illi.

407 2702 487 2744 10.
525 2701 710 2744 Omnes
741 2693 876 2739 enim
901 2704 996 2735 nos
1025 2688 1242 2733 manife-

341 2767 464 2812 stari
483 2766 685 2823 oportet
711 2763 826 2808 ante
854 2756 1076 2805 tribunal
1095 2754 1243 2800 Chri-

342 2833 432 2889 sti;
463 2836 517 2876 ut
542 2832 734 2877 referat
761 2824 1102 2883 unusquisque
1119 2834 1243 2881 pro—

342 2900 454 2958 pria
477 2898 706 2953 corporis
720 2926 734 2954 ‚
754 2896 907 2953 prout
926 2891 1108 2952 gessit,
1136 2890 1244 2936 sive

345 2972 530 3015 bonum
550 2964 658 3009 sive
676 2961 876 3007 malum.

390 3040 405 3071 ἰ
422 3042 530 3081 Phil.
548 3046 594 3085 3,
621 3044 680 3076 21.
727 3033 879 3077 ’‘Rom.
896 3042 945 3081 8,
973 3042 1032 3075 23.
1081 3035 1096 3063 ι
1113 3040 1134 3072 1
1155 3033 1245 3071 cor.

343 3096 402 3135 15,
420 3095 480 3129 51.
500 3098 585 3135 sqq.
632 3093 664 3111 m
678 3085 796 3122 Rom.
815 3088 854 3129 8,
873 3090 932 3122 11.
977 3091 1000 3110 Ἰ
1017 3082 1127 3121 Phil.
1137 3086 1174 3124 1,
1183 3082 1245 3118 23.

343 3174 1017 3197 Μ

462 3235 576 3289 Cap.
604 3230 663 3274 V.
722 3235 762 3273 1.
791 3244 854 3272 ex
872 3231 972 3272 Deo
994 3229 1253 3273 habeamus.

775 3290 815 3327 8.
846 3286 906 3327 ad
943 3286 1105 3328 Deum.
1173 3289 1241 3326 12.
1272 3295 1355 3325 nos
1391 3279 1763 3323 commendamus.
1824 3280 1890 3319 15.
1922 3280 2123 3318 mortuas
2162 3280 2229 3319 est

349 3297 392 3337 6.
423 3298 472 3335 et
508 3292 717 3333 scientes.

1340 220 1419 262 11.
1442 216 1672 262 Scientes
1684 225 1807 270 ergo
1826 213 2071 258 timorem
2080 212 2187 256 Do-

1271 284 1396 332 mini
1424 282 1713 330 hominibus
1742 279 2042 338 suademus,
2078 279 2188 324 Deo

1274 355 1439 398 autem
1475 349 1733 395 manifesti
1766 359 1955 392 sumus.
2026 347 2188 402 Spero

1276 421 1441 466 autem
1472 420 1523 464 et
1554 417 1609 462 in
1640 413 1973 461 conscientiis
2004 412 2187 458 vestris

1277 486 1575 534 manifestos
1594 495 1691 528 nos
1713 495 1843 528 esse.

1346 555 1429 600 12.
1449 553 1566 598 Non
1587 551 1769 596 iterum
1785 547 2190 595 commendamus

1279 635 1377 668 nos
1388 621 1533 666 vobis
1548 633 1561 674 3
1576 618 1663 664 sed
1677 617 2001 663 occasionem
2020 615 2191 659 damus

1285 689 1427 736 vobis
1448 685 1703 745 gloriandi
1720 696 1816 742 pro
1837 683 1986 728 nobis
2001 683 2079 740 3ut
2094 681 2191 725 ha-

1282 757 1441 803 beatis
1462 754 1527 800 ad
1550 766 1665 812 eos,
1697 752 1785 808 qui
1811 751 1866 797 in
1884 750 2051 796 facie⁰
2077 747 2192 807 glo·

1281 824 1498 882 riantur,
1520 823 1571 867 et
1588 833 1697 866 non
1715 819 1770 865 in
1792 817 1960 865 corde.

1352 909 1433 953 13.
1472 906 1591 952 Sive
1630 903 1765 950 enim
1790 902 1955 947 mente
1984 899 2193 947 excedi-

1286 988 1413 1035 mus,
1425 975 1537 1020 Deo
1552 987 1566 1031 3
1588 972 1697 1018 sive
1719 968 1872 1017 sobrii
1892 981 2087 1026 sumus,
2100 979 2195 1012 vo-

1289 1045 1380 1091 bis.

1358 1112 1439 1156 14.
1478 1107 1707 1154 Charitas
1738 1105 1868 1152 enim
1895 1101 2083 1148 Christi
2103 1114 2198 1146 ur-

1292 1181 1377 1237 get
1394 1191 1519 1233 nos3
1540 1175 1863 1221 aestimantes
1894 1171 2003 1229 hoc,
2023 1181 2197 1224 quon-

1292 1247 1392 1292 iam
1408 1245 1453 1291 si
1470 1256 1601 1290 unus
1613 1255 1706 1300 pro
1720 1240 1949 1287 omnibus
1966 1239 2199 1282 mortuus

1293 1316 1385 1372 est,
1408 1324 1531 1370 ergo
1554 1322 1731 1356 omues
1750 1305 1937 1354 mortui
1954 1307 2137 1360 suntP3

1361 1399 1441 1443 15.
1494 1397 1545 1442 et
1581 1407 1674 1452 pro
1713 1391 1944 1438 omnibus
1972 1390 2200 1434 mortuus

1296 1467 1373 1511 est
1399 1463 1654 1518 Christus3
1694 1462 1771 1518 ut,
1812 1461 1865 1504 et
1890 1456 1978 1514 qui
2007 1456 2200 1512 vivunt,

1292 1533 1397 1590 jam
1416 1544 1523 1576 non
1550 1529 1647 1575 sibi
1668 1528 1869 1584 vivant,
1900 1524 1990 1570 sed
2018 1523 2095 1582 ei,
2121 1520 2203 1578 qui

1296 1612 1390 1658 pro
1412 1599 1535 1656 ipsis
1554 1597 1783 1642 mortuus
1794 1596 1889 1652 est,
1902 1594 1957 1638 et
1973 1603 2201 1637 resurre-

1298 1667 1391 1715 xit.

1367 1735 1447 1779 16.
1482 1733 1655 1789 Itaque
1684 1741 1780 1774 nos
1812 1741 1883 1774 ex
1908 1727 2009 1773 hoc
2048 1724 2203 1772 nemi-

1298 1815 1416 1849 nem
1434 1798 1667 1846 novimus
1679 1796 1957 1843 secundum
1968 1797 2204 1848 carnemt,

1302 1874 1354 1918 et
1372 1870 1416 1916 si
1434 1867 1768 1926 cognovimus
1794 1863 2075 1911 secundum
2101 1873 2204 1908 car-

1300 1952 1419 1985 nem
1432 1935 1710 1993 Christum3
1724 1933 1813 1980 sed
1827 1945 1967 1978 nunc
1982 1931 2091 1989 jam
2107 1941 2206 1975 nou

1302 2007 1563 2054 novimus.-

1372 2076 1453 2119 17.
1475 2074 1530 2119 Si
1550 2084 1645 2129 qua
1666 2082 1790 2127 ergo
1812 2068 1867 2113 in
1880 2066 2207 2125 Christo,no-

1306 2156 1369 2188 va
1389 2143 1620 2187 creatura
1633 2170 1646 2197 ‚
1678 2141 1853 2183 vetera
1871 2133 2207 2187 transierunt3

1306 2208 1486 2271 „ecee!
1508 2210 1643 2253 facta
1662 2207 1781 2251 sunt
1798 2201 1972 2259 omnia
1990 2198 2179 2246 nova.“

1373 2294 1453 2339 18.
1491 2291 1671 2337 Omnia
1691 2290 1855 2334 autem
1878 2300 1947 2333 ex
1965 2280 2079 2331 Deo
2100 2316 2114 2343 ,
2136 2283 2213 2341 qui

1306 2374 1403 2407 nos
1428 2356 1783 2406 reconciliavit
1818 2354 1915 2401 sibi
1944 2366 2039 2411 per
2072 2350 2211 2397 Chri-

1308 2431 1463 2487 stum,
1486 2428 1537 2473 et
1556 2425 1691 2471 dedit
1716 2422 1864 2470 nobis
1883 2420 2215 2469 ministerium

1307 2492 1761 2543 reconciliationis.

1376 2565 1457 2608 19.
1480 2560 1729 2615 Quoniam
1747 2556 1947 2614 quidem
1956 2556 2099 2603 Deus
2114 2555 2218 2601 erat

1308 2632 1363 2678 in
1393 2630 1594 2675 Christo
1622 2626 1859 2673 mundum
1878 2612 2216 2671 reconcilians

1310 2698 1432 2758 sibi,
1470 2710 1578 2743 non
1614 2696 1856 2752 reputans
1895 2690 2002 2737 illis
2040 2690 2217 2737 delicta

1310 2767 1562 2824 ipsorum,
1594 2765 1645 2809 et
1670 2760 1842 2819 posuit
1858 2760 1915 2805 in
1934 2759 2086 2806 nobis
2104 2770 2217 2802 ver-

1313 2836 1426 2881 bum
1444 2826 1900 2878 reconciliationis.

1316 2948 1325 2956 ,
1380 2902 1461 2945 20.
1478 2899 1581 2944 Pro
1602 2896 1805 2942 Christo
1820 2906 1945 2952 ergo
1961 2893 2221 2952 legatione

1312 2968 1595 3026 fungimur,
1626 2967 1875 3020 tamquam
1894 2962 2009 3008 Deo
2030 2960 2218 3008 exhor-

1362 3084 1381 3104 ⁰
1399 3088 1432 3111 c.
1452 3079 1489 3117 3,
1508 3079 1543 3112 1.
1590 3078 1613 3108 Ρ
1632 3072 1752 3110 Rom.
1769 3074 1806 3116 6,
1825 3074 1861 3107 2.
1883 3081 1968 3117 sqq.
2021 3076 2039 3103 s
2056 3080 2098 3104 v.
2120 3072 2177 3106 12.

1310 3230 1353 3269 4.
1383 3222 1754 3277 ingemescimus3
1776 3218 1885 3263 ibid.
1917 3220 2224 3262 absorveatur.

351 3352 492 3402 (deest
506 3344 734 3397 Christus)
749 3356 762 3390 ς
778 3340 1050 3395 ibid-viunt(
1059 3352 1146 3394 per
1162 3336 1400 3390 errorem).
1459 3339 1527 3377 11.
1544 3347 1663 3378 nova
1673 3332 1821 3376 omnia
1833 3333 1934 3386 (sed
1948 3344 2049 3375 ooc-
2064 3333 2227 3379 omnis,

353 3406 474 3457 quod
489 3402 624 3445 semel
643 3403 825 3443 tantum
843 3399 986 3444 adest,
1005 3393 1295 3449 referendams
1312 3398 1382 3436 ast
1397 3393 1462 3435 ad
1476 3404 1521 3435 υ.
1544 3393 1649 3447 18.).
1705 3391 1773 3431 18.
1800 3386 2122 3431 reconciliavit
2150 3399 2228 3430 nos

354 3457 455 3498 sibi.

515 3461 584 3498 20.
616 3454 888 3508 legationem
911 3450 1016 3507 (sic)
1039 3450 1279 3503 fungimur·
