2376 3925
436 193 794 246 EPISTOLA
828 193 1044 244 PAULI
1078 193 1172 242 AD
1209 189 1582 242 EPHESIOS.
1626 190 1775 242 cAP.
1799 191 1847 240 4.

1986 192 2085 242 3⁰7

201 294 253 336 in
283 290 474 336 ecelesia
505 293 752 335 ordinibus.
805 293 874 336 De
903 292 1113 333 exuenda
1180 295 1235 339 in
1271 293 1512 339 unitatem
1547 293 1680 352 fidei,
1720 297 1771 339 et
1806 293 2083 352 agnitionis

258 350 405 390 veteri
423 353 586 391 natura
608 347 758 390 ethica
775 352 823 390 et
849 359 965 389 nova
985 348 1056 388 in-

565 403 757 445 duenda.

278 493 323 536 1.
345 492 570 538 Obsecro
591 490 760 547 itaque
771 502 865 535 vos
884 502 982 548 ego
995 489 1109 535 vin-

205 561 314 605 etus
336 559 388 603 in
408 557 653 616 Domino,
681 558 739 602 ut
766 556 916 615 digne
936 558 1109 602 ambu-

200 626 320 672 letis
343 625 635 683 vocatione‚
664 637 762 681 qua
781 624 949 670 vocati
969 623 1108 682 estis,

271 694 319 737 2.
368 705 476 738 cum
529 691 666 738 omni
711 690 990 738 humilitate
1004 721 1019 750 ,
1059 694 1110 736 et

198 759 602 818 mansuetudine,
616 772 725 805 cum
736 759 980 816 patientia
993 771 1107 815 sup—

198 828 464 885 portantes
485 826 700 872 invicem
721 825 773 870 in
796 826 1054 883 charitate,

271 896 319 938 3.
366 893 553 939 soliciti
604 906 812 939 servare
864 894 1107 939 unitatem

201 961 421 1020 Spiritus
442 960 496 1006 in
519 960 722 1006 vinculo
743 960 897 1017 pacis.

265 1031 315 1072 4.
351 1029 512 1072 Unum
533 1041 744 1086 corpus,
773 1029 824 1072 et
841 1039 970 1072 unus
992 1025 1107 1082 Spi-

193 1096 380 1154 ritusn,
412 1095 543 1140 sicut
572 1094 737 1140 vocati
767 1094 886 1140 estis
925 1093 980 1138 in
1009 1105 1108 1138 una

197 1176 288 1221 spe
310 1161 594 1207 vocationis
617 1163 830 1206 vestrae.

265 1233 314 1274 5.
348 1229 488 1273 Unus
525 1228 797 1287 Dominus,
829 1241 928 1274 una
964 1228 1104 1287 fides,

194 1311 356 1342 unum
373 1296 632 1354 baptisma.

266 1367 314 1408 6.
335 1364 472 1409 Unus
481 1364 619 1409 Deus
641 1366 690 1409 et
701 1364 849 1409 Pater
863 1363 1101 1420 omnium,

194 1432 284 1489 qui
296 1433 372 1476 est
383 1444 533 1489 super
546 1444 739 1489 omnes,
751 1433 804 1476 et
811 1444 902 1489 per
915 1431 1102 1489 omnia,

192 1499 322 1545 etin
343 1499 571 1545 omnibus
591 1498 757 1544 nobis.

262 1568 312 1611 ¹1.
353 1565 634 1621 Unicuique
669 1567 837 1610 autem
873 1567 1103 1610 nostrum

189 1634 312 1678 data
330 1635 407 1678 est
425 1631 588 1688 gratia
607 1632 880 1677 secundum
897 1645 1102 1678 mensu-

185 1714 303 1747 ram
323 1697 614 1744 donationis
635 1697 823 1742 Christi
833 1703 870 1740 ⁰.

259 1770 310 1812 8.
331 1767 548 1821 Propter
561 1763 694 1820 quod
707 1763 850 1809 dicit:
873 1765 1103 1822 „Ascen-

188 1834 360 1896 „dens
395 1831 450 1876 in
484 1831 640 1876 altum
677 1830 926 1888 captivam
963 1831 1106 1875 duxit

189 1899 602 1965 „captivitatem3
631 1897 767 1944 dedit
787 1898 920 1944 dona
939 1897 1115 1944 homi-⁶

187 1967 474 2033 ,‚nibus“P.

261 2041 309 2082 9.
347 2035 495 2088 Quod
515 2035 682 2080 autem
702 2034 953 2091 ascendit,
983 2034 1100 2090 quid

191 2107 288 2162 est,
303 2103 403 2149 nisi
415 2102 532 2160 quia
543 2105 594 2148 et
611 2102 870 2149 descendit
887 2102 1100 2159 primum
1124 2162 1128 2167 .

188 2174 246 2219 in
266 2171 540 2217 inferiores
560 2172 728 2227 partes
748 2169 948 2214 terrae?

262 2240 343 2284 10.
380 2237 478 2290 Qui
499 2236 773 2295 descendit,
794 2237 904 2293 ipse
925 2239 1026 2294 est,
1049 2240 1100 2282 et

188 2306 279 2364 qui
297 2304 524 2351 ascendit
542 2317 695 2361 super
709 2317 884 2350 omnes
905 2304 1095 2363 coelos,

184 2377 248 2419 nt
264 2372 502 2429 impleret
519 2370 689 2416 omnia
698 2376 737 2416 q,

260 2442 341 2484 11.
361 2439 429 2483 Et
444 2439 553 2496 ipse
573 2438 710 2484 dedit
727 2438 966 2495 quosdam
985 2438 1098 2495 qui-

189 2508 306 2553 dem
335 2504 636 2563 Apostolos,
668 2506 910 2562 quosdam
933 2509 1099 2551 autem

187 2573 527 2632 Prophetas'‚
555 2572 686 2618 alios
715 2586 838 2618 vero
857 2573 1098 2630 Evange-

185 2643 352 2699 listas‚
365 2640 492 2686 alios
503 2641 666 2687 autem
687 2643 917 2697 pastores
933 2644 984 2686 et
1005 2640 1097 2685 do-

189 2712 380 2766 ctores,

262 2776 341 2819 12.
379 2774 443 2819 ad
458 2774 939 2821 consummationem
949 2780 968 2803 ³
978 2786 1097 2818 san-

194 2846 417 2900 ctornm,
456 2840 510 2886 in
549 2853 674 2897 opus
710 2840 1006 2898 ministerii,
1045 2842 1098 2885 in

191 2910 338 2957 aedifi
345 2908 594 2955 cntionem
615 2908 844 2963 corporis
855 2906 870 2935 ¹
885 2908 1069 2953 Christi
1083 2922 1097 2965 ;

263 2978 344 3022 13.
382 2976 543 3021 donec
573 2986 894 3020 occurramus
924 2987 1098 3021 omnes

238 3074 260 3091 ⁷⁸
279 3070 302 3102 1
321 3064 410 3101 Cor.
437 3066 504 3106 12,
534 3066 702 3099 12—27.
750 3068 768 3089 ⁶
786 3067 808 3099 1
827 3061 918 3099 Cor.
945 3066 1011 3104 12,
1039 3067 1098 3100 11.

190 3121 216 3148 ν
237 3112 309 3149 Ρι.
327 3114 388 3154 67,
408 3114 464 3147 19.
514 3116 531 3144 4
550 3123 584 3146 c.
603 3114 648 3151 1,
677 3113 746 3146 19..
762 3120 846 3157 sqq.
893 3115 912 3135 ⁷
929 3108 1020 3146 Act.
1039 3114 1098 3151 11,

189 3163 255 3196 27.
290 3162 312 3194 1
332 3158 423 3194 cor.
440 3160 508 3199 12,
537 3159 596 3195 28.
642 3160 696 3191 ⁸-1
713 3155 804 3193 Cor.
823 3157 895 3197 14,
914 3158 1032 3193 3—5.
1081 3158 1099 3181 t

192 3218 231 3240 c.
250 3208 288 3247 2,
307 3206 480 3239 20—22.

1179 361 1270 407 filii
1306 360 1420 419 Dei,
1459 360 1513 404 in
1550 360 1712 406 virum
1750 362 2082 419 perfeetumu,

1176 429 1234 474 in
1251 440 1539 473 mensuram
1556 428 1733 474 aetatis
1753 427 2081 486 plenitudinis

1179 495 1418 540 Christiv.

1245 563 1325 607 14.
1362 562 1427 606 Ut
1440 561 1547 618 jam
1572 574 1681 607 non
1710 562 1861 608 simus
1881 564 2085 620 parvuli

1174 630 1473 675 fluctuantes
1486 659 1502 688 ,
1525 631 1575 675 et
1594 623 2001 676 circumferamur
2022 644 2082 676 o-

1175 697 1281 741 mni
1301 699 1453 742 vento
1476 695 1737 742 doctrinae
1750 727 1765 755 ‚
1784 697 1839 742 in
1858 697 2083 754 nequitia

1174 763 1460 823 hominum,
1495 764 1550 808 in
1580 763 1763 810 astutia
1782 764 1844 810 ad
1865 763 2079 811 eircum-

1175 830 1469 877 ventionem
1489 831 1697 877 erroris.

1243 900 1323 944 15.
1368 899 1646 944 Veritatem
1682 899 1850 944 autem
1885 898 2081 944 facien-

1173 966 1251 1012 tes
1270 965 1325 1011 in
1346 965 1587 1012 charitate
1601 996 1615 1024 ‚
1638 979 1919 1012 crescamus
1939 965 1993 1010 in
2014 965 2079 1010 il-

1173 1032 1226 1079 lo
1246 1045 1338 1091 per
1358 1033 1544 1092 omnia,
1565 1033 1651 1091 qui
1670 1035 1747 1079 est
1766 1036 1915 1091 caput
1933 1032 2082 1078 Chri-
2142 1025 2145 1032 ’

1174 1103 1298 1158 stus,

1242 1168 1321 1211 16.
1350 1179 1417 1214 ex
1436 1180 1534 1224 qno
1555 1169 1715 1213 totum
1736 1180 1919 1224 corpus
1940 1180 2079 1213 com-

1171 1235 1389 1293 pactum,
1402 1237 1453 1280 et
1472 1245 1758 1280 connexum
1777 1247 1867 1291 per
1880 1246 2081 1280 omnem

1167 1301 1457 1357 juncturam
1525 1301 2004 1368 subministrationis
2020 1306 2077 1359 W,

1171 1368 1446 1414 secundum
1475 1368 1820 1427 operationem
1849 1368 1905 1413 in
1934 1381 2078 1414 men-

1169 1449 1341 1481 suram
1400 1434 1796 1493 uniuscujusque
1847 1437 2075 1493 membri,

1169 1504 1494 1561 augmentum
1513 1503 1745 1561 corporis
1774 1503 1896 1549 facit
1914 1502 1968 1548 in
1987 1515 2076 1548 ae-

1171 1570 1507 1617 dificationem
1527 1571 1605 1616 sui
1624 1571 1678 1615 in
1698 1570 1957 1616 charitate.

1239 1639 1319 1682 17.
1354 1638 1465 1683 Hoc
1494 1637 1649 1695 igitur
1678 1637 1789 1682 dico
1820 1639 1871 1683 et
1895 1637 2076 1682 testifi-

1172 1716 1261 1748 cor
1280 1703 1335 1748 in
1352 1703 1573 1749 Domino
1589 1734 1604 1762 ‚
1632 1707 1689 1748 ut
1708 1704 1814 1760 jam
1842 1717 1950 1748 non
1969 1717 2076 1749 am-

1169 1769 1372 1828 buletis,
1396 1770 1527 1815 sicut
1544 1773 1595 1816 et
1615 1770 1802 1815 Gentes
1822 1770 2077 1816 ambulant

1169 1835 1225 1880 in
1246 1836 1467 1882 vanitate
1488 1848 1665 1882 sensus
1686 1836 1781 1895 sui,

1240 1904 1319 1949 18.
1356 1903 1580 1949 tenebris
1623 1904 1943 1949 obscuratum
1982 1904 2075 1948 ha·-

1168 1973 1345 2018 bentes
1365 1970 1701 2031 intellectum,
1722 1971 1929 2018 alienati
1946 1984 1975 2017 a
1998 1972 2075 2017 vi-

1166 2041 1221 2084 ta
1254 2038 1369 2098 Dei,
1408 2052 1501 2096 per
1537 2038 1876 2097 ignorantiam
1890 2069 1904 2097 ‚
1945 2051 2073 2095 quae

1168 2109 1246 2153 est
1282 2107 1336 2151 in
1374 2106 1495 2165 illis,
1532 2110 1741 2164 propter
1779 2106 2076 2153 coecitatem

1166 2173 1336 2221 cordis
1354 2174 1597 2232 ipsorum,

1234 2244 1315 2286 19.
1331 2242 1417 2298 qui
1429 2241 1754 2299 desperantes
1765 2240 2069 2300 semetipsos

1162 2308 1481 2355 tradiderunt
1497 2308 1854 2367 impudicitiae,
1866 2308 1927 2355 in
1946 2320 2072 2364 ope-

1164 2376 1417 2421 rationem
1443 2376 1786 2421 immunditiae
1806 2375 1968 2421 omnis
1982 2404 1996 2431 ‚
2017 2374 2071 2419 in

1165 2444 1445 2489 avaritiam.

1235 2511 1315 2554 20.
1353 2511 1459 2555 Vos
1497 2510 1663 2554 antem
1699 2522 1806 2554 nou
1842 2508 1913 2553 ita
1942 2506 2070 2552 didi-

1166 2576 1307 2623 cistis
1328 2576 1597 2634 Christum,

1233 2645 1314 2689 21.
1352 2644 1397 2689 si
1414 2645 1583 2689 tamen
1603 2642 1746 2688 illum
1765 2640 1971 2686 audistis
1984 2672 2000 2699 ,
2022 2643 2073 2687 et

1163 2712 1217 2756 in
1238 2712 1349 2769 ipso
1373 2710 1538 2756 edocti
1562 2709 1708 2767 estis,
1739 2708 1868 2753 sicut
1885 2709 1962 2754 est
1980 2722 2069 2754 ve-

1165 2779 1289 2823 ritas
1310 2779 1363 2823 in
1382 2778 1414 2822 J
1415 2790 1523 2835 esu,

1234 2846 1315 2889 22.
1352 2843 1609 2901 deponere
1655 2856 1745 2888 vos
1800 2844 2070 2889 seeundum

1165 2911 1431 2969 pristinam
1486 2910 1927 2957 conversationem
1974 2925 2064 2955 ve-

1165 2982 1325 3024 terem
1343 2976 1661 3035 hominem³‚
1682 2978 1767 3034 qui
1788 2978 2068 3035 corrumpi-

1163 3048 1247 3092 tur
1267 3044 1541 3091 secundum
1560 3045 1808 3091 desideria
1828 3045 2047 3100 erroris3

1210 3162 1233 3180 ¹⁴
1251 3159 1273 3191 1
1293 3154 1380 3190 cor.
1400 3158 1463 3195 14,
1481 3156 1540 3190 20.
1591 3162 1610 3179 ¹²
1627 3154 1734 3190 Phil.
1748 3158 1785 3198 2,
1804 3158 1841 3193 ⁵.
1888 3161 1922 3179 Ψ
1938 3158 1960 3189 1
1974 3152 2065 3187 Cor.

1167 3205 1225 3243 12,
1244 3204 1304 3236 12.
1323 3205 1488 3238 15—27.
1539 3208 1565 3225 ·²'
1579 3200 1696 3238 Rom.
1715 3205 1776 3244 12,
1795 3205 1832 3236 2.
1872 3200 1955 3236 Col.
1975 3204 2011 3239 3,
2029 3203 2065 3235 9.

311 3318 426 3370 Cap.
455 3315 537 3357 lv.
585 3318 634 3358 .6.
669 3316 742 3368 qui
763 3328 900 3369 super
919 3316 1341 3371 omnesffleestest).
1400 3320 1441 3359 9.
1473 3316 1559 3358 nisi
1579 3316 1695 3369 quod
1716 3320 1775 3356 et·
1836 3317 1903 3355 11.
1936 3325 2066 3365 quos·

197 3374 300 3415 dam
333 3372 512 3427 quidem
546 3371 821 3425 prophetas,
859 3373 1070 3423 quosdam
1101 3372 1279 3424 quidem
1308 3368 1577 3426 Apostolos,
1614 3370 1729 3412 alios
1766 3368 2067 3420 evangelistas

195 3430 331 3481 (haee-
358 3426 552 3482 antiqua
579 3427 732 3474 lectio,
756 3429 833 3470 sed
857 3426 954 3469 alia
979 3442 1140 3470 mames
1157 3425 1314 3469 itidem
1333 3426 1526 3485 affitiqna
1546 3425 1747 3481 reposuit
1772 3423 1821 3465 in
1842 3424 2064 3477 margine,

193 3491 250 3526 nt
265 3490 334 3527 est
347 3482 399 3525 in
419 3486 550 3525 textu
567 3482 785 3537 recepto).
847 3485 913 3524 17.
944 3484 1059 3526 sicut
1077 3488 1233 3535 gentes
1252 3486 1395 3538 (deest
1414 3484 1497 3535 et).
1556 3486 1620 3523 19.
1653 3482 1699 3522 in
1720 3480 1919 3521 avaritia.
