2376 3925
277 123 346 168 v1
695 119 1243 166 COMMENTATlo
1298 120 1711 166 ISAeoech.

279 253 451 326 longo
479 260 735 324 tempore
757 248 1132 304 meditaretur
1173 250 1667 321 conscribendam,
1701 252 1991 323 multaque
2030 260 2155 306 stu-

277 331 373 388 dia
400 335 463 389 in
487 332 598 388 hoc
625 349 836 408 genere
865 331 1158 388 doctrinae
1187 333 1623 404 consumsisset,
1651 335 1867 406 primus
1892 331 2034 388 mihi
2058 334 2154 388 in-

283 415 525 486 dicavit,
575 415 1128 490 praestantissimum
1171 424 1230 470 et
1272 417 1731 490 antiquissimum
1776 418 1863 472 rei
1916 416 2156 489 criticae

269 498 596 560 ,subsidium
633 497 708 554 ad
737 497 1148 554 emendandum
1184 500 1579 554 translationis
1616 498 1829 554 latinae
1864 496 2158 573 Hierony-

281 583 504 636 mianae
531 590 756 638 textum
779 584 842 636 in
867 578 1215 636 bibliotheca
1240 577 1629 638 Laurentiana
1656 582 1893 637 servari.
1977 579 2157 636 Parui

282 682 388 740 ego
418 663 618 721 lubens
646 673 704 719 et
727 671 925 738 gratus
948 659 1038 717 his
1065 663 1313 720 nutibus.
1368 662 1519 720 Nam
1534 682 1707 740 quum
1724 663 1988 720 redeunti
2010 662 2149 718 mihi

281 765 356 801 ex
371 743 540 802 Italia
567 747 842 804 inferiore
869 745 1112 801 alterum
1127 744 1173 800 F
1177 748 1439 804 lorentiis
1467 747 1821 804 domicilium
1844 764 1947 820 per
1960 746 2145 820 plures

281 832 624 904 septimanas
653 829 934 883 collocare
959 821 1251 901 licuisset,
1292 831 1473 886 alacri
1509 830 1697 886 studio
1737 831 2040 904 animoque
2080 827 2145 884 1-

281 912 445 968 brum
480 913 751 988 quaesivi.
835 909 1215 968 mescus
1256 927 1375 968 nm.
1416 911 1641 984 ΒΗΜΛ,
1676 910 2142 968 Bibliothecarz'us

278 992 527 1072 RegiuS,
555 997 646 1050 vir
675 995 974 1070 egregius,
1002 997 1064 1050 in
1089 1014 1199 1070 quo
1225 1014 1331 1070 par
1356 1005 1445 1052 est
1471 997 1779 1053 eruditioni
1803 993 2139 1063 humanitas,

276 1077 538 1152 precibus
577 1079 720 1132 meis
752 1076 925 1132 facile
957 1077 1191 1150 adnuit,
1238 1079 1467 1153 adjutus
1503 1089 1561 1136 et
1608 1079 1933 1136 sublevatus
1984 1077 2139 1154 gravi

277 1160 766 1216 commendatione
795 1157 1238 1218 Generosissimi
1268 1160 1507 1218 Comitis
1546 1171 1604 1220 et
1630 1161 1859 1238 Equitis
1886 1158 2136 1216 JosEPffl

275 1261 314 1300 A
345 1240 860 1315 SCHAFFGOTSCH,
885 1240 1064 1320 Regis
1090 1241 1469 1302 Borussorum
1490 1245 1640 1321 apud
1652 1243 1927 1300 Etruscos
1944 1241 2137 1315 legati

274 1327 514 1382 illustris
528 1367 546 1397 ,
587 1327 654 1382 ab
693 1327 1062 1382 interioribus
1105 1325 1375 1384 Consiliis
1391 1369 1410 1400 ,
1456 1333 1618 1402 cujus
1652 1330 1717 1382 in
1752 1345 1844 1382 me
1868 1325 2139 1397 hospitem

275 1409 674 1466 benevolentia
701 1409 772 1464 ab
799 1412 955 1465 omni
980 1419 1141 1483 parte
1169 1420 1331 1466 tanta
1354 1411 1497 1483 fuit,
1538 1420 1605 1468 ut
1640 1411 1817 1486 digna
1842 1405 1992 1466 lauie
2018 1424 2137 1460 non

273 1494 487 1565 possim
509 1493 856 1566 praedicare.
942 1490 1029 1548 Ita
1057 1494 1479 1568 sum-adeptus,
1520 1502 1613 1565 ut,
1643 1495 1793 1569 quod
1817 1491 2135 1566 perssgrina-

272 1576 494 1632 toribus
527 1576 825 1631 literarum
867 1576 1179 1632 cultoribus
1224 1578 1462 1632 minime
1494 1577 1757 1634 omnibus
1797 1571 2135 1643 comeditur,

274 1658 561 1716 rarissimi
585 1667 860 1734 tantoque
885 1659 1012 1712 loco
1041 1658 1227 1714 habiti
1240 1657 1469 1716 Codicis
1495 1679 1631 1716 usus
1658 1659 1964 1714 liberi-inus
1992 1653 2136 1710 mihi

275 1760 392 1798 non
418 1749 744 1818 negaretur.
831 1739 1022 1798 Tanta
1049 1742 1397 1798 liberalitate
1422 1743 1682 1817 adjutus,
1723 1737 1921 1798 conttli
1946 1740 2133 1793 maxi-

273 1844 424 1880 mam
446 1833 666 1899 partem
691 1821 763 1880 N.
794 1821 864 1880 T.
896 1843 969 1880 ex
994 1825 1140 1881 libro
1168 1822 1279 1880 hoc
1302 1844 1475 1882 manu
1502 1829 1715 1900 scripto
1744 1826 1815 1880 ad
1844 1820 2133 1876 editionem

271 1910 605 1983 impressam
640 1907 964 1983 probatam,
1007 1917 1065 1964 et
1099 1909 1251 1984 quod
1284 1911 1557 1984 temporis
1582 1926 1684 1983 per
1716 1911 1853 1983 lege
1880 1903 2046 1958 licuit
2070 1905 2133 1957 in

271 1988 630 2047 Bibliotheca
664 1993 909 2061 morari,
949 1991 1010 2045 id
1040 2009 1211 2044 omne
1248 1990 1431 2046 labori
1464 2010 1589 2046 meo
1639 1994 1872 2046 intenus
1910 1989 2129 2062 peregi.

274 2072 446 2150 Elegi
473 2074 647 2127 etiam
671 2072 880 2126 librum
910 2070 976 2126 V.
1009 2070 1078 2127 T.
1109 2072 1514 2147 apocryphum,
1544 2076 1643 2149 qui
1668 2092 1702 2128 a
1734 2070 1893 2129 Taebia
1922 2071 2134 2125 nomeu

273 2158 456 2232 gerit,
499 2164 556 2209 et
601 2173 730 2210 cum
767 2162 933 2210 textu
969 2158 1119 2230 typis
1155 2157 1430 2229 impresso
1470 2154 2131 2233 diligentercomparavi.

273 2248 338 2295 ut
376 2238 704 2312 speciminis
747 2237 874 2293 loco
905 2248 1055 2293 esset
1079 2238 1289 2295 indolis
1322 2241 1558 2295 criticae
1588 2237 1794 2295 Cedias
1824 2236 1885 2289 in
1914 2252 2131 2291 canone

271 2321 339 2376 V.
372 2319 441 2376 T.
529 2320 712 2385 Quam
740 2320 1034 2393 cupiebam
1061 2323 1236 2377 etiam
1259 2322 1437 2378 libros
1465 2320 1534 2377 V.
1566 2319 1635 2378 T.
1658 2324 1887 2392 relquos
1914 2318 2131 2373 latinae

270 2404 664 2459 translationis
709 2404 964 2459 examini
1005 2406 1209 2460 critico
1238 2404 1313 2460 ad
1335 2423 1596 2462 normam
1623 2392 1771 2461 talem
1803 2402 2129 2457 vetustissi-

268 2504 422 2542 mam
449 2483 806 2542 submittere!
880 2483 998 2542 Sed
1021 2488 1305 2563 urgebant
1332 2491 1604 2563 temporis
1634 2485 1926 2559 aigllstiae.
2011 2480 2129 2539 Vo-

275 2570 480 2625 cabant
507 2568 578 2625 ad
605 2569 719 2624 alia
747 2568 935 2624 studia
961 2567 1382 2643 Mediolanum,
1419 2570 1689 2648 Augusta}
1718 2564 2127 2637 Taurinorum,

270 2648 649 2729 Lugdunum,
691 2648 950 2707 Parisiae
977 2648 1371 2725 Lutetiorum,
1408 2648 1903 2723 vocabatdenique
1940 2649 2129 2721 Patria

274 2734 372 2791 diu
397 2735 705 2791 absentem.
784 2735 976 2801 Quare
999 2743 1090 2791 tot
1113 2736 1352 2792 vocibus
1378 2732 1857 2812 obtempaeandum
1882 2731 2129 2787 arbitra-

269 2826 396 2888 tus,
443 2819 648 2873 relicto
687 2818 910 2888 labore,
965 2820 1221 2874 sarcinas
1255 2837 1411 2875 meas
1452 2815 1670 2894 collegi,
1720 2814 2127 2889 discedensque
2179 2818 2185 2821 ’
2230 2834 2235 2840 ·

269 2898 481 2955 tradidi
507 2899 854 2974 perficienda
879 2920 1022 2976 quae
1047 2911 1383 2975 supererant
1408 2904 1603 2967 amico,
1642 2915 1810 2972 quem
1831 2893 2127 2953 Bononiae

271 2992 577 3059 aegrotans
615 2985 864 3057 primum
902 2986 1148 3061 cognovi
1179 2992 1239 3039 et
1264 3002 1457 3042 amare
1486 2973 1670 3051 dicici,
1706 2977 1847 3034 Rev.
1878 2976 1942 3034 S.
1966 2976 2013 3033 F
2018 2993 2127 3033 AR-

271 3080 402 3121 MAR
433 3063 681 3133 JARVls,
725 3066 888 3122 verbi
923 3067 1106 3124 divini
1139 3069 1405 3125 ministro
1432 3059 1557 3144 apu1
1580 3063 1797 3117 incolas
1826 3060 2125 3119 Ameriae

271 3150 734 3224 septentrionalis
751 3188 770 3220 ,
817 3146 1086 3225 theologo
1123 3170 1262 3207 vere
1299 3142 1606 3229 evangelico
1622 3184 1639 3215 2
1688 3146 1785 3220 qui
1826 3145 2125 3200 literarum

275 3249 445 3288 causa
473 3239 531 3286 et
557 3230 628 3286 ad
655 3232 987 3288 imbuendos
1015 3232 1242 3290 liberali
1270 3231 1581 3291 educatime
1615 3226 1824 3282 liberos
1850 3227 1993 3282 bene
2020 3245 2124 3283 na-

269 3322 361 3369 tos
389 3333 656 3391 magnam
681 3312 946 3389 Europae
971 3324 1194 3390 partem
1218 3312 1524 3393 peragra'it
1555 3311 1859 3386 pluresque
1892 3328 1995 3384 per
2021 3328 2124 3365 an-

269 3414 374 3452 nos
393 3395 620 3453 Italiam
647 3394 950 3470 habitavit,
975 3416 1129 3454 nunc
1157 3406 1349 3455 autem
1372 3399 1529 3458 relux
1553 3395 1615 3450 in
1640 3395 1883 3468 patriam
1909 3394 2122 3451 saluta-
