2376 3925
333 197 433 248 234

333 302 392 346 lu
428 299 628 346 modico
665 297 844 343 suades
873 310 953 343 me
993 295 1240 342 Christia-

331 381 454 413 num
471 366 596 412 fieri.

402 436 479 478 29.
514 433 583 477 Et
599 432 812 479 Paulus:
835 434 966 490 Opto
985 430 1115 488 apud
1133 430 1239 475 De-

335 515 442 558 um,
473 500 526 545 et
551 500 605 545 in
623 500 850 557 modico,
881 500 932 545 et
957 499 1010 543 in
1033 509 1239 554 magno,

337 580 444 612 non
462 569 656 612 tantum
674 570 744 626 te,
765 566 856 612 sed
875 565 1026 612 etiam
1045 576 1239 622 omnes,

333 634 420 692 qui
466 633 696 692 audiunt,
743 632 892 679 hodie
935 631 1046 677 fieri
1089 629 1238 690 tales,

335 700 498 759 qualis
517 704 570 748 et
586 714 682 759 ego
703 713 838 757 sum,
867 699 1094 756 exceptis
1123 698 1239 744 vin-

333 768 461 815 culis
481 769 576 814 his.

397 837 478 881 3⁰.
497 835 566 880 Et
588 833 880 880 exsurrexit
897 846 1011 891 rex,
1023 837 1075 878 et
1087 845 1238 890 prae-

333 917 434 961 ses,
455 904 507 949 et
523 901 753 959 Bernice‚
775 902 827 946 et
845 901 930 956 qui
948 900 1241 946 assidebant

334 971 423 1016 eis.

397 1038 478 1082 31.
511 1035 580 1080 Et
615 1048 728 1082 cum
761 1033 1115 1092 secessissent,
1154 1034 1237 1078 lo-

329 1104 608 1161 quebantur
628 1102 691 1148 ad
709 1101 953 1160 invicem,
984 1101 1234 1148 dicentes:

331 1171 462 1224 Quia
497 1169 626 1215 nihil
668 1172 832 1215 morte
869 1171 956 1216 aut
994 1167 1239 1215 vinculis*

329 1239 535 1298 dignum
553 1237 672 1294 quid
690 1237 811 1284 fecit
828 1237 980 1282 homo
1001 1237 1104 1282 ille.

395 1307 475 1352 32.
510 1305 734 1364 Agrippa
743 1307 908 1351 autem
919 1305 1071 1350 Festo
1084 1303 1235 1350 dixit:

331 1372 526 1418 Dimitti
544 1375 744 1430 poterat
765 1372 915 1416 homo
936 1371 1044 1430 hic,
1066 1372 1110 1417 si
1130 1383 1235 1416 uon

330 1439 634 1496 appellasset
655 1440 921 1483 Caesarem
932 1443 973 1484 ¹⁴.

554 1587 594 1636 C
606 1586 651 1634 A
662 1585 722 1636 P.
779 1585 999 1636 xxvu.

327 1683 498 1726 Paulus
524 1690 571 1726 et
599 1683 762 1739 reliqui
791 1686 1056 1737 navigantes
1075 1685 1232 1736 ingen-

325 1746 419 1783 tem
455 1742 754 1796 experiuntur
788 1745 1132 1795 tempestatem3
1171 1753 1234 1781 ex

329 1809 416 1851 qua
451 1800 602 1840 tamen
637 1810 790 1839 omnes
827 1797 1024 1839 evadunt
1057 1793 1233 1838 ineolu-

723 1867 832 1896 mes.

396 1949 442 1993 1.
481 1948 546 1993 Ut
591 1951 757 1993 autem
797 1947 1075 2004 judicatum
1120 1947 1233 1992 est⁰

325 2014 568 2071 navigare
589 2029 700 2059 eum
719 2015 773 2058 in
791 2014 1007 2071 Italiam,
1031 2015 1082 2059 et
1100 2012 1230 2057 tradi

324 2080 534 2125 Paulum
578 2094 690 2125 cum
731 2079 939 2135 reliquis
985 2077 1228 2124 custodiis

326 2145 613 2193 centurioni
629 2145 834 2191 nomine
842 2144 980 2190 sulio
1002 2146 1228 2192 cohortis

322 2212 596 2271 Augustae,

391 2282 436 2324 2.
473 2278 803 2325 ascendentes
840 2292 1020 2325 navem
1058 2280 1226 2326 Adru-

322 2347 584 2406 metinam,
635 2346 934 2404 incipientes
981 2348 1225 2405 navigare

324 2417 459 2463 circa
470 2415 620 2461 Asiae
640 2414 770 2473 loca,
785 2413 1091 2473 sustulimus,
1105 2429 1225 2473 per-

324 2485 592 2531 severante
609 2482 871 2529 nobiscum
890 2482 1226 2530 Aristarchow

320 2551 600 2599 Macedone
621 2550 1079 2596 Thessalonicensi.

389 2620 434 2664 3.
473 2618 715 2676 Sequenti
731 2620 898 2663 autem
917 2617 996 2663 die
1011 2616 1222 2663 deveni-

319 2698 428 2731 mus
451 2687 704 2733 Sidonem.
771 2684 1037 2731 Humane*
1055 2686 1223 2730 autem

319 2753 540 2798 tractans
559 2754 722 2799 Julius
740 2752 947 2798 Paulum
959 2782 974 2811 ,
993 2751 1223 2808 permisit

319 2817 382 2863 ad
401 2820 589 2865 amicos
609 2821 702 2879 ire,
717 2823 768 2867 et
781 2833 950 2867 curam
960 2818 1038 2864 sui
1048 2832 1219 2877 agere.

383 2886 431 2929 4.
467 2884 536 2929 Et
551 2886 670 2933 inde
689 2902 800 2935 cum
829 2886 1219 2947 sustulissemus,

317 2951 759 3008 subnavigavimus
799 2956 1044 3015 Cyprum,
1091 2967 1218 3013 pro-

363 3051 380 3075 θ
399 3060 431 3085 c.
450 3050 518 3089 25,
545 3050 603 3084 25.
667 3055 690 3073 ¹²
709 3060 741 3085 c.
761 3053 829 3091 25,
856 3054 914 3086 12.
981 3057 1000 3076 ⁰
1019 3063 1054 3086 c.
1073 3054 1140 3093 25,
1156 3054 1217 3087 21.

318 3102 348 3121 ¹⁹
370 3107 402 3132 c.
421 3099 480 3135 19.
498 3098 558 3132 29.
592 3093 679 3131 Col.
698 3100 739 3137 4,
759 3100 817 3131 lo.
865 3103 893 3121 ³
911 3108 946 3131 ο.
965 3100 1028 3139 24,
1047 3100 1104 3135 23.

584 193 848 246 AC'l'US
900 191 1555 244 APOSTOLORUM.
1612 191 1781 242 cAP.
1819 192 2012 242 26.27.

1310 296 1483 352 pterea
1524 293 1660 350 quod
1706 295 1874 340 esseut
1909 296 2057 343 venti
2093 310 2222 344 con-

1310 361 1468 407 trarii.

1376 431 1422 472 5.
1458 427 1526 473 Et
1543 429 1755 488 pelagus
1776 430 1988 477 Ciliciae
2008 432 2061 476 et
2070 432 2218 478 Pam·

1308 495 1509 554 phyliae
1528 497 1848 556 navigantes,
1870 498 2103 545 venimus
2114 500 2216 558 Ly—

1308 564 1481 621 stram,
1503 575 1631 620 quae
1652 567 1731 610 est
1747 565 1956 624 Lyciae.

1375 631 1423 675 6.
1465 629 1535 676 Et
1568 630 1639 678 ibi
1674 631 1948 679 inveniens
1988 634 2214 679 centurio

1309 709 1490 743 navem
1530 697 1932 746 Alexandrinam
1968 700 2214 760 navigan-

1307 766 1409 810 tem
1438 765 1493 810 in
1518 765 1743 826 Italiam,
1772 768 2093 825 transposuit
2122 781 2214 814 nos

1306 833 1361 877 in
1381 844 1506 878 eam.

1376 901 1423 944 7.
1457 899 1527 945 Et
1546 914 1658 947 cum
1686 901 1858 948 multis
1879 902 2057 949 dicbus
2077 904 2213 950 tarde

1307 968 1689 1026 navigaremus,
1720 972 1774 1015 et
1802 969 1887 1016 vix
1916 969 2213 1018 devenisse·

1305 1047 1417 1080 mus
1436 1038 1615 1082 contra
1640 1036 1875 1094 Gnidum,
1904 1037 2213 1093 prohibente

1306 1115 1402 1147 nos
1432 1105 1613 1161 vento,
1644 1103 2053 1161 adnavigavimus
2088 1107 2215 1153 Cre-

1306 1171 1405 1227 tae,
1422 1170 1571 1226 juxta
1582 1170 1882 1216 Salmonem.

1373 1239 1419 1281 8.
1455 1237 1522 1283 Et
1532 1237 1623 1284 vix
1637 1238 1787 1295 juxta
1802 1238 2099 1297 navigantes
2118 1253 2211 1286 ve-

1304 1303 1467 1350 nimus
1504 1305 1560 1350 in
1598 1305 1766 1351 locum
1802 1305 2085 1365 quemdam,
2122 1309 2214 1364 qui

1304 1374 1517 1418 vocatur
1562 1373 1893 1433 Boniportus,
1942 1374 2025 1421 cui
2065 1375 2211 1432 juxta

1304 1440 1415 1484 erat
1433 1440 1611 1486 civitas
1632 1440 1894 1486 Thalassa.

1370 1508 1415 1552 9.
1453 1507 1615 1553 Multo
1636 1509 1804 1554 autem
1831 1511 2067 1567 tempore
2091 1523 2206 1568 per-

1302 1576 1445 1633 acto,
1474 1577 1526 1619 et
1545 1588 1655 1620 cum
1671 1575 1776 1632 jam
1802 1588 1911 1621 non
1945 1579 2083 1624 esset
2106 1581 2207 1624 tuta

1302 1640 1589 1700 navigatio,
1612 1655 1674 1688 eo
1696 1643 1829 1699 quod
1849 1646 1903 1689 et
1915 1644 2206 1701 jejunium!

1297 1708 1402 1765 ,iam
1438 1710 1811 1769 praeteriisset,
1853 1712 2204 1760 consolabatur

1302 1788 1391 1822 eos
1410 1776 1614 1835 Paulus,

1368 1845 1449 1888 10.
1487 1843 1659 1890 dicens
1698 1845 1797 1891 eis:
1850 1847 1989 1894 Viri!
2048 1849 2201 1906 video,

1300 1911 1535 1967 quoniam
1548 1926 1661 1958 cum
1678 1912 1869 1970 injuria
1880 1915 1931 1960 et
1949 1915 2113 1962 multo
2125 1917 2201 1962 da-

1298 1993 1416 2024 mno
1436 1992 1545 2025 non
1577 1980 1741 2027 solum
1770 1984 1947 2029 oneris
1978 1985 2033 2030 et
2050 1985 2201 2042 navis,

1297 2045 1386 2091 sed
1416 2047 1566 2093 ctiam
1594 2048 1875 2094 animarum
1900 2054 2201 2111 nostrarum,

1296 2112 1477 2172 incipit
1496 2128 1608 2161 esse
1626 2116 1906 2174 navigatio.

1365 2182 1444 2226 11.
1484 2183 1725 2229 Centurio
1752 2186 1924 2231 autem
1953 2190 2202 2245 guberna·

1295 2248 1399 2295 tori
1418 2250 1469 2296 et
1487 2250 1729 2297 nauclero
1759 2253 1921 2310 magis
1953 2255 2199 2312 credebat,

1296 2328 1444 2373 quam
1461 2316 1564 2375 his,
1587 2331 1715 2375 quae
1734 2331 1765 2363 a
1782 2319 1945 2366 Paulo
1968 2322 2199 2370 diceban-

1294 2387 1393 2430 tur.

1360 2452 1442 2496 12.
1477 2451 1545 2497 Et
1574 2467 1685 2499 cum
1714 2457 1859 2511 aptus
1888 2460 2072 2513 portus
2102 2470 2199 2502 non

1294 2521 1429 2564 esset
1439 2519 1502 2564 ad
1520 2519 1859 2580 hiemandum,
1872 2523 2085 2580 plurimi
2102 2528 2201 2571 sm·

1292 2587 1497 2631 tuerunt
1508 2588 1793 2647 consilium,
1808 2590 2057 2648 navigare
2070 2591 2199 2649 inde,

1291 2651 1335 2697 si
1354 2654 1607 2710 quomodo
1628 2659 1854 2715 possent,
1871 2657 2199 2706 devenientes

1288 2720 1598 2780 Phoenicen,
1610 2722 1849 2779 hiemare,
1860 2728 2070 2781 portum
2080 2728 2199 2772 Cre-

1288 2789 1369 2833 tae
1405 2789 1760 2846 respicientem
1796 2792 1859 2837 ad
1890 2794 2119 2841 Africum
2154 2796 2201 2838 et

1289 2855 1353 2900 ad
1373 2856 1574 2902 Corum.

1356 2924 1436 2968 13.
1484 2925 1751 2981 Aspirante
1788 2928 1956 2973 autem
1992 2930 2196 2981 Austro,

1288 2991 1609 3037 aestimantes
1630 2994 1949 3051 propositum
1970 3008 2025 3042 se
2046 2997 2197 3044 tene·

1332 3107 1355 3134 7
1372 3098 1472 3135 Lev.
1491 3104 1551 3142 23,
1571 3104 1631 3139 26.
1654 3114 1740 3151 sqq.

431 3242 542 3298 Gap.
571 3239 753 3283 XXVI.
810 3244 878 3284 29.
900 3244 979 3285 sed
991 3250 1200 3289 etomnes
1212 3246 1293 3289 hos
1306 3250 1395 3301 qui.
1446 3253 1514 3291 31.
1537 3250 1915 3295 autvinculorum.
1975 3258 2046 3296 32.
2070 3254 2194 3296 homo

315 3300 418 3340 iste.
529 3296 735 3339 XXVII.
795 3300 833 3338 1.
864 3310 964 3339 eum
989 3302 1216 3353 navigare.

1274 3308 1314 3345 2.
1346 3306 1642 3349 ascendentes
1669 3312 1816 3350 autem
1836 3322 1998 3351 navem
2019 3310 2194 3351 Hadru·

315 3354 552 3403 metinam3
571 3352 678 3394 ibid.
707 3354 876 3401 egressi
903 3366 1054 3395 sumus
1073 3358 1188 3410 (pro
1209 3357 1513 3413 sustulimus„
1534 3361 1643 3405 ibid.
1664 3362 2103 3411 Thessalonicen-0.
2158 3366 2193 3404 4-

321 3406 489 3459 cypro.
539 3413 579 3450 5.
609 3410 681 3449 est
701 3404 905 3449 Ciliciae.
953 3410 994 3449 7.
1015 3416 1170 3453 contra
1192 3413 1713 3462 Cium;ibid.secun‹lum
1730 3416 2008 3463 Salmonem.
2049 3425 2094 3463 8.
2118 3420 2193 3461 Bo·

319 3461 525 3511 niportus
555 3464 602 3517 (o
621 3475 679 3503 ea·
695 3466 958 3502 correctum
974 3465 1238 3509 recentioris
1258 3481 1419 3512 manus
1438 3470 1489 3511 in
1503 3486 1667 3514 rasura
1682 3473 1907 3531 scriptum
1924 3482 2008 3519 est.
2060 3476 2193 3519 Forte

319 3519 420 3553 erat
440 3522 548 3557 ante
567 3516 872 3572 Biniportm).
931 3518 972 3558 9.
1005 3522 1325 3572 praeterisset3
1342 3522 1450 3568 ibid.
1470 3528 1592 3571 deut
1608 3541 1700 3571 eos·
1762 3532 1829 3572 ss.
1861 3530 2117 3576 nauclerio-

2312 3020 2315 3087 Ι
