2376 3925
530 164 795 214 ACTUS
848 163 1496 215 APOSTOLORUM.
1556 168 1724 218 cAP.
1765 173 1813 218 7.
1875 183 1890 198 ‘

240 266 529 321 phetarum:
584 265 870 325 „Numquid
922 266 1149 311 victimas

241 334 337 390 „et
364 332 554 377 hostias
584 333 833 378 obtulistis
862 332 983 377 mihi
1003 333 1149 378 annis

240 398 616 457 „quadraginta
644 399 699 445 in
724 400 950 457 deserto,
973 399 1147 444 domus

239 466 475 524 „lsraess

308 535 391 577 43.
418 533 524 590 „Et
542 535 827 590 suscepistis
845 537 1147 581 tabernacu-

237 600 383 658 „lum
403 600 626 658 Moloch,
648 605 699 646 et
715 601 851 648 sidus
872 603 970 648 Dei
991 603 1147 649 vestri

237 667 569 725 „Rempham,
608 669 791 725 figuras
805 700 818 726 ,
859 683 980 725 quas
1017 670 1144 715 feci-

236 734 389 792 „stis,
403 734 614 779 adorare
627 749 729 780 eas.
765 737 831 780 Et
843 738 1144 782 transferam

236 815 371 860 „vos
393 805 531 846 trans
552 802 945 860 l3abylonem.“c

307 883 387 925 44.
433 882 832 929 Tabernaculum
866 883 1142 930 testimonii

234 948 337 993 fuit
364 961 472 993 cum
500 949 722 1005 patribus
750 951 941 996 nostris
970 951 1021 994 in
1053 951 1141 996 de-

238 1016 407 1073 serto,
435 1016 563 1061 sicut
591 1016 837 1074 disposuit
863 1018 967 1064 illis
986 1019 1141 1076 Deus,

235 1081 450 1137 loquens
471 1082 531 1127 ad
546 1085 781 1142 Moysen,
793 1086 850 1129 ut
868 1086 1059 1131 faceret
1076 1086 1142 1130 il-

234 1148 326 1194 lud
374 1149 645 1196 secundum
698 1152 940 1209 formam,
996 1165 1141 1208 quam

234 1215 438 1261 viderat
448 1209 489 1260 ἆ.

300 1285 386 1327 45.
426 1283 568 1335 Quod
602 1287 654 1331 et
670 1285 1005 1345 induxerunt,
1028 1301 1140 1333 sus-

234 1350 483 1408 cipientes
502 1354 669 1408 patres
688 1354 854 1399 nostri
888 1368 997 1400 cum
1018 1356 1047 1399 J
1051 1367 1139 1400 esu

230 1418 288 1462 in
310 1419 686 1474 possessionem
705 1420 939 1466 Gentium
950 1427 987 1478 θ,
1017 1434 1139 1478 quas

232 1484 432 1541 expulit
456 1485 593 1532 Deus
622 1500 652 1532 a
670 1488 800 1534 facie
826 1491 1023 1545 patrum
1040 1502 1139 1534 no-

232 1553 474 1611 strorum,
493 1553 726 1609 usquein
746 1554 918 1600 diebus
939 1555 1121 1612 David,

300 1632 382 1674 46.
421 1631 506 1687 qui
542 1631 738 1675 invenit
774 1633 987 1688 gratiam
1022 1637 1139 1680 ante

230 1697 421 1755 Deum,
454 1699 505 1741 et
523 1697 693 1752 petiit,
713 1699 770 1742 ut
788 1697 1044 1744 inveniret
1061 1704 1139 1744 ta-

230 1761 565 1810 bernaculum
582 1761 693 1807 Deo
713 1756 931 1809 Jacobs.

294 1833 383 1876 47.
424 1827 666 1874 Salomon
684 1832 849 1876 autem
862 1831 1144 1878 aedificavit

228 1897 307 1943 illi
327 1897 547 1942 domum.

296 1968 381 2010 48.
420 1964 560 2024 „Sed
570 1977 674 2010 non
688 1964 937 2012 Excelsus
958 1968 1014 2012 in
1032 1982 1140 2013 ma-

232 2031 493 2092 „nufactis
522 2032 805 2093 habitat“8,
844 2034 973 2079 sicut
1008 2036 1138 2081 Pro-

230 2101 388 2157 pheta
409 2100 553 2144 dicit:

301 2168 385 2210 49.
423 2166 669 2224 „coelum
695 2167 819 2212 mihi
856 2167 1001 2215 sedes
1032 2172 1135 2227 est3

230 2236 412 2292 „terra
447 2236 609 2279 autem
650 2234 921 2280 scabellum
956 2236 1138 2293 pedum

228 2312 514 2359 „meorum.
586 2300 747 2352 Quam
776 2302 977 2347 domum
997 2303 1137 2349 aedi-

230 2367 482 2426 „ficabitis
518 2366 657 2425 mihi,
697 2367 816 2413 dicit
851 2366 1137 2417 Dominus?

228 2436 360 2493 „aut
370 2433 479 2489 quis
498 2433 641 2479 locus
652 2436 983 2491 requietionis
994 2450 1137 2483 meae

230 2534 245 2560 ,
272 2501 383 2547 est'.¹

252 2532 266 2561 ³
300 2569 383 2612 50.
420 2569 638 2627 „Nonne
666 2581 843 2615 manus
870 2583 981 2615 mea
1016 2570 1139 2616 fecit

228 2635 399 2695 „haec
420 2636 614 2681 omnia!
629 2629 703 2665 “¹¹

302 2704 383 2747 51.
418 2702 557 2748 Dura
577 2703 791 2761 cervice,
804 2704 1135 2781 etincircum3

228 2770 354 2815 cisis
396 2770 628 2815 cordibus
670 2772 721 2815 et
768 2770 995 2815 auribus!
1041 2784 1134 2815 vos

227 2849 431 2893 semper
453 2835 658 2896 Spiritui
678 2840 850 2881 sancto
873 2837 1133 2894 resistitis;

228 2904 364 2949 sicut
383 2906 550 2961 patres
571 2903 746 2959 vestri,
767 2903 837 2947 ita
855 2907 906 2948 et
925 2916 1032 2948 vos.

276 3029 294 3047 θ
312 3020 455 3057 Amos.
474 3023 511 3063 5,
528 3022 587 3058 25.
636 3018 657 3045 ἅ
674 3018 804 3055 Exod.
822 3022 888 3060 25,
908 3022 969 3056 40.
1018 3028 1035 3045 ‘
1052 3020 1132 3057 Jos.

224 3073 267 3110 3,
285 3070 349 3104 14.
370 3078 455 3114 sqq.
502 3064 527 3098 ἰ
544 3065 683 3137 {Re}
705 3070 750 3107 7,
776 3070 813 3101 2.
840 3076 924 3113 sqq.
971 3072 996 3100 ἔ
1014 3080 1047 3103 c.
1074 3072 1132 3110 17,

224 3117 294 3149 m·
320 3118 344 3151 3
361 3114 459 3159 Βυὲο
478 3116 516 3154 8,
536 3116 593 3149 26·
678 3111 753 3147 Jes-
772 3115 833 3154 66,
853 3117 886 3147 1·
906 3116 940 3148 2·

2022 173 2122 222 197

1287 269 1366 311 52.
1406 267 1566 320 Quem
1602 269 1970 328 Prophetarum
2014 288 2120 319 non

1218 337 1336 378 sunt
1353 336 1605 391 persecuti
1633 341 1802 394 patres
1837 340 2026 385 vestri?
2053 341 2121 387 Et

1219 397 1540 446 occiderunti
1558 415 1664 462 eos,
1680 406 1762 460 qui
1782 408 2118 462 praenuncia-

1217 469 1336 513 bant
1355 468 1416 514 de
1436 468 1654 514 adventu
1671 472 1829 531 Iusti,
1861 474 2002 530 cujus
2028 487 2116 520 vos

1215 548 1350 580 nunc
1367 536 1656 593 proditores
1670 539 1720 583 et
1738 539 2014 586 homicidae
2035 543 2115 586 fu-

1215 601 1339 647 istis.

1281 703 1358 747 53.
1399 703 1497 756 Qui
1543 706 1807 762 accepistis
1854 706 2016 764 legem
2063 710 2114 753 in

1214 768 1544 826 dispositione
1563 772 1872 829 Angelorum
1882 766 1921 831 ι’,
1943 777 1993 819 et
2015 789 2116 820 non

1213 837 1517 883 custodistis.

1280 939 1357 982 54.
1394 938 1668 985 Audientes
1680 943 1844 987 autem
1866 943 1992 990 haec
2012 943 2114 990 dis-

1211 1007 1510 1051 secabantur
1530 1007 1762 1054 cordibus
1783 1009 1905 1068 suis,
1926 1012 1979 1056 et
1995 1013 2114 1056 stri-

1212 1071 1395 1118 debant
1414 1073 1642 1120 dentibus
1661 1075 1716 1120 in
1736 1089 1863 1122 eum.

1279 1175 1356 1218 55.
1396 1174 1519 1218 Cum
1555 1179 1721 1220 autem
1765 1180 1900 1223 esset
1935 1179 2113 1234 plenus

1212 1238 1402 1295 Spiritu
1421 1244 1613 1299 sancto,
1634 1243 1900 1289 intendens
1921 1245 1973 1290 in
1994 1260 2113 1291 coe-

1210 1305 1329 1364 lum,
1351 1306 1478 1352 vidit
1496 1308 1710 1366 gloriam
1727 1311 1851 1369 Dei,
1875 1315 1925 1356 et
1941 1313 1972 1356 J
1976 1326 2115 1358 esum

1209 1375 1423 1418 stantem
1442 1387 1473 1419 a
1492 1375 1682 1421 dextris
1699 1377 1813 1435 Dei,
1836 1381 1888 1424 et
1906 1379 1998 1424 ait:
2013 1379 2113 1425 Ec-

1209 1453 1292 1486 ce:
1315 1440 1462 1487 video
1486 1442 1659 1488 coelos
1679 1447 1900 1503 apertos,
1923 1447 2109 1492 etFili-

1205 1522 1290 1618 Em
1335 1507 1552 1554 hominis
1602 1514 1815 1557 stantem
1851 1527 1882 1557 a
1920 1514 2110 1560 dextris

1255 1589 1317 1620 ei.

1275 1678 1354 1720 56.
1389 1675 1746 1722 Exclamantes
1785 1682 1952 1725 autem
1987 1695 2111 1727 voce

1209 1754 1392 1798 magna
1419 1743 1780 1790 continuerunt
1806 1759 1954 1792 aures
1975 1761 2108 1805 suas,

1212 1810 1262 1852 et
1288 1808 1523 1865 impetum
1551 1811 1783 1856 fecerunt
1809 1814 2112 1861 unanimiter

1211 1888 1263 1919 nn
1285 1888 1425 1930 eum3

1278 1978 1356 2021 57.
1395 1980 1446 2023 et
1465 1978 1726 2036 ejicientes
1740 1993 1852 2024 eum
1871 1982 2016 2025 extra
2037 1983 2109 2027 ci·
2123 1972 2136 1993 ‘

1209 2043 1414 2089 vitatem
1433 2044 1746 2103 lapidabant3
1777 2050 1828 2092 et
1844 2050 1998 2093 testes
2019 2049 2107 2095 de-

1206 2114 1489 2169 posuerunt
1517 2114 1817 2159 vestimenta
1844 2128 1935 2161 sua
1963 2129 2108 2163 secus

1206 2179 1358 2236 pedes
1379 2178 1743 2239 adolescentis,
1775 2182 1859 2238 qui
1889 2187 2107 2229 vocaba-

1203 2248 1287 2292 tur
1309 2246 1488 2292 Saulus
1499 2240 1529 2291 ².

1273 2349 1351 2391 58.
1372 2346 1438 2392 Et
1450 2348 1781 2405 lapidabantm
1802 2351 2107 2419 Stephanum

1203 2412 1597 2472 invocantem,et
1609 2415 1877 2461 dicentem:
1891 2417 2107 2460 Domine

1205 2481 1234 2525 J
1239 2494 1344 2539 esu,
1367 2482 1564 2539 suscipe
1586 2482 1816 2539 spiritum
1836 2482 2022 2527 meum!

1271 2583 1350 2626 59.
1371 2581 1555 2627 Positis
1576 2584 1741 2627 autem
1761 2582 1988 2637 genibus,
2003 2583 2105 2627 cla-

1203 2648 1359 2694 mavit
1379 2660 1504 2694 voce
1523 2660 1732 2705 magna,
1767 2648 1964 2693 dicens:
1997 2650 2105 2696 Do—

1202 2715 1364 2773 mine,
1393 2730 1460 2761 ne
1481 2716 1668 2760 statuas
1689 2714 1790 2759 illis
1810 2714 1908 2759 hoc
1925 2729 2107 2773 pecca-

1203 2781 1363 2827 tumn!
1393 2782 1460 2827 Et
1479 2795 1588 2827 cum
1618 2781 1716 2825 hoc
1745 2781 1980 2842 dixisset,
2013 2790 2106 2831 ob-

1205 2848 1444 2893 dormivit
1495 2848 1549 2891 in
1601 2848 1838 2894 Domino.
1925 2853 2106 2898 Saulus

1204 2917 1369 2961 autem
1381 2916 1490 2960 erat
1501 2916 1824 2961 consentiens
1844 2921 1958 2966 neci
1978 2922 2103 2976 ejus.

1249 3017 1426 3059 iMauh.
1461 3026 1524 3066 23,
1558 3027 1620 3061 34.
1656 3037 1739 3075 sqq.
1818 3026 1838 3053 Β
1859 3029 1949 3065 Gal.
1976 3034 2014 3067 3,
2045 3033 2104 3065 19.

1201 3067 1354 3151 fuam,
1372 3072 1431 3105 20.
1479 3070 1647 3110 mDeut.
1675 3077 1744 3116 17,
1770 3078 1803 3111 7.
1853 3083 1872 3099 τε
1892 3074 2035 3111 Matth.
2064 3078 2102 3115 5,

348 3259 463 3313 Cap.
495 3258 600 3300 vn.
659 3262 728 3301 43.
761 3258 1055 3303 Transferam
1088 3276 1166 3302 vos
1204 3266 1368 3317 (deum
1398 3270 1482 3320 et).
1543 3272 1611 3308 44.
1643 3268 1801 3310 Deest.-
1837 3266 1932 3309 illis
1960 3267 2100 3308 Deus.

225 3320 298 3360 49.
333 3316 455 3357 sedis
484 3318 567 3355 est.
634 3319 701 3356 51.
742 3315 838 3355 duri
870 3317 1040 3359 cervice
1072 3319 1202 3371 (sedi
1239 3333 1403 3363 rasura
1430 3319 1652 3376 affectum
1677 3325 1790 3377 est);
1827 3321 1934 3363 ibid.
1966 3322 2102 3363 incir-

226 3368 561 3419 cumcisi3ibid·
580 3371 838 3420 restitistis3
860 3370 967 3414 ibid.
986 3374 1125 3414 vestri
1149 3378 1195 3415 et
1213 3388 1292 3418 vos
1314 3380 1478 3433 (chat.-
1499 3379 1602 3431 ita).

1663 3382 1730 3420 53.
1761 3378 1809 3418 in
1843 3376 2102 3429 dispositio-

225 3440 346 3469 nem.
423 3430 493 3468 55.
540 3426 719 3467 intuens
758 3425 855 3475 (sic,
894 3425 1104 3482 inprimis
1136 3432 1306 3484 recte„
1336 3432 1442 3474 ibid.
1483 3445 1509 3473 a
1549 3434 1724 3475 dextris
1764 3436 1956 3473 stantem
1996 3432 2094 3475 Dei-

225 3487 298 3526 57.
334 3480 651 3524 adulescentis.
712 3484 778 3523 59.
814 3480 971 3524 Deest.-
993 3484 1039 3525 in
1058 3485 1264 3527 Domino.
