2376 3925
619 161 1156 215 MATTHAEUS.
1231 163 1399 216 cAP.
1436 165 1487 216 8.
1508 166 1559 217 9.

211 271 300 315 26.
334 267 406 313 Et
421 270 749 314 accesserunt
757 267 820 312 ad
828 281 943 314 eum
955 266 1061 312 dis-

141 335 307 394 cipuli
327 335 457 394 ejus,
473 337 526 380 et
543 334 917 380 suscitaverunt
927 347 1058 392 eum,

142 404 405 451 dicentes:
458 400 699 448 Domine!
754 401 899 448 salva
941 414 1058 461 nos,

139 471 388 529 perimus.
995 499 1000 505 -

209 540 295 584 26.
330 536 402 582 Et
421 535 546 582 dicit
562 535 634 582 eis
651 536 827 582 Jeme:
843 534 974 588 Quid
990 534 1060 581 ti·

139 605 268 651 midi
285 605 442 663 eatis,
472 602 699 650 modicae
727 601 878 649 fidei‘.⁸
915 603 1059 649 Tunc

141 685 382 732 surgens,
402 671 672 729 imperavit
696 670 863 716 ventis
884 671 935 715 et
949 682 1059 715 ma·-

139 740 218 798 ri;
251 740 306 787 et
331 741 468 800 facta
487 741 564 786 eat
590 737 931 795 tranquillitas
949 749 1060 782 ma-

142 820 266 866 gna.

214 874 301 918 27.
336 872 498 919 Porro
509 871 744 918 homines
753 871 924 918 mirati
941 872 1062 918 aunt

145 941 402 987 dicentes:
460 938 636 993 Quali·
676 941 754 986 eet
787 938 896 998 hic,
943 939 1062 996 quia

143 1006 300 1054 venti
317 1010 366 1054 et
381 1020 520 1053 mare
540 1006 782 1053 obediunt
799 1007 881 1053 ei?

216 1089 299 1134 28.
341 1081 363 1119 ί
369 1087 441 1133 Et
488 1101 602 1133 cum
643 1086 875 1134 venisset
917 1087 1060 1132 trane

146 1157 334 1203 {tetum
371 1155 428 1200 in
462 1153 728 1213 regionem
770 1153 1061 1200 Geraseno-

146 1237 274 1282 rum,
298 1223 637 1269 occurrerunt
663 1220 712 1267 ei
739 1221 838 1266 duo
866 1220 1061 1267 haben-

149 1295 224 1337 tea
269 1289 566 1348 daemonia,
615 1287 677 1335 de
721 1287 1060 1334 monumentis

152 1358 422 1416 exeuntes,
437 1355 576 1402 naevi
587 1354 753 1413 nimis,
765 1355 836 1400 ita
844 1358 900 1400 ut
909 1368 1060 1401 nemo

151 1427 328 1482 posset
343 1422 565 1470 transire
584 1435 676 1479 per
695 1423 829 1468 viam
848 1421 1002 1467 illam.

215 1507 300 1551 29.
336 1503 407 1550 Et
435 1501 576 1550 ecce!
607 1501 955 1549 clamaverunt
984 1499 1062 1548 di-

153 1574 353 1619 centes:
386 1571 519 1625 Quid
545 1570 693 1616 nobie
721 1572 775 1616 et
799 1570 918 1629 tibi,
936 1570 1063 1616 Iesu

150 1639 226 1686 fili
239 1629 406 1685 Deik‘.⁸
433 1637 634 1683 Venisti
660 1637 756 1684 huc
786 1638 904 1684 ante
931 1640 1061 1684 tem-

151 1720 250 1766 pus
265 1709 507 1763 torquere
525 1717 622 1752 non
633 1703 657 1749 ’ἒ

225 1787 306 1832 30.
343 1785 468 1831 Erat
494 1786 661 1831 autem
685 1797 794 1831 non
819 1783 976 1842 longe
1001 1786 1063 1831 ab

151 1855 261 1902 illis
307 1865 438 1912 grex:
476 1851 750 1899 multorum
791 1863 1066 1910 porcorum

155 1934 390 1983 pascens.

221 1991 304 2037 31.
339 1989 628 2035 Daemones
640 1988 1067 2046 autemrogabant

159 2072 272 2105 eum
289 2056 544 2103 dicentes:
572 2055 628 2102 Si
647 2056 790 2112 ejici·
807 2068 905 2101 nos
923 2055 1063 2115 hinc,

156 2124 296 2172 mitte
313 2136 412 2169 noa
433 2124 487 2169 in
507 2136 715 2181 gregem
732 2135 1020 2181 porcorum.

221 2206 304 2251 32.
340 2204 410 2250 Et
428 2203 500 2249 ait
516 2204 645 2250 illis:
665 2202 762 2250 lte!
788 2202 949 2249 Atini
968 2216 1064 2251 ex·-

161 2275 336 2320 euntes
374 2270 610 2318 abierunt
649 2270 707 2317 in
752 2283 938 2329 porcos
951 2301 967 2331 ,
1015 2273 1068 2319 et

159 2339 302 2387 ecce!
323 2340 511 2397 impetu
531 2337 653 2385 abiit
667 2340 805 2384 totus
825 2350 956 2396 grex
973 2352 1066 2397 per

157 2419 403 2466 praeceps
422 2406 474 2451 in
493 2418 633 2453 mare
649 2419 664 2463 3
678 2406 729 2451 et
743 2406 932 2452 mortui
950 2408 1069 2452 sunt

157 2477 212 2521 in
231 2474 392 2531 aquia.

227 2542 309 2587 33.
345 2541 584 2586 Pastores
614 2540 780 2586 autem
797 2540 1065 2599 fugerunt3

159 2612 210 2655 et
227 2607 494 2654 venientes
512 2608 567 2653 in
579 2607 850 2668 civitatem,
861 2608 1067 2654 nuntia-

159 2678 346 2722 verunt
364 2675 550 2733 omnia,
571 2676 624 2720 et
641 2674 704 2721 de
723 2674 820 2735 eia,
841 2675 926 2732 qui
946 2674 1067 2721 dae-

159 2740 334 2789 monia
350 2742 646 2788 habuerant.

228 2823 310 2869 34.
349 2820 418 2868 Et
438 2819 580 2868 ecce!
612 2822 721 2866 tota
739 2820 918 2869 civita·
940 2822 1070 2869 exiit

161 2890 364 2937 obviam
374 2890 405 2934 J
409 2902 498 2935 esu
511 2904 526 2947 ς
541 2890 592 2934 et
601 2888 713 2934 viso
727 2902 788 2934 eo
800 2891 1066 2952 rogabant,

157 2962 214 3003 ut
229 2957 477 3004 transiret
494 2968 525 3001 a
541 2955 721 3003 finibus
741 2968 934 3002 eorum.

203 3070 220 3099 ⁸⁹
233 3084 278 3111 v.
293 3077 469 3113 98—34.
508 3073 640 3111 Marc.
663 3075 703 3117 ³,
721 3076 871 3111 1—17.
908 3071 1012 3111 Luc.
1027 3076 1068 3118 8,

155 3125 326 3159 26—37.
372 3119 396 3147 ²³
409 3121 515 3157 Luc.
533 3123 573 3163 4,
592 3123 656 3157 41.

273 3277 387 3333 Cap.
433 3276 569 3319 VIII.
655 3280 725 3320 25.

1968 169 2033 219 13

1422 306 1592 357 cAP.
1646 308 1742 359 IX.

1125 380 1434 434 Paralyticun.
1472 385 1695 428 Matthaei
1714 388 1907 429 vocatio.
1945 387 2035 430 Re-

1128 451 1343 492 sponsum
1388 437 1651 484 Pharisaei·
1699 447 1746 485 et
1794 441 2037 497 discipulis

1128 493 1367 548 Baptistae
1404 494 1572 536 datum.
1632 496 2031 550 Haemon-hoyum.

1124 547 1318 592 Puellae
1338 553 1540 592 mortuae
1557 551 1673 600 vita,
1695 555 1842 594 caecis
1862 554 2034 596 duobus

1125 605 1262 654 visus,
1284 607 1333 648 et
1352 604 1642 648 daemoniaco
1656 612 1779 649 muto
1796 607 1977 659 loquela
1988 615 2037 652 et

1378 661 1555 704 sanitas
1580 662 1781 704 reddita.

1194 733 1243 779 1.
1276 724 1373 778 Ἐὐ
1406 733 1687 780 ascendens
1731 735 1787 780 in
1821 737 2035 784 navicu-

1127 799 1247 859 lam,
1269 801 1635 862 transfretavit,
1658 803 1711 848 et
1726 803 1942 850 venitin
1962 805 2035 850 ci-

1127 867 1337 914 vitatem
1356 881 1512 914 enam.

1195 936 1243 980 2.
1277 933 1347 980 Et
1364 934 1504 982 ecce!
1527 936 1809 984 offerebant
1827 937 2037 995 eipara-

1126 1000 1337 1061 lyficum
1368 1002 1622 1060 iacentem
1660 1005 1714 1050 in
1751 1004 1903 1051 lecto.
1970 1005 2040 1050 Et

1127 1069 1307 1115 videns
1326 1070 1474 1116 Iesus
1492 1071 1639 1117 fidem
1658 1071 1887 1132 illorum,
1910 1071 2041 1118 dixit

1127 1135 1438 1196 paralytico:
1471 1139 1705 1198 confide,
1737 1138 1832 1186 fili!
1860 1139 2037 1186 remit-

1127 1207 1304 1250 tuntur
1323 1204 1411 1250 tibi
1433 1207 1641 1262 peccata
1656 1209 1759 1251 tua.

1197 1272 1245 1317 3.
1279 1269 1350 1315 Et
1366 1271 1507 1318 ecce!
1539 1272 1740 1330 quidam
1766 1272 1827 1318 de
1848 1273 2038 1320 Scribit

1129 1337 1373 1384 dixerunt
1399 1338 1534 1385 intra
1561 1351 1642 1386 se:
1678 1339 1775 1386 Hic
1802 1339 2039 1398 blasphe-

1130 1403 1254 1452 mat!

1196 1475 1244 1518 4.
1279 1471 1349 1518 Et
1384 1487 1497 1519 cum
1522 1473 1737 1521 vidisset
1762 1475 1911 1521 Jeaua
1948 1487 2040 1521 co-

1129 1539 1403 1598 gitationes
1423 1553 1600 1588 eorum
1611 1548 1666 1602 ¹⁷⁸,
1681 1542 1835 1588 dixit:
1848 1543 1915 1588 Ut
1922 1541 2043 1599 quid

1131 1620 1191 1654 co
1196 1607 1365 1665 gitatin
1376 1609 1507 1653 mala
1518 1609 1571 1654 in
1584 1609 1819 1656 cordibus
1832 1609 2042 1655 ventris?

1199 1677 1245 1721 5.
1285 1674 1418 1727 Quid
1454 1678 1533 1721 est
1568 1674 1794 1735 facilius,
1845 1675 2040 1721 dicere:

1129 1740 1462 1786 Dimittuntur
1488 1741 1580 1788 tibi
1604 1744 1813 1799 peccata
1831 1743 1943 1798 tua3
1974 1753 2040 1786 an

1133 1808 1327 1853 dicere:
1352 1808 1533 1867 Surge,
1555 1811 1608 1854 et
1625 1807 1855 1854 ambula?

1201 1876 1247 1920 6.
1284 1874 1350 1919 Ut
1367 1875 1534 1920 autem
1553 1874 1742 1933 sciatis,
1756 1875 1872 1930 quia
1880 1872 2041 1920 Fffiu·

1131 1940 1352 1988 hominis
1370 1940 1523 1988 habet
1539 1943 1841 1999 potestatem
1863 1941 1917 1988 in
1935 1944 2043 1988 ter-

1130 2023 1193 2056 ra
1229 2009 1509 2056 dimittendi
1543 2012 1779 2069 peccata,
1816 2012 1937 2056 tunc
1972 2009 2044 2055 ait

1131 2077 1441 2136 paralytico:
1484 2076 1671 2137 Surge!
1700 2077 1825 2125 tolle
1857 2077 2045 2124 lectum

1130 2149 1289 2206 tuum,
1311 2148 1363 2192 et
1380 2145 1509 2193 vade
1528 2145 1584 2191 in
1603 2144 1803 2194 domum
1822 2143 1981 2192 tuam!

1200 2214 1247 2258 7.
1282 2212 1351 2259 Et
1368 2213 1619 2274 surrexit,
1653 2216 1705 2261 et
1727 2214 1851 2261 abiit
1874 2214 1931 2260 in
1950 2213 2046 2260 do-

1132 2294 1269 2327 mum
1288 2294 1445 2327 suam.

1202 2350 1249 2395 8.
1284 2348 1527 2395 videntes
1557 2349 1725 2395 autem
1760 2350 1939 2395 turbae
1974 2348 2043 2393 ti-

1133 2418 1396 2475 muerunt,
1426 2418 1478 2463 et
1495 2415 1913 2474 glorificaverunt
1938 2415 2045 2461 De-

1135 2497 1237 2541 um,
1274 2483 1360 2540 qui
1395 2483 1532 2530 dedit
1563 2484 1869 2541 potestatem
1892 2481 2047 2527 talem

1135 2550 1439 2597 hominibus.

1204 2620 1251 2663 9.
1285 2617 1389 2662 ”Et
1406 2631 1519 2664 cum
1544 2618 1789 2664 transiret
1815 2614 1935 2662 inde
1951 2615 2044 2663 Je-

1137 2697 1249 2744 sua,
1280 2684 1408 2731 vidit
1426 2685 1684 2730 hominem
1712 2682 1972 2730 sedentem
1988 2684 2046 2730 in

1135 2750 1351 2811 telonio,
1370 2752 1682 2798 Matthaeum
1698 2750 1922 2797 nomine.
1974 2750 2047 2797 Et

1135 2819 1207 2864 ait
1224 2819 1326 2865 illi:
1360 2820 1583 2875 Sequere
1602 2815 1706 2865 mel
1734 2815 1804 2863 Et
1829 2830 2043 2877 surgens

1136 2888 1337 2933 secutus
1357 2888 1435 2932 eat
1452 2897 1581 2931 eum.

1181 2980 1252 3020 lv.
1277 2983 1399 3018 1-8.
1445 2979 1573 3017 Mare.
1599 2983 1638 3025 2,
1666 2984 1689 3019 1
1705 2986 1831 3019 -12.
1877 2984 1981 3021 Luc.
2006 2985 2044 3023 ⁵,

1133 3030 1304 3065 17-26-
1350 3034 1382 3053 Μ
1394 3026 1522 3065 Marc.
1540 3030 1577 3070 2,
1594 3029 1635 3067 8.
1659 3027 1761 3067 Luc.
1778 3032 1817 3073 6,
1834 3031 1872 3067 8.
1896 3028 1989 3067 Joh.
2006 3032 2045 3069 2,

1133 3076 1198 3113 24.
1216 3078 1290 3110 etc.
1353 3080 1432 3111 ἰ
1458 3077 1603 3113 9-17.
1648 3074 1779 3113 Marc.
1805 3080 1844 3119 2,
1870 3077 2042 3115 13—22.

1132 3119 1238 3157 Luc.
1255 3122 1295 3161 5,
1312 3122 1483 3161 27—89.

775 3284 824 3321 et
868 3282 1158 3322 accerserunt
1200 3285 1250 3322 et
1284 3282 1637 3325 mscintaverunt
1678 3294 1780 3325 eum
1826 3281 2044 3323 dicentes.

162 3336 231 3376 26.
263 3334 374 3377 dicit
392 3334 464 3377 eis
485 3334 633 3388 (deest
675 3334 863 3389 Jesus);
890 3334 1000 3378 ibid.
1031 3336 1154 3378 incre
1192 3335 1285 3378 avit
1307 3342 1459 3381 vento.
1517 3341 1586 3381 27.
1618 3342 1665 3380 et
1690 3335 1815 3379 venti
1846 3340 1893 3377 et
1922 3345 2045 3377 mare

163 3389 409 3433 oboediunt
429 3389 490 3431 ei.
567 3392 637 3431 30.
671 3402 786 3441 grex
815 3402 1050 3443 porcorum
1079 3404 1152 3432 mu
1173 3396 1316 3435 torum

165 3444 307 3487 mitte.
375 3448 450 3487 33.
482 3448 534 3486 et
557 3445 614 3487 de
642 3442 727 3487 his.
869 3444 957 3487 lx.

1029 3451 1071 3489 2.
1105 3447 1279 3490 confide
1306 3449 1407 3490 fiii.
1476 3453 1517 3491 5.

1382 3405 1553 3436 ascens.
1621 3396 1691 3434 31.
1726 3392 1764 3435 si
1792 3390 1921 3441 ejicis
1949 3402 2044 3436 nos,

1548 3451 1739 3503 peccata
1770 3449 1851 3487 aut
1878 3444 2043 3487 ‹licere-

164 3503 204 3542 6.
236 3505 288 3543 ut
305 3500 465 3543 sciatis
486 3503 649 3549 autem,
669 3501 890 3556 quoniam.
949 3504 990 3544 9.
1023 3500 1229 3546 teloneo:
1258 3502 1364 3547 ibid.
1386 3502 1648 3546 Mattheum·
