2376 3925
673 163 1215 216 MATTHAEUS.
1290 163 1458 215 cAP.
1498 164 1581 214 13.
2006 163 2074 214 23

177 271 334 316 Jesus
363 267 418 312 in
443 265 705 324 parabolis
734 266 795 310 ad
813 268 1014 322 turbas3
1046 267 1100 311 et

179 336 296 430 εἱιιῖ.
343 333 602 393 parabolis
647 345 753 378 non
796 332 1096 390 loquebatur

183 415 258 450 eis
307 416 321 458 ;

250 471 334 514 35.
375 471 428 514 ut
438 467 750 526 impleretur,
765 466 900 524 quod
913 465 1098 512 dictum

181 539 298 583 erat
331 547 426 592 per
473 534 776 592 Prophetam
823 533 1096 579 dicentem:

182 602 469 664 „Aperiam
487 602 542 647 in
561 600 815 659 parabolis
836 613 895 645 os
913 614 1098 659 meum,

183 672 470 732 „eructabo
491 667 785 714 abscondita
801 681 833 714 a
851 668 1100 714 constitn-

183 739 368 799 „tione
388 728 645 782 mundi.“1

255 807 338 851 36.
377 801 764 863 Tunc,dimissis
777 801 1104 862 turbis,venit

184 875 246 920 in
267 873 494 929 domum;
515 873 568 916 et
577 872 904 917 accesserunt
912 869 972 914 ad
987 883 1102 915 eum

187 939 424 997 discipuli
443 939 575 996 ejus,
597 937 822 984 dicentes
835 950 847 982 :
860 937 1101 982 Edissere

187 1007 342 1056 nobis
349 1005 638 1065 parabolam
654 1005 965 1050 zizaniorum
975 1003 1101 1061 agri.

263 1076 341 1120 37.
381 1074 482 1127 Qui
515 1072 834 1130 respondens
871 1071 942 1117 ait
969 1071 1100 1116 illis:

191 1143 296 1198 Qui
321 1141 536 1188 seminat
573 1143 761 1187 bonum
789 1153 989 1198 semen,
1029 1139 1107 1184 est

187 1210 353 1257 Filius
375 1209 612 1254 hominis.

259 1279 342 1324 38.
380 1278 520 1334 Ager
555 1277 722 1321 autem
758 1277 836 1321 est
871 1273 1104 1319 mundus.

189 1347 396 1392 Bonum
425 1357 552 1390 vero
575 1355 775 1401 semen,
806 1342 859 1388 hi
879 1343 998 1388 sunt
1015 1340 1106 1386 filii

191 1413 347 1472 regni
355 1419 411 1457 m.
467 1411 680 1456 Zizania
691 1412 875 1468 autem,
886 1409 978 1456 filii
991 1409 1108 1454 sunt

193 1485 465 1538 nequamn.

265 1550 348 1594 39.
384 1545 622 1592 Inimicus
643 1547 827 1603 antem,
849 1543 935 1601 qui
953 1542 1107 1588 semi-

193 1615 344 1662 navit
379 1627 464 1673 ea,
503 1615 580 1659 est
609 1612 854 1658 diabolus.
923 1609 1108 1656 Messis

193 1695 360 1742 vero,
401 1679 766 1728 consummatio
797 1678 989 1726 saeculi
1017 1679 1108 1723 est.

193 1753 463 1798 Messores
483 1751 664 1808 autem,
685 1747 858 1806 angeli
877 1747 1009 1792 sunt.

267 1819 355 1863 40.
411 1816 549 1863 Sicut
609 1829 736 1874 ergo
802 1813 1112 1870 colliguntur

195 1884 423 1943 zizania,
438 1886 488 1930 et
505 1883 613 1942 igni
633 1882 1023 1937 comburuntur3
1039 1878 1111 1924 sic

195 1955 301 2003 erit
317 1953 374 2000 in
395 1951 831 1999 consummatione
850 1947 1059 1996 saeculi.

261 2024 348 2069 41.
386 2021 560 2067 Mittet
576 2020 707 2066 filius
718 2018 938 2064 hominis
950 2029 1111 2074 ange-

193 2093 276 2139 los
307 2102 458 2148 suos,
499 2090 553 2134 et
582 2087 830 2145 colligent
856 2086 916 2131 de
945 2098 1110 2142 regno

193 2161 310 2218 eius
331 2156 505 2203 omnia
524 2154 787 2213 scandala,
818 2156 868 2199 et
887 2166 977 2199 eos
990 2183 1005 2213 ,
1027 2152 1114 2209 qui

193 2227 395 2274 faciunt
411 2223 746 2281 iniquitatem,

261 2296 349 2339 42.
387 2295 439 2338 et
457 2292 658 2337 mittent
678 2301 768 2335 eos
788 2287 842 2333 in
862 2286 1111 2334 caminum

190 2361 353 2420 ignis.
420 2360 497 2406 Ibi
524 2358 624 2405 erit
649 2358 824 2415 fletus,
855 2358 906 2400 et
925 2354 1113 2400 stridor

193 2428 442 2477 dentium.

264 2497 352 2542 43.
391 2498 532 2541 Tunc
549 2493 681 2551 justi
699 2491 967 2550 fulgebunt
983 2488 1115 2535 sicut

195 2564 282 2613 sol
300 2564 358 2610 in
375 2576 536 2621 regno
556 2560 722 2607 Patris
743 2572 920 2606 eorum
930 2563 968 2603 ⁰.
1015 2557 1116 2609 Qui

193 2633 357 2679 habet
373 2644 522 2677 aures
541 2628 797 2687 audiendi,
820 2625 1012 2673 audiat!

266 2701 352 2745 44.
389 2698 563 2746 Simile
594 2699 672 2744 est
703 2708 919 2753 regnum
938 2692 1114 2740 coelo-

195 2780 320 2815 rum
337 2766 578 2813 thesauro
591 2763 888 2811 abscondito
901 2762 956 2807 in
969 2773 1113 2820 agro,

197 2848 356 2893 quem
373 2834 460 2892 qui
477 2832 680 2879 invenit
696 2831 850 2877 homo
863 2860 878 2889 ,
899 2831 1116 2875 abscon-

201 2902 293 2962 dit,
318 2906 371 2949 et
388 2914 512 2961 prae
533 2898 718 2959 gaudio
739 2898 877 2945 illius
897 2896 1054 2956 vadit,
1068 2897 1119 2941 et

199 2970 387 3018 vendit
414 2968 685 3025 universa,
713 2978 842 3024 quae
861 2964 1037 3022 habet,
1070 2966 1119 3007 et

201 3038 334 3085 emit
351 3049 531 3096 agrum
549 3034 708 3081 illum.

271 3106 357 3151 45.
391 3105 583 3151 Iterum
609 3100 776 3148 simile
803 3100 883 3145 est
905 3110 1122 3155 regnum

252 3211 276 3240 Β
291 3212 420 3251 Mne.
441 3215 481 3254 4,
499 3215 560 3249 33.
581 3220 640 3257 sq.
688 3208 702 3235 ¹
719 3208 902 3253 Ps.77‚2.
949 3213 980 3232 ’¹⁸
997 3204 1120 3243 lcor.
1187 3205 1311 3241 1—6.
1373 3208 1393 3229 *
1412 3214 1445 3241 c.
1464 3206 1501 3245 2,
1519 3206 1579 3241 23.

200 3265 243 3303 3,
261 3264 300 3299 9.
349 3267 370 3285 ’¹
389 3264 411 3296 1
428 3258 523 3294 Joh.
541 3262 581 3298 3,
597 3260 633 3294 8.
683 3263 702 3281 ⁰
717 3255 824 3291 Dm.
843 3258 904 3296 12,
921 3257 956 3291 3.

1166 265 1431 312 coelorum
1489 267 1685 313 homini
1742 267 2074 325 negotiatori,

1165 333 1434 391 quaerenti
1452 335 1612 379 bonas
1629 335 1948 394 margaritas,

1232 403 1316 446 46.
1352 400 1563 446 inventa
1574 404 1740 448 autem
1756 415 1860 447 una
1876 401 2075 460 pretio-

1165 480 1224 512 sa
1252 468 1555 526 margarita,
1586 469 1732 527 abiit,
1764 473 1815 514 et
1846 469 2079 515 vendidit

1167 535 1357 594 omnia,
1380 548 1508 592 quae
1530 535 1717 594 habuit,
1740 539 1791 581 et
1809 537 1929 582 emit
1946 550 2073 583 eam.

1232 604 1316 648 47.
1352 604 1541 648 Iterum
1570 601 1733 648 simile
1764 605 1839 648 est
1860 617 2077 662 regnum

1169 670 1433 715 coelorum
1453 683 1673 727 sagenae
1692 669 1875 715 missae
1895 670 1950 716 in
1966 683 2077 716 ma-

1166 749 1245 796 re,
1284 739 1336 783 et
1362 749 1430 782 ex
1463 737 1601 782 omni
1638 750 1829 796 genere
1868 737 2079 794 piscium

1170 805 1507 862 congreganti
1516 809 1565 864 Ρ,

1236 873 1319 917 48.
1356 884 1529 931 quam,
1560 885 1673 918 cum
1701 871 1908 929 impleta
1926 873 2079 930 esset,

1170 939 1461 998 educentes,
1476 941 1527 985 et
1536 953 1681 986 secus
1693 939 1832 984 littus
1844 938 2080 985 sedentes

1171 1006 1438 1065 elegerunt
1464 1009 1628 1053 bonos
1657 1006 1712 1052 in
1738 1019 1889 1066 vasa,
1918 1005 2081 1052 malos

1171 1076 1338 1120 autem
1359 1075 1499 1120 foras
1518 1075 1783 1120 miserunt.
2013 1112 2017 1116 .

1238 1143 1321 1186 49.
1360 1142 1444 1188 Sic
1465 1142 1563 1187 erit
1581 1142 1635 1186 in
1648 1141 2082 1188 consummatione

1174 1208 1391 1254 saeculi:
1414 1208 1629 1253 exibunt
1646 1207 1836 1266 angeli,
1861 1211 1913 1254 et
1932 1223 2082 1266 sepa-

1171 1278 1358 1322 rabunt
1375 1274 1535 1320 malos
1557 1275 1617 1321 de
1636 1275 1803 1320 medio
1810 1276 2082 1335 justorum,

1243 1344 1323 1388 50.
1360 1344 1412 1388 et
1428 1343 1629 1388 mittent
1647 1355 1737 1388 eos
1756 1342 1810 1388 in
1837 1343 2084 1389 caminum

1174 1410 1337 1469 ignis3
1377 1410 1445 1456 ibi
1477 1409 1578 1456 erit
1604 1411 1769 1470 fletus,
1809 1412 1862 1457 et
1896 1411 2086 1457 stridor

1176 1477 1416 1524 dentium.

1244 1547 1325 1590 51.
1361 1544 1697 1592 Intellexistis
1726 1545 1854 1592 haec
1884 1545 2088 1593 omnia?

1174 1613 1366 1660 Dicunt
1386 1613 1458 1657 ei:
1480 1611 1668 1658 Etiam!

1246 1682 1327 1725 52.
1362 1681 1449 1725 Ait
1467 1679 1593 1725 illis:
1625 1678 1746 1724 Ideo
1774 1679 1939 1724 omnis
1959 1680 2088 1725 scri-

1177 1750 1241 1793 ba
1262 1747 1438 1792 doctus
1459 1747 1513 1792 in
1531 1758 1695 1804 regno
1718 1745 1995 1806 coelorum,
2018 1747 2090 1791 si-

1177 1813 1313 1862 milis
1358 1816 1436 1858 est
1478 1813 1674 1859 homini
1719 1812 2089 1872 patrifamilias,

1180 1881 1269 1938 qui
1286 1882 1485 1938 profert
1505 1879 1566 1925 de
1586 1878 1826 1925 thesauro
1840 1891 1933 1926 suo
1952 1893 2091 1926 nova

1181 1951 1233 1996 et
1250 1952 1446 1995 vetera.

1248 2018 1331 2063 53.
1364 2016 1436 2061 Et
1460 2016 1649 2062 factum
1678 2018 1781 2074 est,
1822 2028 1934 2062 cum
1962 2028 2089 2063 con-

1180 2087 1481 2133 summasset
1497 2085 1529 2130 J
1531 2096 1646 2130 esus
1659 2084 1928 2141 parabolas
1948 2084 2089 2144 istas,

1177 2153 1384 2200 transiit
1402 2151 1536 2199 inde.

1250 2223 1330 2267 54.
1366 2225 1389 2263 4
1399 2220 1467 2265 Et
1484 2218 1700 2266 veniens
1713 2218 1765 2264 in
1779 2219 1991 2277 patriam
2004 2232 2090 2265 su-

1181 2302 1262 2334 am
1272 2294 1312 2347 ¹¹,
1353 2288 1567 2333 docebat
1603 2300 1693 2332 eos
1729 2286 1784 2331 in
1814 2287 2091 2345 synagogis

1182 2368 1377 2413 eorum,
1394 2356 1465 2400 ita
1480 2357 1538 2400 ut
1554 2355 1877 2412 mirarentur,
1892 2357 1944 2399 et
1954 2355 2091 2400 dice-

1182 2426 1323 2470 rent:
1354 2423 1497 2468 Unde
1525 2422 1643 2468 huic
1673 2421 1921 2478 sapientia
1947 2422 2092 2477 haec,

1181 2493 1235 2537 et
1252 2490 1467 2537 virtutes
1478 2490 1502 2535 Φ

1252 2561 1331 2603 55.
1368 2558 1553 2603 Nonne
1572 2556 1654 2602 hic
1668 2560 1745 2603 est
1762 2555 1893 2601 fabri
1911 2555 2095 2602 filius⁸3

1184 2628 1370 2672 Nonne
1389 2626 1549 2671 mater
1570 2625 1681 2682 ejus
1702 2624 1884 2669 dicitur
1895 2624 2095 2670 Maria‘.²

1185 2698 1238 2741 et
1264 2691 1479 2739 fratrest
1504 2692 1643 2751 ejus,
1681 2691 1900 2737 Jacobus
1930 2694 1982 2737 et
1998 2693 2093 2738 Jo-

1185 2762 1328 2819 seph,
1352 2764 1403 2807 et
1422 2760 1616 2816 Simon,
1640 2761 1690 2803 et
1707 2757 1895 2803 sudas?

1256 2831 1335 2873 56.
1371 2827 1441 2872 Et
1477 2836 1685 2871 sorores
1734 2824 1843 2882 ejus
1857 2856 1871 2883 ,
1920 2839 2095 2872 nonne

1188 2907 1363 2941 omnes
1385 2892 1517 2951 apud
1535 2903 1631 2937 nos
1642 2892 1791 2938 sunt?
1808 2894 1950 2940 Unde
1970 2906 2095 2953 ergo

1186 2962 1305 3008 huic
1326 2960 1496 3006 omnia
1515 2960 1643 3005 ista?

1257 3029 1337 3073 57.
1369 3026 1437 3073 Et
1448 3026 1918 3074 scandalizabantur
1938 3028 1992 3073 in
2013 3040 2093 3073 eo.

1235 3164 1259 3191 P
1281 3167 1315 3193 c·
1340 3158 1402 3198 22,
1428 3160 1487 3193 1⁰0
1566 3162 1583 3191 q
1601 3168 1642 3193 vs
1669 3158 1785 3195 ⁵4—
1802 3159 1860 3195 58·
1900 3155 2027 3192 MEW·
2056 3158 2094 3199 ⁶,

1638 3209 1655 3229 ⁸
1671 3204 1773 3241 Luc.
1790 3206 1831 3246 4,
1849 3205 1907 3241 22.
1950 3200 2039 3239 Joh.
2057 3205 2095 3243 6,

1187 3252 1251 3287 42.
1297 3250 1317 3275 θ
1334 3260 1367 3287 c.
1386 3252 1447 3293 12,
1463 3253 1524 3287 46.
1544 3260 1630 3297 sqq.
1653 3250 1784 3287 Marc.
1798 3252 1836 3292 6,
1853 3253 1888 3286 3.

328 3398 598 3461 capy-111.
617 3402 786 3440 34.ιιοιι
803 3395 1074 3448 loquebatur
1085 3391 1152 3435 eis
1167 3390 1336 3435 dicens.
1364 3394 1493 3433 :ibant
1505 3388 1845 3445 adimpleretur.
1874 3388 1945 3429 36.
1958 3386 2100 3455 disse:

210 3476 279 3507 re.
309 3464 378 3504 37.
393 3454 679 3514 respondens
698 3454 764 3495 ait
785 3452 929 3505 (deest
945 3448 1079 3505 illis).
1106 3450 1176 3491 43.
1196 3448 1273 3503 qul
1292 3446 1431 3489 habet
1449 3458 1594 3494 aures,
1616 3446 1785 3486 audiat.
1815 3445 1883 3483 47.
1898 3455 2099 3509 expmm

215 3522 362 3576 (deest
378 3517 466 3572 et).
498 3516 569 3557 50.
588 3514 635 3553 et
653 3510 836 3554 mittent
853 3506 968 3559 ignis
982 3508 1086 3563 (per
1104 3504 1327 3559 morem)
1340 3503 1388 3546 in
1400 3503 1623 3546 caninum
1636 3500 1767 3552 ignis·
1798 3501 1865 3539 54.
1882 3500 1929 3541 et
1938 3501 2097 3540 virtus.
