2376 3925
267 137 367 188 272
451 130 679 184 EPIST.
716 126 929 178 PAULI
961 125 1058 176 AD
1095 119 1539 174 CORINTHIOS
1572 119 1617 170 Ι.
1653 120 1803 171 CAP.
1825 121 2011 171 10.11.

269 195 2163 224 ...-.----———--—--————-——-—-————-—

335 240 419 284 22.
451 237 531 282 An
551 231 855 280 aemulamur
867 227 1166 274 Dominum?

269 303 508 362 numquid
541 299 782 347 fortiores
826 296 918 342 illo
969 293 1168 340 sumus!

273 373 440 419 omnia
451 369 572 415 mihi
589 366 762 424 licent,
775 364 863 411 sed
881 375 988 408 non
1001 360 1170 407 omnia

272 437 561 497 expediunt.

338 507 419 551 23.
466 501 646 549 Omnia
688 498 811 546 mihi
853 496 1034 553 licent,
1081 491 1169 539 sed

271 587 378 620 non
397 570 568 618 omnia
585 567 863 614 aedificant.

338 641 419 685 24.
452 638 614 684 Nemo
627 666 642 694 ,
697 632 828 690 quod
879 641 1024 674 suum
1075 626 1168 685 est,

272 707 497 765 quaerat,
519 703 607 750 sed
625 700 757 760 qnod
778 696 1001 743 alterius.

337 776 420 820 25.
456 774 642 828 Omne,
687 765 821 824 quod
862 764 917 810 in
957 760 1170 807 macello

271 841 460 900 vaenit,
479 835 771 884 manducate
782 837 838 890 W,
865 829 994 876 nihil
1011 829 1172 874 inter-

270 911 513 966 rogantes
532 904 741 962 propter
763 896 1138 945 conscientiam.

339 978 419 1020 26.
456 969 698 1031 „Domini
717 969 793 1014 est
810 968 971 1023 terra,
995 966 1046 1010 et
1063 962 1174 1020 ple-

273 1039 487 1104 „nitudo
507 1033 715 1095 ejus³“.

339 1109 420 1153 27.
457 1105 514 1152 Si
531 1103 642 1160 quis
663 1102 812 1148 vocat
839 1113 931 1145 vos
957 1096 1176 1144 infideli-

273 1190 376 1233 um,
417 1175 468 1220 et
503 1171 654 1218 vultis
691 1170 798 1226 ire3
837 1180 1006 1225 omne,
1044 1163 1178 1222 quod

275 1241 421 1288 vobis
440 1237 735 1298 apponitur,
754 1234 1048 1281 manducate
1061 1262 1075 1290 ‚
1095 1231 1178 1276 ni*-

277 1309 352 1356 hil
369 1307 744 1364 interrogantes
754 1303 963 1361 propter
979 1297 1179 1347 consci-

281 1376 482 1424 entiam.

347 1445 428 1486 28.
466 1440 520 1486 Si
539 1438 650 1495 quis
669 1439 834 1482 autem
847 1431 1180 1480 dixerittlloc

279 1507 586 1556 immolatum
598 1506 674 1550 est
685 1502 832 1548 idolis
845 1500 855 1545 Ξ
867 1500 1028 1544 nolite
1037 1510 1181 1542 man-

282 1576 492 1631 ducare,
524 1574 730 1629 propter
749 1567 886 1614 illum
902 1597 916 1625 ‚
945 1565 1031 1622 qui
1048 1563 1183 1610 indi-

284 1643 432 1699 cavit,
454 1642 504 1686 et
522 1639 730 1697 propter
749 1633 1136 1690 conscientiam3

351 1711 433 1754 29.
469 1704 831 1754 conscientiam
865 1703 1032 1748 autem
1071 1699 1182 1745 dico

284 1790 390 1825 non
409 1780 562 1834 tuam,
585 1773 674 1820 sed
691 1771 916 1818 alterius.
983 1769 1050 1813 Ut
1068 1765 1186 1824 quid

287 1845 422 1893 enim
457 1844 663 1890 libertas
700 1853 813 1886 mea
843 1837 1096 1896 judicatur
1125 1836 1186 1880 ab

287 1914 455 1959 aliena
475 1906 820 1956 conscientia?

357 1981 436 2025 30.
475 1979 529 2024 Si
549 1990 645 2035 ego
667 1989 780 2021 cum
798 1972 961 2031 gratia
979 1969 1187 2028 partici-

286 2044 499 2105 po‚quid
518 2042 835 2099 blasphemor
854 2050 947 2095 pro
959 2050 1040 2095 eo,
1057 2034 1191 2093 quod

290 2111 476 2170 gratias
497 2122 594 2165 ago
609 2108 630 2151 2

355 2177 434 2221 31.
457 2174 574 2219 Sive
597 2184 719 2229 ergo
739 2167 1064 2227 manducatis,
1079 2166 1190 2213 sive

286 2241 480 2299 bibitis,
521 2240 629 2285 sive
666 2236 802 2283 aliud
839 2235 956 2291 quid
993 2234 1188 2293 facitis3

291 2308 458 2355 omnia
479 2307 530 2352 in
549 2304 764 2364 gloriam
781 2303 878 2349 Dei
896 2302 1046 2348 facite
1057 2306 1105 2346 θ’.

355 2378 436 2423 32.
471 2375 592 2421 Sine
613 2370 896 2419 offensione
919 2370 1079 2415 estote
1098 2370 1193 2414 Ju-

290 2445 454 2503 daeis,
486 2444 538 2489 et
565 2440 831 2498 Gentibus,
863 2440 914 2483 et
930 2437 1193 2485 Ecclesiae

290 2513 412 2559 Dei·

359 2545 439 2625 33.
494 2577 624 2624 sicut
661 2576 711 2620 et
749 2587 845 2631 ego
883 2586 976 2631 per
1025 2573 1195 2619 omnia

292 2647 522 2692 omnibus
551 2644 756 2702 placeo,
786 2654 893 2686 non
925 2652 1193 2697 quaerens,

293 2711 426 2769 quod
460 2712 584 2757 mihi
629 2709 752 2755 utile
785 2709 888 2766 est,
936 2707 1024 2753 sed
1061 2706 1195 2763 quod

291 2777 478 2835 multis,
497 2780 553 2823 ut
571 2778 700 2823 salvi
719 2778 852 2823 fiant.

585 2888 754 2938 CAP.
808 2885 902 2937 XI.

296 2972 366 3013 De
385 2967 532 3017 modo,
544 2980 628 3017 quo
647 2969 717 3009 vir
735 2974 781 3010 et
799 2966 958 3010 mulier
977 2968 1035 3009 ad
1049 2967 1195 3009 Deum

295 3036 454 3082 preces
485 3022 678 3064 fundere
717 3023 904 3073 debent3
945 3024 1000 3065 de
1039 3033 1195 3064 sacrae

317 3104 428 3179 4¹⁰6&
447 3096 487 3137 8,
502 3096 538 3130 8.
587 3099 614 3117 ²¹
630 3092 698 3127 Pa.
715 3095 776 3133 23,
796 3097 832 3130 1.
879 3100 902 3127 Y
921 3105 954 3130 c.
972 3096 1009 3135 8,
1027 3097 1063 3130 9.
1079 3092 1195 3127 Rom.

294 3149 316 3180 1
344 3167 359 3185 ‚
403 3168 412 3178 .

1236 231 1401 262 coenae
1428 219 1711 262 institutione
1743 224 1791 260 et
1818 219 1875 262 de
1916 221 2163 272 gravitate

1236 275 1422 318 sceleris
1457 273 1885 372 indigniisltnldllam
1922 275 2163 320 acceden-

1304 439 1349 483 1.
1385 437 1669 482 Imitatores
1689 437 1792 484 mei
1811 439 1992 498 estote,
2013 438 2165 485 sieut

1239 506 1290 551 et
1309 518 1406 562 ego
1428 503 1630 550 Christi.

1306 573 1353 616 2.
1388 571 1563 617 Laudo
1583 571 1751 616 autem
1772 584 1897 632 vos,
1935 574 2159 620 fratres!

1238 639 1373 696 quod
1407 651 1499 696 per
1544 638 1714 684 omnia
1756 640 1860 685 mei
1896 653 2159 687 memores

1238 705 1359 752 estis
1373 720 1388 765 3
1402 708 1453 752 et
1470 705 1599 752 sicut
1616 705 1801 753 tradidi
1820 707 2153 767 vobis,prae·

1239 776 1385 830 cepta
1402 786 1515 818 mea
1535 773 1735 819 tenetis.

1306 854 1353 898 3.
1388 853 1520 898 Volo
1542 855 1709 898 autem
1730 865 1821 898 vos
1842 854 1996 914 scire,
2016 855 2157 912 quod

1241 919 1403 966 omnis
1441 920 1544 966 viri
1580 922 1729 978 caput
1764 921 1996 966 Christus
2030 926 2123 968 est
2138 938 2159 980 ;

1242 989 1391 1045 caput
1408 990 1573 1034 autem
1590 987 1839 1047 mulieris,
1861 988 1966 1046 vir3
2000 992 2165 1046 caput

1244 1068 1367 1101 vero
1389 1055 1593 1114 Christi,
1612 1054 1770 1101 Deus.

1309 1138 1357 1181 4.
1394 1133 1568 1180 Omnis
1602 1134 1680 1180 vir
1722 1148 1870 1182 orans
1906 1137 1992 1180 aut
2018 1148 2161 1192 pro-

1244 1203 1487 1260 phetansz
1509 1201 1677 1248 velato
1700 1203 1889 1262 capite,
1918 1201 2162 1260 deturpat

1247 1271 1395 1327 caput
1413 1282 1572 1315 suum.

1314 1339 1361 1382 5.
1400 1335 1573 1381 Omnis
1594 1336 1761 1382 autem
1786 1335 1970 1383 mulier
1997 1348 2155 1383 orans

1247 1406 1334 1449 aut
1352 1403 1659 1461 prophetans
1688 1417 1796 1448 non
1825 1404 1996 1450 velato
2016 1404 2160 1462 capi-

1248 1473 1316 1529 te,
1357 1471 1587 1528 deturpat
1624 1473 1773 1528 caput
1801 1483 1967 1530 suum,
2002 1485 2160 1518 unum

1251 1537 1385 1584 enim
1405 1540 1499 1596 est,
1520 1551 1579 1584 ac
1598 1537 1642 1583 si
1662 1537 1974 1584 decalvetur.

1318 1621 1365 1663 6.
1399 1618 1529 1663 Nam
1546 1618 1591 1664 si
1615 1631 1723 1664 non
1742 1617 1943 1666 velatur
1960 1619 2165 1677 mulier,

1252 1686 1537 1732 tondeatur.
1576 1685 1631 1731 Si
1644 1698 1770 1732 vero
1784 1687 1933 1743 turpe
1954 1687 2037 1732 est
2050 1700 2163 1738 mn?

1251 1752 1370 1799 lieri
1386 1751 1615 1811 tonderi,
1648 1754 1736 1798 aut
1754 1752 2041 1813 decalvari,
2068 1767 2163 1800 ve-

1253 1821 1325 1868 let
1345 1821 1493 1878 caput
1510 1833 1671 1865 sunm.

1323 1890 1371 1933 7.
1403 1887 1494 1932 Vir
1514 1886 1713 1943 quidem
1732 1900 1839 1932 non
1861 1887 2012 1934 debet
2021 1888 2167 1935 vela-

1254 1970 1312 2002 re
1342 1956 1491 2013 caput
1516 1969 1686 2013 sumn3
1724 1954 1967 2013 quoniam
1997 1955 2166 2015 imago

1257 2025 1307 2069 et
1336 2023 1500 2080 gloria
1528 2023 1627 2069 Dei
1655 2025 1749 2083 est,
1785 2022 1973 2071 mulier
2000 2027 2169 2071 autem

1258 2090 1423 2149 gloria
1444 2090 1542 2136 viri
1561 2092 1654 2136 est.

1325 2159 1371 2202 8.
1404 2158 1522 2203 Non
1560 2157 1695 2203 enim
1730 2158 1809 2204 vir
1848 2171 1917 2206 ex
1952 2158 2171 2207 muliere

1259 2226 1352 2283 est,
1373 2224 1463 2270 sed
1480 2224 1661 2271 mulier
1682 2238 1749 2273 ex
1766 2225 1898 2272 viro.

1327 2308 1373 2351 9.
1406 2305 1611 2353 Etenim
1640 2319 1746 2352 non
1772 2307 1849 2351 est
1868 2310 2071 2354 creatus
2096 2308 2173 2353 vir

1258 2374 1468 2430 propter
1510 2372 1798 2432 mulierem3
1843 2372 1936 2419 sed
1985 2374 2174 2421 mulier

1260 2442 1469 2498 propter
1490 2440 1700 2486 virumss.

1328 2508 1407 2551 10.
1460 2507 1581 2554 Ideo
1620 2508 1766 2554 debet
1799 2506 1985 2553 mulier
2020 2509 2173 2565 pote-

1261 2575 1441 2620 statem
1469 2574 1654 2621 habere
1682 2587 1835 2632 supra
1866 2578 2019 2633 caput
2043 2588 2173 2632 pro-

1259 2643 1371 2699 pter
1388 2640 1631 2698 Angelos.

1328 2709 1409 2754 11.
1435 2708 1791 2754 Verumtamen
1810 2721 1979 2764 neque
1999 2708 2081 2755 vir
2101 2710 2173 2754 si—

1259 2789 1325 2821 ne
1361 2773 1597 2833 muliere,
1633 2788 1799 2831 neque
1834 2775 2023 2821 mulier
2058 2776 2173 2821 sine

1263 2842 1373 2887 viro
1394 2842 1448 2887 in
1464 2841 1704 2887 Domino.

1328 2910 1407 2955 12.
1442 2908 1565 2953 Nam
1588 2908 1720 2955 sicut
1748 2908 1932 2955 mulier
1952 2908 2015 2955 de
2034 2908 2173 2968 viro,

1263 2975 1333 3021 ita
1360 2978 1411 3021 et
1438 2975 1517 3021 vir
1546 2988 1639 3033 per
1665 2974 1960 3035 mulierem;
2001 2977 2177 3023 omnia

1262 3045 1428 3088 autem
1450 3054 1518 3089 ex
1534 3042 1663 3089 Deo.

1308 3145 1325 3163 ¹
1345 3150 1378 3177 c.
1397 3140 1459 3182 14,
1476 3142 1514 3177 3.
1559 3144 1581 3165 ·
1602 3137 1705 3175 Gen.
1720 3141 1759 3181 2,
1777 3140 1836 3175 18.

411 3290 526 3344 Cap.
557 3285 620 3329 X.
677 3290 744 3328 22.
777 3283 1071 3335 aemulemun
1098 3285 1207 3329 ibid.
1226 3286 1375 3328 omnia
1392 3284 1535 3329 licent
1555 3286 1697 3341 (deest
1712 3284 1861 3340 mihi).
1922 3288 1990 3327 23.
2020 3288 2178 3328 omnia

298 3344 441 3387 licent
478 3348 622 3400 (deest
653 3340 802 3393 mihi).
859 3343 930 3381 28.
957 3339 1249 3384 immolatium
1290 3341 1387 3395 (sic,
1428 3346 1548 3385 deest
1582 3344 1692 3396 est).

300 3398 416 3441 aliut
443 3401 564 3453 quid.
623 3401 691 3439 33.
731 3406 934 3447 querens.

1750 3344 1819 3383 29.
1852 3342 1909 3382 ab
1934 3340 2041 3382 alia.
2102 3344 2176 3383 31.

1053 3392 1142 3437 xl.
1208 3401 1249 3439 2.
1292 3398 1407 3448 quod
1436 3400 1585 3440 omnia
1615 3398 1758 3450 (deest
1782 3397 1903 3452 per).
1964 3400 2005 3438 5.
2036 3408 2178 3439 unum

301 3456 373 3492 est
389 3456 522 3496 enim.
581 3457 620 3496 6.
653 3455 699 3495 ct
717 3450 969 3492 tondeatur.
1024 3452 1066 3491 7.
1096 3449 1249 3494 velare
1269 3457 1404 3505 caput
1426 3453 1569 3505 (deest
1586 3452 1748 3506 suum).
