2376 3925
692 154 1235 220 MATTHAEUS.
1308 170 1476 222 CAP.
1516 175 1600 222 27.

274 271 323 316 3.
360 271 503 315 Tunc
557 268 739 314 videns
788 268 973 328 Judss,
1026 269 1114 326 qui

2023 177 2090 228 49

1249 274 1331 319 14.
1363 273 1432 318 Et
1450 287 1557 320 non
1575 277 1842 335 respondit
1859 279 1908 324 ei
1927 279 1990 324 ad
2008 279 2089 325 ul-

204 350 317 383 enm
336 335 571 395 tradidit,
593 335 730 392 quod
747 335 1007 382 damnatus
1026 349 1111 382 es·-
1179 337 1286 384 lum
1325 343 1565 403 verbum,
1617 343 1692 390 ita
1729 347 1785 391 ut
1817 346 2088 393 miraretur

202 405 298 463 set,
308 403 631 462 poenitentia
640 402 812 450 ductus
820 403 1000 450 retulit
1014 403 1113 450 tri-

202 470 345 529 ginta
370 473 647 528 argenteos
677 471 988 530 principibus
1016 472 1111 518 Ss-

200 537 467 584 cerdotum
488 539 540 584 et
560 538 873 598 Senioribus,

263 607 317 650 4.
352 604 556 650 dicens:
606 605 847 652 Peccavi!
904 605 1109 651 tradens

197 671 501 730 sanguinem
513 672 719 728 justum.
788 674 853 717 At
866 671 943 718 illi
959 672 1108 718 dixe-

196 741 344 786 runt:
370 739 503 792 Quid
522 737 583 784 ad
602 739 733 786 nos!
752 741 809 785 tu
826 739 1039 787 videris!

264 825 315 869 5.
348 821 418 869 Et
460 823 709 880 projectis
760 822 1017 882 argenteis
1052 823 1107 870 in

196 889 389 946 templo
408 891 649 949 recessit5
665 892 716 936 et
725 891 900 937 abiens
920 890 1103 948 laqueo

199 970 258 1004 se
278 957 549 1015 suspendit.

268 1025 315 1068 6.
345 1024 609 1083 Principes
649 1027 819 1072 sutem
852 1025 1106 1072 Sacerdo-

195 1093 321 1151 tum,
330 1093 547 1150 acceptis
560 1093 836 1152 argenteis,
849 1092 1104 1139 dixerunt:

196 1159 313 1205 Non
339 1159 462 1206 licet
493 1173 582 1206 eos
611 1160 815 1207 mittere
840 1161 895 1207 in
919 1163 1105 1207 corbo-

195 1239 327 1286 nam,
349 1227 469 1284 quia
486 1227 705 1284 pretium
726 1227 988 1286 sanguinis
1010 1229 1103 1274 est.

260 1311 310 1355 7.
347 1310 581 1358 Consilio
608 1313 775 1358 sutem
802 1312 932 1358 inito
966 1326 1104 1358 eme-

193 1381 317 1424 runt
334 1391 404 1424 ex
422 1378 525 1423 illis
544 1391 723 1436 agrum
743 1380 908 1438 figuli,
936 1380 991 1426 in
1017 1393 1105 1425 se-

195 1445 451 1502 pulturam
468 1446 876 1504 peregrinorum.

261 1515 311 1557 8.
346 1513 599 1570 Propterq
639 1513 737 1559 hoc
772 1515 985 1560 vocatus
1027 1515 1107 1559 est

194 1593 335 1638 ager.
356 1580 445 1626 ille
459 1609 473 1636 ‚
512 1580 834 1641 Haceldama,
872 1581 971 1627 hoc
1008 1583 1103 1640 est,

190 1659 319 1705 ager
338 1647 599 1705 sanguinis
609 1678 624 1706 ,
646 1661 802 1705 usque
821 1649 876 1694 in
896 1647 1104 1695 hodier-

188 1728 321 1760 num
340 1714 477 1766 diem,

264 1785 315 1826 9.
354 1783 497 1828 Tune
530 1782 790 1840 impletum
828 1784 931 1841 est,
970 1783 1105 1840 quod

190 1849 388 1896 dietum
408 1851 483 1894 est
494 1863 580 1906 per
590 1851 622 1896 J
624 1851 865 1896 eremium
881 1849 1105 1908 prophe-

188 1922 297 1965 tam
340 1917 611 1964 dicentem:
653 1917 761 1977 „Et
798 1920 1107 1975 acceperunt

188 1985 446 2045 „triginta
473 1988 747 2044 argenteos
774 1986 995 2044 pretium
1014 2000 1105 2043 sp-

189 2053 465 2113 „pretiuti,
502 2066 653 2110 quem
686 2052 1107 2112 appretiaverunt

190 2134 261 2181 „a
278 2120 397 2167 filiis
417 2120 605 2178 Israe13

257 2190 342 2233 1⁰.
380 2190 471 2247 „et
490 2187 739 2234 dederunt
751 2200 841 2235 eos
860 2188 914 2233 in
928 2200 1106 2246 agrum

188 2255 398 2315 „figuli,
420 2255 556 2301 sicut
574 2256 837 2301 constituit
852 2255 977 2301 mihi
991 2256 1104 2301 Do-

188 2324 399 2383 „minus
414 2322 489 2367 ⁷.“

258 2391 343 2435 11.
377 2392 438 2435 ὃ]
442 2401 561 2436 esus
596 2392 765 2435 autem
810 2390 952 2436 stetit
986 2392 1103 2437 ante

184 2457 505 2517 praesidem,
540 2460 593 2503 et
621 2458 962 2515 interrogavit
992 2472 1106 2505 eum

181 2538 429 2583 praeses,
459 2524 658 2570 dicens:
697 2526 849 2571 Tues
879 2525 994 2571 Rex
1011 2527 1106 2570 Ju-

184 2592 469 2638 daeornm?
516 2592 656 2638 Dicit
690 2591 769 2637 illi
802 2594 833 2637 J
838 2605 977 2639 esus:
1027 2594 1107 2639 Tu

184 2658 343 2706 dicis!

256 2728 344 2771 12.
380 2726 450 2771 Et
462 2735 574 2773 c’um
582 2730 907 2774 accusaretur
919 2741 949 2773 a
962 2726 1105 2785 prin-

184 2794 389 2852 cipibus
412 2792 768 2854 Sacerdotum,
803 2797 855 2841 et
873 2795 1107 2843 Seniori-

184 2865 305 2920 bus,
328 2861 458 2907 nihil
478 2860 762 2918 respondit.

258 2930 344 2975 13.
376 2930 521 2975 Tunc
536 2928 657 2974 dicit
675 2927 751 2973 illi
761 2928 953 2975 Pilatus
966 2940 978 2973 z
991 2928 1107 2974 Non

184 2996 358 3055 nudis,
372 2999 562 3053 quanta
580 2995 851 3043 adversum
868 2998 917 3042 te
940 2994 1109 3042 dicunt

182 3063 524 3110 testimonis?

237 3168 255 3195 Q
274 3148 376 3197 A‘ct.
393 3162 503 3203 1,18.
524 3171 583 3208 sq.
629 3168 650 3187 ¹·
666 3158 745 3197 Jer.
763 3162 826 3201 32,
847 3162 967 3196 7-9,
985 3157 1105 3195 zich.

180 3212 251 3249 11,
271 3210 335 3245 12.
355 3212 415 3245 13.
464 3214 481 3233 ⁸
498 3218 539 3245 V.
556 3211 725 3245 11—31.
744 3206 871 3243 Marc.
891 3208 1105 3248 15,2-—20.

181 3253 294 3292 Luc.
314 3257 376 3291 2³.
395 3255 541 3291 2—25.
567 3251 657 3290 Joh.
674 3256 735 3296 18,
751 3255 922 3291 33—38.
939 3256 999 3294 19,
1019 3255 1077 3289 15.

310 3400 429 3457 Cup.

1178 417 1388 464 praeses
1407 409 1750 458 vehementer.

1249 475 1330 520 15.
1364 475 1466 522 Per
1477 476 1609 522 diem
1621 481 1789 525 sutem
1806 479 2086 527 solemnem

1179 545 1522 589 consueverat
1547 557 1752 603 praeses
1779 547 1970 605 populo
2007 549 2084 594 ‹li-

1176 607 1376 655 mittere
1394 623 1550 658 unum
1567 612 1967 673 vinctum,quem
1985 627 2085 661 vo·-

1176 675 1408 724 luissent.

1243 745 1324 790 16.
1358 745 1588 792 Habebat
1618 749 1787 794 autem
1813 749 1936 795 tunc
1964 749 2082 796 vin-

1177 811 1310 856 ctum
1329 811 1599 874 insignem,
1613 815 1699 872 qui
1717 814 2082 864 dicebaturBs-

1173 880 1372 925 rabbus.

1243 946 1323 991 17.
1361 947 1696 1006 congregatis
1717 962 1841 1008 ergo
1860 949 1983 1009 illis,
2007 951 2083 996 di—

1173 1013 1254 1059 xit
1270 1013 1488 1060 Pilatus:
1512 1015 1673 1068 Quem
1699 1016 1879 1077 vultis,
1915 1017 2082 1064 dimit-

1172 1081 1274 1126 tam
1293 1081 1460 1141 vobis,
1478 1082 1786 1130 Bsrabbsm'!
1805 1097 1872 1130 an
1890 1085 1922 1130 J
1923 1098 2080 1144 esum,

1173 1147 1260 1204 qui
1279 1147 1462 1195 dicitur
1483 1149 1746 1196 Christus?

1240 1216 1322 1260 18.
1359 1215 1721 1276 Sciebstenim,
1735 1217 1869 1275 quod
1886 1232 1979 1277 per
1998 1221 2080 1266 in-

1172 1281 1388 1328 vidiam‘
1405 1283 1732 1330 tradidissent
1751 1299 1878 1332 eum.

1241 1367 1321 1412 19.
1360 1366 1578 1414 Sedente
1598 1369 1866 1416 autemillo
1878 1382 1971 1428 pro
1985 1371 2080 1416 tri-

1172 1433 1371 1493 bunali,
1401 1433 1540 1480 misit
1568 1435 1632 1481 sd
1660 1450 1772 1483 eum
1791 1450 1929 1484 uxor
1949 1437 2078 1497 ejus,

1174 1499 1373 1548 dicens:
1414 1501 1554 1548 Nihil
1588 1502 1682 1550 tibi
1718 1507 1770 1551 et
1797 1505 1938 1563 justo
1978 1505 2079 1552 illi!

1170 1568 1328 1614 multu
1357 1568 1488 1615 enim
1507 1583 1658 1628 passa
1690 1584 1798 1618 sum
1818 1572 1970 1620 hodie
1989 1585 2080 1630 per

1173 1636 1340 1682 visum
1357 1639 1568 1695 propter
1589 1651 1718 1683 eum.

1241 1704 1322 1748 20.
1357 1703 1621 1761 Principes
1641 1706 1806 1750 sutem
1829 1705 2080 1752 Sacerdo-

1172 1770 1294 1827 tum,
1333 1772 1386 1816 et
1421 1771 1681 1829 seniores,
1720 1775 2083 1828 persuaserunt

1173 1834 1392 1894 populis,
1423 1839 1482 1881 ut
1517 1839 1754 1894 peterent
1785 1837 2080 1897 Barsbbsm,

1172 1903 1346 1949 Iesum
1366 1915 1495 1949 vero
1517 1903 1805 1960 perderent.

1240 1984 1322 2029 21.
1355 1983 1688 2042 Respondent
1727 1988 1893 2033 autem
1929 2000 2081 2045 prae-

1172 2065 1255 2098 ses
1291 2050 1363 2098 sit
1381 2052 1508 2098 illis:
1552 2052 1714 2106 Quem
1740 2054 1896 2100 vultis
1934 2055 2081 2101 vobis

1173 2120 1235 2166 de
1265 2120 1459 2167 duobus
1491 2120 1704 2167 dimitti?
1729 2123 1796 2167 At
1827 2120 1906 2169 illi
1933 2122 2081 2169 dixe-

1170 2190 1316 2234 runt:
1335 2188 1628 2235 Barabbam.

1242 2256 1322 2299 22.
1357 2254 1497 2301 Dicit
1540 2256 1642 2302 illis
1686 2256 1902 2304 Pilatus:
1950 2258 2083 2310 Quid

1171 2322 1327 2381 igitur
1344 2322 1527 2368 faciam
1547 2323 1608 2369 de
1625 2324 1658 2369 J
1660 2336 1748 2370 esu
1759 2355 1774 2383 ,
1795 2326 1882 2381 qui
1900 2324 2080 2370 dicitur

1174 2388 1437 2435 christus}

1241 2456 1321 2502 23.
1355 2454 1547 2503 Dicunt
1566 2470 1768 2503 omnes:
1803 2457 2080 2515 crucifiga-

1170 2523 1276 2569 tur!
1304 2524 1390 2569 Ait
1408 2523 1508 2569 illis
1526 2536 1760 2582 praeses:
1795 2524 1924 2577 Quid
1946 2523 2081 2569 enim

1170 2589 1292 2636 mali
1320 2590 1473 2637 fecit?
1508 2593 1575 2636 At
1599 2591 1675 2637 illi
1703 2592 1863 2649 magis
1893 2589 2079 2636 clama-

1172 2660 1309 2718 bant,
1332 2658 1555 2705 dicentes
1572 2672 1584 2705 :
1607 2656 1961 2715 crucifigatur!

1241 2743 1322 2787 24.
1355 2742 1548 2788 Videns
1560 2740 1946 2803 autemPilatus,
1964 2743 2080 2801 quis

1172 2808 1302 2855 nihil
1320 2810 1606 2867 proficeret,
1621 2807 1710 2853 sed
1721 2808 1880 2867 magis
1892 2812 2077 2858 tumul-

1176 2878 1257 2921 tus
1280 2878 1440 2934 fieret,
1453 2877 1659 2931 accepta
1677 2888 1822 2936 aqua,
1835 2877 1962 2925 lavit
1970 2892 2078 2925 ma-

1172 2956 1268 2988 nus
1289 2956 1459 2988 coram
1479 2941 1685 3002 populo,
1704 2942 1898 2992 dicens:
1919 2947 2077 2991 Inno-

1174 3022 1295 3055 cens
1334 3022 1431 3067 ego
1471 3022 1580 3054 sum
1606 3023 1636 3055 a
1673 3012 1920 3071 sung-uine
1950 3013 2078 3070 justi

1173 3076 1351 3133 huju-3
1373 3088 1468 3122 vos
1488 3076 1742 3124 videritis!

1243 3145 1322 3188 25.
1357 3142 1426 3189 Et
1460 3145 1776 3203 respondens
1809 3147 2078 3193 universus

1221 3254 1240 3277 t
1257 3250 1345 3289 soh.
1363 3256 1423 3297 n,
1435 3255 1499 3291 47.
1519 3265 1607 3303 sqq.

460 3398 669 3442 xxvn.
745 3402 788 3441 3.
818 3398 1013 3442 rettulit·
1081 3403 1123 3443 6
1154 3401 1334 3443 mittere
1365 3414 1444 3444 eos
1470 3402 1518 3443 in
1547 3403 1788 3445 corbanan.
1857 3405 1898 3443 8.
1931 3400 2082 3443 achel-

184 3456 392 3501 tenneli·
452 3460 497 3499 9.
530 3460 578 3498 et
595 3460 725 3505 tunc3
745 3454 849 3497 ibid.
882 3456 1173 3499 Hieremiam·
1237 3460 1302 3499 11.
1337 3458 1446 3499 dicit
1465 3460 1524 3500 ei.
1585 3462 1652 3499 13.
1685 3458 1851 3498 dicant
1914 3459 1979 3497 15
2015 3458 2081 3498 di-

187 3513 381 3557 mittere
402 3510 577 3569 populo
655 3514 722 3553 1¹1.
756 3510 1004 3553 Bari-absu-
1066 3514 1131 3555 19
1166 3512 1225 3553 sd
1245 3510 1386 3555 illum
1445 3517 1513 3555 20-
1545 3514 1771 3567 princeps.

1636 3572 1672 3615 C
