2376 3925
610 155 1160 202 comuEN'rATm
1218 158 1635 204 Isaeoelca.
1858 159 2055 204 XXXV

159 289 296 344 rins
335 295 544 342 auctor
560 325 577 356 ,
613 293 678 340 ut
709 287 924 342 veteris
960 295 1229 343 mutator.
1316 284 1579 342 Similem
1604 287 2057 344 moderationem

161 373 228 426 in
265 368 366 424 his
405 367 664 424 ostendit
677 408 696 440 ,
734 387 882 443 quae
913 369 1082 442 plane
1113 387 1269 424 nova
1306 368 1556 424 confecit
1586 369 1893 443 vertend03
1935 372 2057 444 pri-

159 471 294 508 mus
323 459 527 507 autem
553 459 610 506 et
631 451 915 506 secundus
941 453 1058 507 viri
1083 451 1247 506 labor
1272 452 1337 506 in
1364 455 1489 525 ejus
1505 451 1787 526 Operibus
1812 471 1885 508 ne
1912 455 2055 510 satis

162 533 407 611 quidem
447 533 730 610 distingui
765 533 980 609 ubique
1013 551 1168 590 nunc
1207 542 1415 608 potest.
1499 530 1568 588 In
1594 534 1661 589 V.
1693 533 1761 590 T.
1788 554 1927 592 usus
1966 545 2054 592 est

159 625 404 692 praeter
420 609 594 683 κοινὴν
607 624 734 672 tum
742 613 1048 672 Hebraicis
1073 618 1239 690 ipsis,
1256 625 1381 672 tum
1405 624 1573 672 textu
1601 615 2051 692 antehexaplari,

160 698 810 774 hexaplari·0riginis,
848 707 910 754 >et
939 697 1385 773 postbexaplari.
1472 698 1601 754 Jam
1635 717 1809 775 quum
1840 699 2053 757 Hiero-

163 800 438 858 nymum,
467 799 608 837 suae
633 783 838 836 aetatis
858 790 1315 856 praeceptorem,
1349 783 1791 858 linguarumque
1818 783 2054 839 biblica-

165 883 305 920 rum
329 866 531 920 multis
557 866 680 920 suis
707 865 1010 934 sumtibus,
1038 864 1345 920 itineribus
1359 904 1378 936 ,
1426 865 1747 940 studiisque
1770 865 1834 922 in
1855 866 2053 938 paucis

169 965 452 1024 gnarum,
495 948 860 1021 perspicuum
886 948 992 1017 sit,
1035 949 1160 1022 ipso
1187 956 1489 1017 narrante,
1530 947 1857 1006 adhibuisse
1890 949 1953 1003 in
1980 946 2053 1004 N.

172 1029 244 1086 T.
281 1031 470 1085 latino
513 1028 766 1085 sanando
805 1028 1034 1085 codices
1069 1047 1311 1106 graecos
1350 1031 1783 1105 antiquissimos
1818 1040 1878 1086 et
1902 1032 2055 1104 opti-

169 1129 294 1168 mos
321 1111 603 1188 Origenis
639 1121 810 1186 atque
841 1109 1058 1183 Pierii,
1095 1131 1262 1168 nemo
1300 1113 1567 1190 negabit,
1612 1114 1725 1168 iter
1762 1131 1893 1170 eum
1928 1133 2055 1170 esse

167 1199 538 1272 ingressum,
563 1212 736 1250 verae
763 1196 993 1250 critices
1019 1197 1240 1272 regulis
1268 1204 1715 1252 consentaneum
1740 1204 1798 1250 et
1824 1195 1931 1254 hac
1958 1215 2054 1252 ae-

167 1288 288 1334 tate
313 1278 726 1334 rectissimum.
813 1275 932 1332 Sed
956 1277 1047 1333 his
1072 1279 1346 1348 vinculis,
1374 1278 1579 1353 quibus
1610 1295 1739 1334 eum
1763 1279 2055 1352 praejudi-

173 1372 339 1417 catae
367 1361 698 1435 aequalium
723 1360 1020 1433 opiniones
1044 1363 1537 1431 constrinxerunt,
1555 1377 1673 1415 non
1694 1379 1762 1416 eo
1784 1359 2055 1434 expedire

172 1464 232 1499 se
257 1444 486 1518 potuit,
527 1451 595 1497 ut
628 1443 748 1498 suis
773 1443 898 1516 ipse
919 1443 1221 1518 principiis
1250 1445 1392 1501 satis
1420 1444 1761 1500 constiterit.
1844 1442 2055 1500 Praxis

174 1530 300 1600 ejus
337 1526 551 1581 critica
585 1524 919 1598 imperfecta
943 1529 1235 1583 remansit.
1322 1525 1523 1602 Neque
1546 1535 1680 1582 ante
1704 1535 1975 1584 octavum
1998 1546 2053 1601 p.

177 1608 311 1664 chr.
335 1609 634 1664 saeculum
659 1607 874 1664 factum
899 1617 1008 1679 est,
1024 1618 1090 1664 ut
1113 1607 1257 1666 haec
1281 1611 1475 1667 versio
1504 1610 1731 1683 publica
1758 1608 2055 1666 doctorum

179 1702 235 1746 et
261 1693 461 1766 populi
489 1693 834 1746 auctoritate
855 1700 1178 1763 ornaretur,
1205 1694 1435 1748 nemine
1451 1691 1685 1749 tandem
1701 1702 2056 1766 repugnante

183 1784 242 1828 et
267 1774 338 1829 ad
366 1793 496 1829 eam
509 1813 530 1844 ,
565 1791 710 1848 quae
735 1781 869 1828 ante
891 1771 1311 1849 Hieronymum
1332 1775 1544 1844 fuerat,
1572 1773 1879 1829 obcaecato
1900 1773 2059 1846 judi-

183 1856 335 1912 dicio
359 1864 712 1912 recurrente.
800 1853 938 1926 Sed,
969 1855 1121 1931 quod
1145 1859 1309 1930 peius
1338 1865 1482 1925 erat,
1513 1855 1655 1911 adeo
1686 1863 1944 1911 correcta
1972 1865 2058 1910 est

180 1948 239 1997 et
263 1939 576 2015 depravata
600 1938 910 1996 multorum
947 1938 1337 1995 additionibus
1372 1946 1430 1995 et
1462 1937 1874 1995 mutationibus
1902 1957 1933 1993 e
1958 1957 2059 1994 ve-

177 2023 524 2081 tustioribus
549 2022 931 2079 monumentis
967 2024 1213 2099 aliisque
1252 2042 1324 2077 ex
1353 2022 1539 2078 causis
1567 2020 1709 2079 haec
1734 2023 2057 2092 translatio,

177 2116 242 2161 ut
263 2116 530 2179 tempore
559 2107 858 2160 convocati
895 2107 1129 2161 concilii
1163 2104 1496 2161 Tridentini
1521 2122 1675 2161 nova
1695 2099 1836 2172 κοινὴ
1862 2103 2059 2167 ἔκδυσις

179 2197 474 2263 corrupta,
501 2197 558 2242 et
585 2206 653 2243 ea
677 2184 1150 2264 Hieronymiana,
1177 2188 1445 2245 adfuerit.
1532 2186 1739 2243 Sixtus
1764 2186 1831 2243 V.
1858 2198 2057 2245 contra

178 2270 326 2327 hanc
349 2279 572 2345 pestem
598 2271 709 2325 ivit
745 2269 998 2343 fortiter,
1023 2270 1122 2327 sed
1146 2289 1263 2326 non
1290 2271 1557 2327 feliciter.
1614 2268 1875 2327 Clemens
1902 2269 2053 2327 Vffl.

179 2355 524 2411 retractavit
555 2356 934 2410 antecessoris
981 2372 1239 2423 errores,
1280 2371 1431 2410 nova
1474 2355 1920 2429 congregatione
1953 2372 2057 2409 vo-

185 2446 316 2493 cata
355 2436 432 2491 ad
471 2436 912 2507 emendandum,
957 2436 1058 2492 sed
1096 2436 1239 2493 haec
1276 2438 1453 2492 etiam
1475 2454 1591 2491 non
1618 2436 1688 2491 ab
1712 2438 1869 2491 omni
1895 2445 2059 2509 parte

181 2520 502 2593 praestitit,
541 2517 694 2593 quod
725 2519 1128 2592 praestandum
1169 2527 1309 2576 erat.
1396 2518 1673 2575 Nostrum
1709 2519 1893 2594 igitur
1928 2517 2058 2573 offi-

187 2605 339 2657 cium
365 2610 475 2672 est,
503 2602 744 2655 latinum
766 2610 1021 2674 textum,
1049 2610 1325 2677 quantum
1346 2602 1477 2657 fieri
1506 2608 1717 2675 potest,
1744 2601 2057 2656 accuratis-

185 2687 330 2740 sime
356 2694 416 2739 et
442 2682 516 2739 ad
532 2681 872 2759 Hieronymi
890 2686 1095 2741 aetatis
1120 2687 1453 2761 imaginem,
1475 2693 1531 2738 et
1548 2683 1621 2739 ad
1641 2701 1767 2737 eam
1792 2682 2057 2754 formam,

185 2786 358 2842 quam
389 2769 516 2840 ipse
547 2768 834 2838 restituit,
875 2784 1178 2839 revocare3
1240 2768 1302 2823 id
1337 2785 1477 2825 vero
1516 2783 1657 2839 opus
1706 2764 1947 2821 arduum
1992 2776 2058 2823 ut

182 2850 545 2924 perficiatur,
601 2851 873 2925 exiguam
906 2869 1067 2924 spem
1099 2851 1365 2906 relictam
1402 2867 1558 2918 esse,
1598 2864 1764 2903 nemo
1802 2850 2055 2926 negabit,

185 2935 280 3007 qui
311 2933 437 2988 fata
461 2933 750 2987 versionis
773 2934 1042 3008 vulgatae
1069 2933 1359 2989 subtiliter
1390 2932 1741 3005 cognoverit.
1802 2930 2055 2988 Tentan-

187 3016 318 3071 dum
341 3024 538 3070 tamen
565 3024 673 3085 est,
700 3023 764 3069 ut
792 3017 1114 3090 assequaris
1133 3055 1151 3086 ,
1182 3017 1235 3070 si
1260 3032 1378 3070 non
1403 3014 1555 3088 quod
1583 3017 1776 3089 cupias
1807 3026 1864 3071 et
1886 3016 2055 3084 velis,

189 3107 370 3167 certe,
415 3096 566 3172 quod
598 3098 800 3171 possis.
887 3096 962 3151 At
981 3116 1119 3154 vero
1163 3100 1228 3153 in
1262 3096 1372 3153 hac
1403 3116 1471 3153 re
1496 3098 1747 3175 gerenda
1771 3098 2055 3155 versionis

189 3180 400 3235 latinae
428 3181 608 3253 ipsius
637 3182 824 3236 minus
850 3181 1100 3255 pretium
1125 3190 1247 3251 est3
1283 3181 1345 3236 id
1370 3183 1561 3255 potius
1589 3182 1883 3255 quaeritur
1904 3179 2058 3253 peri-

189 3266 286 3334 tis,
305 3262 444 3338 quid
470 3280 544 3317 ex
569 3266 693 3337 ejus
719 3264 1120 3338 antiquissimo
1149 3264 1347 3319 codice
1369 3281 1473 3338 pro
1500 3282 1717 3338 graeco
1737 3270 1901 3317 textu
1925 3278 2059 3333 pos-

194 3349 270 3401 sis
312 3346 546 3401 lucrari.
631 3344 780 3401 Nam
822 3348 884 3402 in
923 3347 1160 3423 vulgata
1195 3348 1463 3403 versione
1501 3346 1683 3399 multa
1721 3345 1891 3412 bene,
1942 3343 2057 3397 imo

194 3430 482 3502 praeclare
499 3429 779 3485 translata
797 3438 950 3501 sunt,
967 3431 1082 3486 alia
1105 3430 1495 3497 mediocriter,
1514 3428 1629 3481 alia
1656 3435 1774 3481 tam
1799 3424 2061 3496 obscure,
