2376 3925
482 141 752 195 Ac'rus
786 141 1436 194 APOSTOLORUM.
1509 144 1677 196 CAP.
1715 146 1798 196 17.

1975 149 2076 197 217

266 249 349 292 16.
380 245 567 292 Paulus
578 248 885 303 autem‚cum
895 245 1105 292 Athenis
1173 238 1298 291 turd
1323 246 1556 305 indigem
1582 247 1781 306 aliquo,
1818 262 1930 294 cum
1965 249 2074 307 ipse

194 326 292 360 eos
312 315 658 372 exspectaret,
678 312 979 358 incitabatur
1000 311 1104 368 spi-

192 381 325 428 ritns
338 380 449 438 ejus
468 380 523 426 in
542 379 863 438 ipso‚videns
884 378 1103 425 idolola-

191 448 325 494 triae
347 447 566 493 deditam
586 446 851 492 civitatem.

262 515 346 560 17.
380 514 683 572 Disputabat
700 513 854 571 igitur
872 513 927 558 in
949 525 1102 571 syna-

193 595 333 641 goga
342 588 371 610 ⁰
380 595 495 628 cum
506 582 536 626 J
538 580 727 639 udaeis,
742 582 793 626 et
802 579 1100 639 colentibus,

192 652 243 698 et
264 650 319 695 in
338 650 479 708 foro,
492 661 583 706 per
594 660 767 694 omnes
784 647 909 707 dies,
923 646 1100 706 adeos,

194 717 281 774 qui
300 716 531 763 aderant.

261 785 346 828 18.
394 782 605 836 Quidam
641 783 807 828 autem
842 780 1101 840 Epicurei,

192 853 248 897 et
276 849 438 897 Stoici
466 849 759 907 philosophi
790 849 1105 894 disserebant

194 931 309 964 cum
328 930 407 977 eo,
420 916 680 973 etquidam
700 917 954 962 dicebant:
973 915 1102 968 Quid

192 984 309 1030 vult
352 983 737 1030 seminiverbius
781 982 865 1028 hic
903 982 1102 1027 dicere?

192 1051 302 1098 Alii
328 1064 479 1097 vero:
512 1051 778 1096 Novorum
807 1048 1103 1095 daemonio-

190 1132 309 1164 rum
346 1119 541 1164 videtur
578 1116 916 1162 annunciator
960 1129 1101 1173 esse3

192 1185 312 1242 quia
318 1186 490 1231 Iesum
501 1187 552 1232 et
561 1183 991 1231 resurrectionem
1010 1196 1102 1229 an-

190 1252 468 1299 nunciabat
486 1253 573 1298 eis.

263 1321 347 1364 19.
383 1318 451 1364 Et
484 1317 853 1377 apprehensum
890 1331 1004 1364 eum
1041 1315 1103 1362 ad

188 1389 516 1444 Areopagum
535 1387 792 1432 duxerunt
801 1416 817 1445 ,
848 1385 1100 1430 dicentes:

191 1455 470 1500 Possumus
508 1454 658 1511 scire,
700 1466 827 1509 quae
866 1454 943 1498 est
978 1453 1103 1498 haec

192 1533 350 1580 nova,
373 1534 497 1578 quae
518 1524 608 1567 ate
630 1520 827 1579 dicitur,
842 1519 1103 1566 doctrina?

264 1606 344 1650 20.
379 1605 529 1650 Nova
548 1604 680 1649 enim
692 1602 934 1660 quaedam
944 1603 1102 1648 infers

192 1671 401 1718 auribus
439 1670 658 1727 nostris3
708 1669 938 1714 volumus
978 1682 1102 1726 ergo

191 1738 344 1798 scire,
369 1737 607 1795 quidnam
627 1735 788 1781 velint
804 1735 929 1780 haec
950 1748 1077 1780 esse.

254 1825 343 1870 21.
358 1819 721 1878 (Athenienses
732 1819 898 1863 autem
911 1830 1103 1876 omnes,

190 1893 241 1936 et
294 1889 528 1935 advenae
581 1885 825 1945 hospites,
880 1885 942 1930 ad
977 1884 1107 1932 nihil

190 1956 329 2005 aliud
362 1955 633 2013 vacabant,
671 1952 774 1999 nisi
800 1953 889 1999 aut
916 1951 1102 2013 dicere,

191 2029 279 2072 aut
298 2022 475 2071 audire
496 2021 684 2079 aliquid
702 2019 868 2080 novi.)

256 2110 341 2154 22.
382 2108 530 2153 Stans
540 2108 707 2152 autem
716 2105 901 2150 Paulus
921 2104 975 2149 in
990 2116 1101 2150 me-

189 2177 276 2223 dio
299 2172 574 2231 Areopagi,
585 2173 679 2219 ait:
694 2172 805 2218 Viri
821 2172 1102 2217 Athenien-

186 2241 299 2289 ses!
320 2255 411 2300 per
432 2241 602 2287 omnia
617 2239 760 2297 quasi
780 2240 1100 2297 superstitio-

188 2311 359 2357 siores
380 2322 473 2354 vos
492 2308 659 2354 video.

260 2378 345 2423 23.
378 2376 700 2422 Praeterieris
738 2372 897 2433 enim,
936 2376 987 2419 et
1020 2371 1101 2419 vi-

190 2446 323 2491 dens
342 2443 609 2489 simulacra
631 2443 825 2500 vestra,
855 2440 1103 2487 inveniet

190 2525 335 2559 aram
350 2541 366 2571 ‚
419 2511 473 2556 in
525 2523 623 2567 qua
674 2509 915 2567 scriptum
966 2509 1099 2554 erat:

188 2582 413 2625 loxo'ro
432 2577 569 2624 Duo.
636 2576 784 2631 Quod
804 2588 928 2633 ergo
947 2575 1100 2633 igno-

188 2648 367 2693 rantes
386 2644 577 2704 colitis,
606 2644 704 2691 hoc
726 2656 822 2703 ego
844 2642 1099 2689 annuncio

190 2712 360 2759 vobis.

257 2781 343 2825 24.
376 2779 515 2827 Deus
529 2809 543 2837 ,
573 2778 658 2834 qui
676 2770 827 2823 recitb
844 2776 1099 2835 mundum,

187 2848 241 2893 et
270 2846 457 2904 omnia,
490 2858 617 2903 quae
648 2844 702 2889 in
730 2858 793 2889 eo
834 2846 979 2903 sunt,
1017 2843 1101 2889 hic

191 2912 330 2961 coeli
350 2916 402 2960 et
425 2916 594 2959 terrae
616 2924 725 2957 cum
752 2910 817 2955 sit
835 2910 1098 2969 Dominus,

190 2995 301 3028 non
327 2982 382 3027 in
409 2978 707 3027 manufactis
739 2975 937 3035 templis
956 2976 1099 3022 habi-

186 3052 294 3095 tate
486 3058 497 3070 ·

260 3080 340 3161 2²5.
377 3128 474 3162 nec
492 3112 721 3159 manibus
730 3109 959 3158 humanis
972 3109 1099 3156 coli-

236 3214 374 3247 ιν.2.
422 3209 650 3252 ⁸e.M‚14.
698 3209 980 3252 0c.7,49.50.

309 3358 425 3413 Cap.
457 3355 612 3399 XVII.
673 3360 738 3401 19.
768 3356 827 3399 ad
854 3354 1127 3411 Ariopagnm
1160 3354 1246 3406 (sic
1273 3355 1412 3398 etiam
1429 3355 1603 3411 infra).

1174 313 1260 359 det
1277 313 1510 360 omnibus
1528 314 1696 374 vitam,
1711 317 1761 360 et
1779 315 2074 374 inspiratio·

1171 393 1305 438 nem,
1327 382 1379 426 et
1398 381 1621 438 omnia03

1238 448 1317 491 26.
1378 447 1596 504 fecitque
1649 462 1714 494 ex
1763 462 1867 495 uno
1925 463 2072 495 omne

1170 526 1330 571 genus
1348 512 1603 559 hominum
1625 515 1902 562 inhabitare
1922 530 2073 574 super

1168 581 1459 626 universam
1485 581 1666 627 faeiem
1693 584 1858 628 terrae
1868 575 1921 642 s,
1951 584 2072 629 defi-

1168 647 1316 694 niens
1337 649 1522 693 stamta
1543 649 1799 707 tempora,
1830 652 1881 695 et
1898 651 2071 697 termi-

1168 728 1264 760 nos
1284 714 1608 761 habitationis
1627 721 1858 774 comme,

1239 782 1320 825 27.
1357 795 1601 838 quaerere
1637 782 1819 841 Deum,
1859 783 1904 828 si
1940 785 2074 830 forte

1170 850 1440 894 attrectent
1476 863 1617 908 eum,
1663 852 1750 896 aut
1791 849 2072 909 inveniant,

1171 915 1397 972 quamvis
1416 929 1522 961 non
1540 916 1694 974 longe
1707 909 1735 945 ’ὅ
1761 916 1827 962 sit
1854 919 1914 964 ab
1939 931 2073 962 uno-

1171 996 1370 1039 quoque
1390 986 1636 1028 nostrum.

1238 1051 1318 1095 28.
1354 1051 1414 1094 In
1443 1050 1554 1108 ipso
1587 1049 1720 1096 enim
1749 1049 1991 1111 vivimus,
2026 1055 2076 1100 et

1170 1129 1458 1177 movemur,
1499 1120 1550 1162 et
1585 1112 1808 1175 sumus1'3
1858 1119 1988 1174 sicut
2023 1123 2074 1166 et

1170 1183 1366 1240 quidam
1395 1186 1680 1230 vestrorum
1697 1185 1968 1231 Poetarum
1995 1186 2075 1232 di-

1170 1253 1382 1298 xerunt:
1404 1251 1565 1309 Ipsius
1584 1251 1718 1297 enim
1739 1254 1791 1297 et
1809 1266 1967 1311 genus
1987 1267 2074 1298 su-

1169 1331 1296 1363 mus.

1239 1386 1319 1430 29.
1341 1385 1512 1430 Genus
1532 1397 1656 1444 ergo
1670 1400 1782 1432 cum
1795 1386 1948 1432 simus
1959 1388 2074 1446 Dei,

1170 1465 1278 1498 non
1329 1453 1564 1498 debemus
1608 1455 1875 1500 aestimare
1930 1468 2074 1514 auro,

1170 1522 1258 1566 aut
1276 1523 1490 1578 argento
1502 1550 1516 1578 ,
1538 1523 1624 1566 aut
1639 1521 1820 1580 lapidi,
1852 1521 2074 1578 sculptu-

1169 1601 1260 1632 rae
1280 1587 1403 1632 artis
1424 1590 1474 1632 et
1493 1588 1817 1646 cogitationis
1837 1588 2074 1648 hominis,

1170 1654 1410 1698 Divinum
1431 1667 1542 1700 esse
1563 1655 1741 1700 simile.

1241 1720 1321 1764 30.
1355 1720 1424 1764 Et
1454 1724 1682 1778 tempora
1710 1721 1908 1777 quidem
1925 1722 2077 1782 hujus

1172 1785 1492 1842 ignorantiae
1552 1779 1868 1846 despiciensk
1917 1789 2074 1847 Deus,

1171 1865 1307 1897 nunc
1354 1853 1628 1899 annunciat
1671 1853 1984 1914 hominibus,
2022 1861 2078 1900 ut

1174 1932 1350 1966 omnes
1429 1919 1611 1977 ubique
1678 1915 2078 1981 poenitentiaml

1171 1990 1343 2046 agant,

1239 2055 1321 2101 31.
1357 2066 1419 2099 eo
1460 2054 1594 2110 quod
1623 2056 1796 2103 statuit
1827 2056 1982 2117 diem,
2021 2059 2074 2104 in

1170 2135 1269 2178 quo
1285 2120 1602 2178 judicaturus
1624 2125 1701 2169 est
1721 2126 1892 2171 orbem
1911 2125 1966 2172 in
1986 2138 2074 2171 ae-

1170 2190 1384 2248 quitate,
1405 2188 1459 2235 in
1479 2190 1591 2236 viro
1605 2197 1658 2251 m,
1688 2191 1741 2237 in
1763 2206 1861 2248 quo
1883 2194 2071 2251 statuit,

1167 2256 1315 2302 fidem
1341 2258 1588 2314 praebens
1619 2259 1850 2307 omnibus
1867 2291 1882 2319 ‚
1913 2261 2076 2307 susci-

1167 2326 1281 2369 tans
1303 2337 1415 2369 eum
1434 2338 1464 2370 a
1481 2326 1710 2373 mortuis.

1237 2392 1318 2437 32.
1357 2393 1479 2436 Cum
1506 2394 1765 2439 audissent
1793 2395 1957 2439 autem
1984 2406 2070 2439 re-

1168 2458 2074 2518 surrectionemmortuorum,quidam

1168 2525 1368 2581 quidem
1391 2525 1730 2585 irridebantn,
1761 2526 1961 2583 quidam
1980 2540 2071 2573 ve·-

1166 2605 1228 2637 ro
1251 2591 1510 2639 dixerunt:
1531 2593 1803 2641 Audiemus
1821 2596 1871 2639 te
1893 2592 1954 2639 de
1973 2592 2071 2641 hoc

1166 2659 1364 2705 iterum.

1235 2728 1315 2771 33.
1337 2726 1420 2773 Sic
1438 2726 1623 2773 Paulus
1643 2725 1804 2772 exivit
1824 2725 1882 2773 de
1901 2728 2066 2775 medio

1168 2807 1360 2839 eorunm

1234 2857 1314 2907 34.
1353 2859 1564 2913 Quidam
1591 2871 1715 2905 vero
1746 2860 1843 2907 viri
1882 2864 2066 2910 adhae-

1165 2928 1338 2972 rentes
1360 2926 1424 2986 ei,
1447 2925 1795 2985 crediderunt3
1816 2928 1868 2975 in
1890 2932 2066 2988 quibus

1166 3074 1188 3105 1
1213 3020 1490 3105 ¹2⁷¹?*25’2332
1515 3021 1882 3108 :221'2491'12‘32‘1'6
1916 3023 2066 3105 ‘3:2¹1-

1165 3094 1212 3156 1'‚
1244 3117 1303 3151 1⁷.
1347 3107 1369 3136 ¹⁶
1400 3126 1433 3152 e.
1458 3118 1528 3157 14,
1555 3093 1612 3153 1’5.
1629 3096 1640 3106 ’
1665 3096 1794 3153 ῑιιὶο.
1820 3098 1894 3160 §.u
1918 3121 1978 3153 47.
2035 3096 2068 3141 *ἶ

1164 3160 1300 3245 {SCon
1319 3164 1364 3202 5,
1384 3165 1442 3197 10.
1483 3160 1625 3199 Mutus.
1643 3164 1711 3205 2⁵,
1729 3166 1788 3199 31.

1838 3171 1860 3188 ¹⁸
1879 3168 1899 3199 1
1920 3163 2010 3199 Cor.
2029 3166 2064 3204 1,

1663 3362 1732 3399 21.
1763 3357 1880 3399 enim
1901 3368 2064 3397 omnes.

188 3419 262 3459 23.
286 3414 441 3459 inveni
460 3417 509 3454 et
527 3424 648 3453 aram
660 3414 729 3467 (et
748 3416 1008 3453 correctura
1026 3408 1238 3455 additum
1255 3410 1461 3465 legitve).
1521 3415 1590 3454 24.
1611 3412 1848 3455 inhabitat·
1898 3411 2068 3477 213ιά-

191 3475 410 3515 tractent.

470 3471 539 3509 28.
572 3473 783 3510 vestrum.
840 3470 909 3509 ³1.
941 3467 988 3508 in
1007 3478 1109 3520 qua.

1619 3526 1663 3569 Κ
