2376 3925
393 312 473 356 2³.
510 311 705 357 Salutat
727 324 818 358 vos
830 313 1031 370 Cajus‘,
1045 313 1231 368 hospes

326 391 483 436 meus,
505 381 556 423 et
573 377 812 424 universa
831 379 1079 426 Ecclesia.
1135 381 1231 424 Sa-

327 445 456 490 lutat
485 457 574 490 vos
603 445 815 492 Erastus
827 453 870 504 ⁰,
900 446 1124 492 arcarius
1155 445 1230 492 ci-

331 511 514 570 vitatis,
535 513 588 557 et
605 511 845 572 Quartus,
863 515 1038 560 frater.

392 595 471 639 24.
510 594 685 641 Gratia
701 596 908 641 Domini
925 595 1089 641 nostri
1106 596 1231 641 Jesu

327 660 514 706 Christi
525 675 638 708 cum
649 664 879 708 omnibus
889 662 1229 708 vobis.Amen.

393 745 472 789 25.
509 743 574 790 Ei
609 748 790 805 autem,
830 746 914 802 qui
941 749 1122 803 potens
1154 747 1232 790 est

327 823 418 856 vos
467 813 762 858 confirmare
803 813 952 869 juxta
988 812 1230 870 Evange-

324 875 447 922 lium
483 892 674 937 meum,
713 883 765 924 et
799 879 1230 938 praedicationem

324 944 447 990 Jesu
476 945 687 1004 Christi,
720 947 994 992 secundum
1025 946 1230 992 revela-

557 209 786 262 EPIST.
826 209 1038 260 PAULI
1073 209 1168 260 AD
1207 206 1651 260 CORINTHIOS
1685 207 1727 257 1.
1776 207 1927 258 CAP.
1952 210 2003 258 1.

1296 309 1488 355 tionem
1514 309 1745 368 mysterii
1772 310 2087 366 temporibus
2120 325 2213 358 ae-

1298 377 1456 424 ternis
1476 376 1633 434 taciti,

1364 444 1445 487 26.
1484 442 1643 501 (quod
1660 456 1797 488 nunc
1810 446 2118 500 patefactum
2134 451 2213 494 est

1299 523 1389 568 per
1400 511 1687 567 Scripturas
1701 510 2073 571 Prophetarum
2083 506 2106 542 ὅ
2124 527 2210 560 se-

1302 578 1514 624 cundum
1536 580 1861 634 praeceptum
1880 579 2079 626 aeterni
2090 581 2209 639 Dei,

1300 644 1363 690 ad
1394 643 1735 691 obeditionem
1770 645 1911 705 fidei)
1930 647 1989 692 in
2016 649 2209 694 cunctis

1299 712 1544 759 Gentibus
1564 711 1772 768 cogniti.

1365 781 1449 823 27.
1486 779 1599 824 Soli
1616 778 1835 835 sapienti
1855 779 1989 839 Deo,
2009 793 2102 837 per
2120 781 2207 826 Je-

1298 859 1405 891 sum
1416 846 1687 903 Christum,
1700 846 1783 892 cui
1792 846 1962 892 bonor
1974 852 2029 893 et
2046 849 2207 905 gloria

1300 914 1355 960 in
1372 912 1578 960 saccula
1608 911 1927 959 saeculorum
1938 921 1974 958 ο.
2028 917 2204 962 Amen.

1346 1007 1363 1035 ὃ
1380 1019 1413 1044 c.
1433 1013 1469 1050 1,
1486 1011 1521 1044 2.
1569 1013 1588 1033 0
1602 1008 1711 1057 Eph.
1729 1012 1769 1051 3,
1787 1012 1847 1046 20.
1868 1019 1923 1055 sq.
1949 1008 2042 1045 Jud.
2063 1013 2129 1046 24.
2152 1023 2205 1057 sq.

984 1217 1537 1267 ἥς...»-

407 1383 1391 1468 EPISTOLA
1542 1382 2119 1468 PAULI

1200 1553 1316 1603 An

609 1671 1726 1746 CORINTHIOS
1834 1676 1909 1742 Ι.

572 1929 602 1958 ’
645 1957 806 2011 cAP.
861 1959 904 2010 1.

318 2056 658 2109 Baptizantium
677 2055 934 2100 schismata.
991 2054 1222 2107 Rejicien-

318 2111 378 2151 «la
405 2115 477 2151 est
499 2111 653 2153 mundi
692 2112 934 2165 sapientia.
995 2111 1223 2155 Contenti

317 2162 531 2207 mortales
558 2176 587 2205 a
614 2166 696 2207 deo
734 2164 949 2208 benevolo
979 2165 1220 2218 eliguntur,
1242 2168 1249 2173 “

479 2232 536 2261 ne
557 2221 657 2273 quis
678 2221 732 2263 «le
753 2233 802 2264 se
822 2218 1053 2273 glorietur.

381 2340 430 2384 1.
464 2316 520 2385 P
523 2338 668 2386 aulus
704 2340 914 2386 vocatus
942 2340 1219 2399 Apostolus

313 2406 348 2451 J
349 2418 438 2453 esu
449 2407 637 2454 Christi
645 2420 738 2465 per
749 2408 1062 2455 voluntatem
1069 2409 1168 2455 Dei
1177 2416 1219 2469 α,

316 2477 368 2520 et
389 2476 661 2522 Sosthenes
674 2468 698 2505 ὅ
714 2477 890 2535 frater,

384 2544 431 2589 2.
469 2542 715 2591 ecclesiae
733 2542 847 2602 Dei,
870 2557 997 2600 quae
1019 2547 1097 2590 est
1115 2546 1219 2589 Co-

312 2608 497 2669 rinthi,
535 2610 889 2657 sanctificatis⁰
924 2610 979 2657 in
1015 2612 1217 2657 Christo

312 2674 454 2735 Jesu,
475 2679 670 2725 vocatis
689 2677 896 2737 sanctis,
920 2692 1027 2723 cum
1052 2679 1218 2723 omni-

311 2742 421 2799 bus,
444 2745 528 2799 qui
547 2745 789 2792 invocant
806 2758 994 2791 nomen
1011 2744 1219 2790 Domini

310 2810 476 2853 nostri
493 2812 616 2858 Jesu
637 2813 847 2873 Christi,
867 2813 922 2859 in
942 2813 1082 2859 omni
1098 2812 1215 2859 loco

311 2872 555 2934 ipsorum,
577 2881 629 2924 et
643 2884 840 2927 nostro.

381 2942 426 2987 3.
464 2941 637 2991 Gratia
655 2948 797 2993 vobis
813 2978 827 3007 ‚
857 2950 911 2994 et
935 2960 1036 3006 pax
1055 2961 1085 2994 a
1101 2948 1214 2993 Deo

309 3008 460 3055 Patre
491 3012 702 3070 nostro,
748 3016 800 3059 et
831 3014 1053 3061 Domino
1091 3017 1122 3061 J
1126 3028 1217 3061 esu

313 3076 514 3122 Christo
529 3068 572 3119 θ.

358 3172 381 3191 ⁸
401 3164 490 3200 Gal.
507 3169 552 3205 1,
575 3168 612 3200 1.
659 3162 676 3190 ὃ
693 3164 786 3201 Act.
805 3168 873 3209 18,
898 3171 959 3204 17.
1005 3167 1130 3205 ‘Joln
1149 3172 1211 3212 1⁷,

309 3215 368 3249 19.
417 3210 438 3237 ἆ
455 3210 569 3246 Rom.
590 3215 625 3251 1,
643 3214 678 3247 7.

1358 1961 1405 2005 4.
1444 1960 1641 2007 Gratias
1670 1973 1768 2019 ago
1789 1961 1900 2008 Deo
1931 1977 2048 2013 meo
2070 1980 2191 2011 sem-

1290 2040 1381 2084 per
1399 2040 1493 2085 pro
1514 2029 1658 2075 vobis
1678 2029 1730 2073 in
1752 2030 1915 2086 gratia
1933 2030 2053 2091 Dei,
2075 2046 2191 2091 quae

1292 2093 1404 2139 data
1424 2098 1501 2141 est
1522 2096 1665 2142 vobis
1682 2096 1736 2141 in
1760 2096 1965 2143 Christo
1985 2100 2136 2158 Jesu3

1356 2190 1405 2233 5.
1459 2189 1592 2245 quod
1636 2189 1691 2235 in
1736 2191 1972 2237 omnibus
2018 2194 2191 2239 divites

1288 2255 1411 2301 facti
1430 2255 1550 2303 estis
1569 2257 1624 2303 in
1644 2256 1734 2303 illo
1748 2287 1763 2315 ‚
1793 2258 1849 2304 in
1868 2260 2011 2307 omni
2043 2264 2188 2309 verbo

1290 2323 1413 2369 etin
1434 2324 1573 2370 omni
1590 2324 1805 2372 scientia
1814 2330 1848 2371 θ.

1356 2410 1403 2451 6.
1448 2406 1591 2461 Sicut
1622 2409 1973 2457 testimonium
2012 2412 2188 2458 Christi

1288 2476 1637 2520 confirmatum
1655 2478 1732 2521 est
1750 2475 1805 2521 in
1824 2477 1973 2523 vobis
1990 2493 2006 2537 ;

1354 2558 1401 2602 7.
1436 2557 1507 2603 ita
1544 2562 1600 2604 ut
1632 2558 1761 2605 nihil
1801 2561 1946 2606 vobis
1986 2562 2115 2609 desit
2140 2563 2185 2607 in

1285 2623 1392 2670 ulla
1409 2616 1635 2685 gratias,
1667 2629 2080 2686 exspectantibus
2108 2643 2184 2675 re-

1286 2691 1592 2739 velationem
1626 2693 1833 2739 Domini
1869 2697 2038 2743 nostri
2073 2698 2185 2743 Iesu

1288 2758 1491 2818 Christi,

1351 2842 1398 2885 8.
1419 2840 1503 2897 qui
1523 2843 1575 2886 et
1593 2842 1909 2889 confirmabit
1920 2857 2015 2890 vos
2034 2858 2183 2900 usque

1282 2906 1337 2953 in
1356 2908 1503 2953 finem
1525 2907 1635 2953 sine
1658 2909 1897 2969 crimine,
1926 2910 1985 2957 in
2004 2911 2079 2958 die
2098 2910 2182 2955 ad-

1284 2976 1463 3054 ventus
1482 2974 1689 3023 Domini
1712 2977 1880 3031 nostri
1896 2978 2024 3025 Jesu
2043 2978 2181 3024 Chri-

1282 3045 1395 3155 sub·
1427 3108 1618 3156 Fidelis
1636 3110 1793 3171 Deus,
1812 3124 1907 3169 per
1926 3126 2075 3170 quem
2096 3126 2179 3159 vo·

1324 3220 1525 3260 eo.12,8.
1573 3216 1790 3263 10.12,8.

427 3356 540 3411 Cap.
569 3351 700 3397 XVI.
759 3359 828 3397 23.
859 3356 1026 3409 Gajun
1046 3359 1154 3405 ibid.
1172 3363 1407 3407 universae
1426 3363 1667 3416 ecclesiam
1686 3365 1797 3410 ibid.
1821 3368 2181 3413 alumnum·

313 3411 460 3463 (deest
483 3415 602 3465 vos).

673 3414 743 3451 24.
776 3409 915 3453 Deest
943 3418 1065 3455 totus
1097 3417 1353 3461 versiculus.
1420 3424 1490 3461 25.
1518 3434 1600 3463 vos
1624 3435 1702 3463 vos
1736 3422 1951 3479 (errore).
2020 3430 2091 3468 26.
2121 3439 2180 3467 eo-

313 3465 436 3513 snito
458 3465 581 3516 (sic).
639 3468 710 3507 27.
740 3462 990 3531 solqssf'ek
1009 3465 1118 3510 ibid.
1142 3470 1285 3513 honor
1302 3474 1349 3515 in
1368 3474 1549 3517 saecula
1570 3477 1715 3530 (deest
1733 3482 1782 3521 et
1800 3476 1987 3535 gloria).

429 3518 541 3573 Cap.
570 3520 610 3563 Ι.
671 3524 710 3563 1.
743 3518 915 3563 Clu-isti
931 3520 1069 3572 ἔθους
1087 3522 1199 3569 ibid.
1220 3526 1481 3577 Sostsnens·
1538 3535 1581 3575 5.
1615 3533 1733 3586 quia.
1792 3537 1832 3577 8.
1866 3538 2155 3581 contii-navit.
