2376 3925
835 185 866 236 J
880 185 1159 238 OANNE
1173 185 1232 238 S.
1304 186 1461 237 CAP.
1501 185 1584 237 12.

266 294 320 338 et
336 288 512 338 unxit*
536 289 693 348 pedes
712 289 744 334 J
746 300 863 346 esu,
892 293 943 334 et
962 288 1177 335 extersit

264 357 418 416 pedes
437 357 486 415 ej
492 370 550 403 us
566 354 764 414 capillis
784 355 912 414 suis3
927 357 981 401 et
997 355 1187 412 domus·

262 423 470 483 impleta
490 424 569 470 est
588 435 657 470 ex
675 422 833 468 odore
850 421 1113 480 unguenti.

328 507 377 550 4.
412 503 563 549 Dixit
582 515 705 561 ergo
722 514 854 548 unus
875 515 941 548 ex
953 501 1173 560 discipu-

260 571 325 617 lis
347 571 395 628 ej
402 583 479 630 us,
491 571 521 615 J
524 569 644 615 udas
662 569 948 628 iscariotes,
960 569 1045 625 qui
1066 569 1177 614 erat

262 651 379 685 eum
397 637 702 683 traditurus:

330 723 378 767 5.
418 721 587 774 Quare
613 719 712 766 hoc
737 721 1046 777 unguentum
1067 731 1175 764 non

261 788 459 835 vaeniit
476 787 716 833 trecentis
738 786 958 833 denariis
976 817 992 845 ‚
1014 787 1066 833 et
1083 786 1173 831 da-

260 861 369 902 tum
388 857 465 902 est
484 854 695 913 egenis?

334 925 381 967 6.
414 921 560 968 Dixit
588 921 757 966 autem
783 920 909 979 hoc,
930 933 1037 966 non
1057 919 1174 977 quia

267 989 331 1036 de
352 990 523 1048 egenis
544 989 831 1046 pertinebat
848 987 911 1033 ad
931 1001 1062 1046 eum,
1085 987 1173 1033 sed

265 1057 385 1113 quia
408 1058 490 1102 fur
509 1057 645 1114 erat,
674 1057 725 1101 et
742 1054 941 1100 loculos
962 1054 1170 1114 habens,

267 1137 347 1183 ea,
369 1137 493 1181 quae
511 1122 855 1180 mittebantur,
876 1122 1124 1179 portabat.

335 1208 382 1252 ’1.
417 1207 563 1253 Dixit
581 1218 706 1265 ergo
726 1206 901 1251 Iesus:
924 1204 1085 1251 Sinite
1104 1203 1171 1250 il-

260 1272 388 1320 lam!
418 1275 475 1319 ut
490 1273 543 1319 in
562 1272 694 1320 diem
720 1272 1011 1330 sepulturae
1027 1285 1170 1318 meae

262 1343 440 1388 servet
458 1340 593 1386 illud.

330 1410 379 1454 8.
414 1408 667 1466 Pauperes
696 1407 832 1453 enim
859 1419 1058 1465 semper
1076 1406 1170 1452 ha-

260 1475 395 1522 betis
424 1476 708 1532 vobiscum3
744 1487 823 1520 me
862 1476 1029 1521 autem
1061 1487 1170 1521 non

261 1555 461 1600 semper
479 1542 691 1590 habetis.

334 1625 380 1668 9.
418 1621 675 1680 Cognovit
706 1632 831 1677 ergo
849 1622 998 1667 turba
1012 1621 1171 1666 multa

260 1703 332 1737 ex
348 1689 558 1736 Iudaeis
570 1718 585 1747 ,
614 1687 733 1744 quia
751 1686 859 1732 illic
878 1689 979 1744 est;
1009 1690 1060 1734 et
1078 1699 1170 1733 ve-

256 1759 454 1804 nerunt
480 1767 591 1801 non
614 1754 828 1811 propter
857 1754 1031 1798 Jesum
1054 1755 1169 1798 tan-

254 1828 395 1882 tum,
435 1820 524 1868 sed
553 1820 611 1866 ut
642 1820 894 1865 Lazarum
920 1818 1169 1879 viderent,

256 1904 411 1949 quem
430 1886 727 1935 suscitavit¹⁴
744 1899 775 1931 a
791 1885 1019 1931 mortuis.

326 1972 409 2017 10.
448 1968 816 2028 Cogitaverunt
843 1969 1006 2013 autem
1025 1967 1169 2025 prin-

258 2038 400 2097 cipes
423 2035 769 2094 sacerdotum,
790 2036 847 2081 ut
864 2035 1169 2081 etLazarum

256 2105 609 2153 interficerent
620 2117 637 2160 ς

330 2175 411 2217 11.
448 2170 564 2228 quia
598 2168 744 2215 multi
780 2170 989 2227 propter
1024 2168 1166 2214 illum

258 2240 467 2287 abibant
482 2251 550 2285 ex
567 2236 771 2283 Iudaeis
786 2266 801 2293 ‚
825 2237 877 2281 et
898 2235 1169 2282 credebant

256 2309 317 2355 in
336 2308 366 2352 J
368 2318 523 2353 esum.

329 2375 410 2419 12.
429 2371 817 2429 ‘’Inxcrastinum
833 2371 1002 2417 autem
1019 2371 1169 2416 turba

252 2440 442 2500 multa,
471 2452 599 2496 quae
626 2439 837 2485 venerat
856 2436 919 2483 ad
938 2436 1069 2484 diem
1086 2438 1167 2484 se-

254 2511 410 2566 stum,
435 2520 547 2553 cum
564 2505 852 2564 audissent,
882 2504 999 2561 quia
1025 2504 1169 2550 venit

252 2576 289 2621 J
292 2586 411 2621 esus
428 2572 806 2632 lerosolymam.

328 2654 409 2700 13.
445 2653 764 2711 Acceperunt
780 2664 948 2698 ramos
969 2650 1164 2709 palma-

252 2734 372 2767 rum
385 2750 400 2779 ‚
429 2722 483 2767 et
497 2719 859 2779 processerunt
876 2719 1076 2765 obviam
1097 2718 1163 2777 ei,

254 2790 312 2835 et
332 2786 633 2835 clamabant:
660 2784 927 2832 Hosanna!
954 2784 1164 2832 benedi-

252 2857 367 2902 ctus
381 2885 396 2914 ,
425 2854 510 2911 qui
528 2852 672 2899 venit
687 2852 742 2897 in
760 2852 967 2899 nomine
984 2852 1164 2898 Domi-

250 2922 329 2982 ni,
349 2922 462 2968 Rex
478 2918 661 2967 Israel!

323 2991 405 3034 14.
440 2988 508 3035 Et
532 2984 733 3034 invenit
758 2986 906 3032 Iesus
934 2984 1161 3046 asellum,

298 3106 439 3144 *Lum
458 3110 503 3149 7,
528 3108 592 3143 46.
621 3115 639 3140 ι
669 3115 709 3152 q.
755 3101 847 3141 ¹¹ch
867 3114 900 3141 c.
926 3104 1073 3145 11‚4a.
1101 3114 1162 3150 sq.

252 3162 274 3179 ν
290 3162 333 3189 v.
352 3154 521 3189 12—15.
552 3152 641 3189 Mat
688 3177 699 3188 .
717 3154 931 3193 21‚1-11.
962 3150 1090 3186 Marc.
1102 3154 1162 3193 11,

247 3202 400 3237 1—10.
429 3197 531 3236 Luc.
549 3202 610 3241 19,
626 3199 794 3235 29—38.

2049 189 2150 240 167

1245 289 1297 334 et
1314 289 1446 335 sedit
1462 301 1614 347 super
1625 303 1755 351 cum,
1767 291 1901 354 sicut
1911 292 2151 349 scriptum

1243 359 1346 401 est:

1310 423 1391 467 15.
1428 422 1587 484 „Noli
1619 424 1822 484 timere,
1860 425 1963 471 filia
1999 425 2146 472 Sion!

1243 502 1400 548 „ecce
1416 519 1432 549 ‚
1452 502 1548 536 rex
1565 491 1680 536 tuus
1701 492 1840 537 venit
1857 492 2038 540 sedens
2060 506 2144 538 ιιι-

1242 569 1374 616 „per
1392 556 1583 615 pullum
1603 557 1829 603 asinae.“
1841 563 1880 586 Ψ

1309 625 1391 668 16.
1426 623 1564 670 Haec
1577 637 1684 669 non
1697 628 2049 682 cognoverunt
2067 626 2144 672 di-

1242 689 1424 747 scipuli
1443 691 1552 748 eJus
1574 691 1815 748 primum3
1837 691 1924 737 sed
1945 693 2142 748 quando

1243 756 1552 815 glorificatus
1565 761 1642 803 est
1653 759 1683 803 J
1685 770 1817 817 esus,
1829 760 1949 804 tunc
1968 772 2143 806 recor-

1243 823 1346 869 dati
1364 826 1497 884 sunt,
1518 825 1634 881 quia
1652 825 1778 871 haec
1797 827 1943 871 erant
1960 826 2146 884 scripta

1242 889 1304 936 de
1324 903 1414 949 eo;
1437 895 1488 938 et
1504 892 1629 938 haec
1646 894 1880 938 fecerunt
1897 892 1960 938 ei.

1308 968 1389 1012 17.
1426 968 1792 1015 Testimonium
1820 981 1944 1028 ergo
1972 970 2144 1028 perhi-

1239 1035 1389 1081 bebat
1413 1036 1586 1096 turba,
1621 1049 1748 1092 quae
1777 1039 1888 1082 erat
1923 1051 2036 1084 cum
2059 1049 2143 1094 eo,

1240 1101 1439 1158 quando
1457 1103 1706 1149 Lazarum
1727 1103 1928 1150 vocavit
1952 1104 2012 1150 de
2030 1116 2142 1150 mo-

1239 1171 1480 1216 numento
1493 1199 1509 1228 ,
1564 1171 1616 1215 et
1658 1170 1921 1217 suscitavit
1965 1185 2079 1217 eum
2112 1184 2144 1216 a

1238 1235 1468 1281 mortuis.
1559 1260 1565 1266 ·

1306 1303 1388 1346 18.
1423 1302 1704 1360 Propterea
1725 1305 1776 1349 et
1795 1304 1995 1350 obviam
2005 1304 2144 1351 venit

1240 1368 1289 1415 ei
1306 1371 1478 1428 turba,
1511 1369 1627 1426 quia
1645 1370 1914 1417 audierunt
1931 1385 2044 1418 eum
2062 1373 2142 1418 fe-

1239 1436 1370 1483 cisse
1387 1436 1487 1482 hoc
1505 1435 1722 1495 signum.

1305 1505 1385 1549 19.
1421 1503 1683 1551 Pharisaei
1725 1517 1850 1564 ergo
1905 1505 2143 1553 dixerunt

1237 1571 1300 1616 ad
1320 1573 1479 1617 semet
1496 1571 1634 1629 ipsos
1645 1583 1662 1618 ·.
1681 1572 1875 1619 Videtis
1888 1603 1902 1632 ,
1925 1573 2042 1629 quia
2057 1574 2141 1620 ni-

1236 1637 1310 1683 hil
1327 1638 1615 1696 proficimus
1627 1639 1648 1684 ἓ
1659 1639 1793 1687 Ecce
1807 1637 2040 1686 imundus
2059 1642 2141 1687 to-

1236 1705 1318 1750 tus
1337 1707 1452 1762 post
1471 1719 1584 1751 eum
1602 1705 1740 1752 abiit.

1307 1771 1386 1816 2⁰.
1421 1769 1586 1817 Erant
1601 1774 1768 1818 autem
1786 1771 1986 1829 quidam
2004 1773 2142 1819 Gen-

1238 1834 1354 1882 tiles
1363 1841 1408 1895 ⁸,
1430 1850 1498 1882 ex
1513 1837 1592 1883 his
1612 1838 1698 1894 qui
1715 1837 2067 1898 ascenderant,
2090 1842 2144 1886 ut

1239 1901 1515 1949 adorarent
1529 1903 1582 1948 in
1606 1904 1686 1950 die
1706 1905 1857 1951 sesto.

1305 1984 1386 2029 21.
1437 1982 1508 2029 Hi
1551 1997 1676 2042 ergo
1719 1988 2044 2033 accesserunt
2081 1988 2142 2033 ad

1234 2050 1546 2110 Philippum5
1574 2052 1659 2109 qui
1690 2054 1801 2099 erat
1827 2067 1858 2099 a
1875 2053 2142 2102 Bethsaida

1237 2118 1521 2177 Galilaeae,
1550 2121 1602 2165 et
1618 2123 1868 2178 rogabant
1893 2135 2032 2181 eum,
2065 2122 2142 2168 di-

1237 2186 1435 2231 centes:
1454 2186 1696 2233 Domine!
1719 2188 1949 2236 volumus
1967 2189 2140 2235 Iesum

1238 2252 1427 2299 videre.

1303 2321 1384 2365 22.
1426 2320 1582 2367 Venit
1624 2322 1886 2382 Philippus
1933 2324 1985 2369 et
2020 2322 2142 2370 dicit

1233 2386 1493 2433 Andreae:
1553 2389 1783 2437 Andreas
1833 2402 2035 2436 rursum
2088 2391 2140 2436 et

1231 2453 1492 2512 Philippus
1512 2453 1755 2503 dixerunt
1770 2458 1802 2502 J
1804 2470 1908 2502 esu.

1301 2521 1383 2565 23.
1417 2523 1449 2567 J
1452 2534 1567 2567 esus
1587 2522 2026 2581 autemrespondit
2043 2524 2135 2582 eis,

1235 2586 1433 2633 dicens:
1461 2588 1616 2635 Venit
1639 2589 1794 2649 hora,
1815 2591 1873 2635 ut
1890 2588 2136 2637 clarifice-

1231 2656 1359 2701 tur-r
1374 2654 1535 2702 Filius
1553 2656 1791 2702 hominis.

1299 2722 1381 2768 24.
1415 2723 1602 2782 Amen,
1638 2734 1785 2769 amen
1823 2721 1936 2769 dico
1971 2725 2134 2784 vobis,

1231 2788 1335 2833 nisi
1361 2802 1574 2847 granum
1599 2788 1842 2835 frumenti
1870 2790 2052 2839 cadens
2081 2792 2134 2838 in

1231 2856 1438 2913 terram,
1457 2856 1711 2901 mortuum
1730 2856 1900 2917 fuerit,

1299 2922 1381 2967 25.
1417 2921 1581 2979 ipsum
1591 2922 1753 2968 solum
1769 2928 1964 2984 manet3
1980 2926 2024 2972 si
2042 2939 2134 2972 au-

1231 2989 1334 3035 tem
1368 2989 1623 3035 mortuum
1664 2991 1845 3051 fuerit,
1891 2993 2133 3040 multum⁸

1277 3110 1312 3132 ¹⁹
1329 3104 1452 3143 zach.
1469 3108 1507 3149 9,
1524 3110 1562 3144 9.
1609 3114 1638 3135 ⁰
1654 3108 1706 3145 cf.
1727 3120 1759 3147 ο.
1778 3113 1823 3152 7,
1850 3110 1911 3147 35.
1951 3107 2046 3145 Act.
2073 3113 2130 3146 17.

1227 3155 1269 3235 t.
1286 3158 1357 3236 32?
1376 3150 1428 3190 cf.
1445 3163 1479 3191 e.
1495 3156 1555 3197 17,
1573 3158 1607 3191 1.
1655 3154 1764 3192 Phil.
1782 3159 1820 3198 2,
1837 3160 1872 3193 9.
1892 3164 1976 3203 sqq.
2039 3160 2057 3179 ⁸
2078 3154 2129 3193 cf.

370 3344 485 3400 Cap.
515 3342 629 3387 ΧΗ.
686 3347 730 3387 3.
760 3346 897 3387 unxit
916 3346 1085 3399 (omisa
1108 3344 1323 3400 etham.
1343 3344 1527 3402 capillis
1546 3349 1640 3392 suis
1693 3349 1800 3391 edes
1821 3348 1932 3400 ejus·
1990 3352 2031 3391 4.
2063 3350 2131 3392 ‹li-

251 3402 341 3452 cit3
370 3400 481 3444 ibid.
513 3398 748 3443 scariotis.
806 3404 849 3443 7.
890 3402 1002 3444 sinc·
1062 3406 1129 3445 12.
1169 3401 1500 3457 Hierosolyma.
1561 3408 1628 3446 13.

1695 3402 1860 3446 srahel.
1920 3406 1988 3446 19.
2017 3404 2133 3447 nihil

250 3458 516 3514 proficimus
534 3454 609 3511 (in
636 3454 847 3513 margins
871 3455 1017 3501 literis
1044 3457 1340 3513 minusculis).
1397 3462 1466 3503 20.
1499 3458 1692 3513 gentiles
1711 3458 1905 3511 quidam.
1963 3462 2031 3501 22.
2063 3462 2128 3504 di-

253 3517 381 3559 cunt.
442 3515 512 3555 23.
544 3510 833 3565 glorificetur·
