2376 3925
649 171 860 215 Slxrl
903 170 1172 222 QUINTI
1221 172 1661 219 PRAEFATIO·
1896 173 2057 218 xux

193 317 262 350 ne
280 303 332 348 id
349 300 591 349 licentius
607 296 748 346 fieret
763 311 912 356 quam
941 311 1154 356 aequum
1172 303 1308 360 erat,
1338 299 1503 347 solers
1524 302 1690 348 cautio
1710 300 1932 348 adhibita
1948 302 2059 348 fuit.

195 390 372 445 Neque
401 385 539 432 enim
565 384 850 441 ignoramus
879 381 1064 428 multos
1094 396 1238 443 esse,
1276 383 1363 441 qui
1390 384 1653 442 plerasque
1671 387 1883 432 Latinae
1909 385 2059 442 huju-s

196 469 438 518 editionis
458 480 634 524 voces,
663 477 722 512 ac
737 465 1051 525 locutiones,
1082 467 1315 527 proprie,
1346 470 1435 513 ant
1450 466 1708 526 eleganter
1721 500 1735 528 ,
1756 473 1843 516 aut
1859 469 2059 527 perspi-

197 569 291 602 cue
302 586 318 614 ,
335 555 426 599 aut
443 550 658 598 breviter
669 578 686 608 ,
715 551 804 596 ant
821 549 1027 608 copiose
1046 550 1205 608 magis
1218 581 1234 610 ,
1264 553 1352 596 aut
1368 554 1618 608 tamquam
1637 554 1803 600 verbis
1820 553 1885 598 ad
1906 555 2059 600 verba

198 637 478 694 dernensis,
517 647 542 680 s
565 632 748 678 Latino
783 633 1060 692 interprete
1089 634 1219 680 verti
1247 635 1472 692 potuisse
1502 635 1805 682 existiment.
1870 638 2060 682 Verum

198 724 264 769 de
281 722 362 768 his
377 717 564 766 minuta
581 716 816 777 nimium,
837 721 888 765 et
915 721 1130 776 angusta
1148 719 1461 764 concertatio
1482 719 1705 765 videtur:
1742 732 1905 775 neque
1926 720 2059 766 enim

197 806 335 853 tanti
358 801 488 859 sunt,
516 800 578 845 ut
597 812 706 845 non
737 800 800 846 iis
821 802 873 847 et
890 800 1191 859 antiquioris
1210 801 1473 850 Ecclesiae
1490 803 1673 862 religio
1686 834 1701 863 ,
1732 806 1783 848 et
1800 802 2059 848 sanctissi-

201 885 611 937 morunvPa-trum
633 883 750 942 =iure
779 887 1118 943 anteponatur
1138 886 1437 932 auctoritas:
1473 899 1781 945 prorsusque
1800 885 2061 943 indignum

205 977 315 1032 est,
331 975 364 1016 l.
387 967 638 1026 Gregorio
658 968 706 1027 ⁶)
725 971 880 1028 teste,
911 973 966 1016 ut
984 972 1074 1016 sub
1091 969 1283 1016 Donati
1298 969 1489 1028 regulis
1512 973 1663 1018 verba
1684 969 1921 1017 coelestis
1940 981 2059 1015 ora-

205 1058 306 1105 cul-⁰
321 1051 720 1110 restringantur:
758 1066 818 1101 ac
845 1056 986 1099 tanta
1014 1067 1106 1111 per
1128 1067 1185 1099 se
1215 1057 1291 1100 est
1305 1053 1553 1112 Vulgatae
1580 1054 1815 1101 editionis
1834 1053 2059 1101 auctori-

205 1147 270 1190 ω
286 1168 303 1196 ,
331 1138 530 1193 tamque
561 1137 818 1186 excellens
846 1139 1179 1198 praestantia,
1210 1142 1267 1185 nt
1290 1139 1534 1197 majorem
1555 1139 1841 1186 desiderare
1859 1138 2061 1196 penitus

193 1225 350 1268 inane
371 1220 614 1266 videatur.
687 1221 784 1275 Qui
803 1235 1016 1280 namque
1034 1222 1087 1269 in
1109 1237 1170 1269 ea
1185 1222 1305 1270 libri
1323 1224 1647 1270 continentur
1658 1253 1673 1282 ,
1704 1221 1785 1281 (ut
1800 1235 1832 1268 a
1848 1220 2059 1279 majori-

195 1310 286 1352 bus
305 1305 497 1350 nostris
517 1304 660 1361 quasi
678 1319 768 1363 per
787 1319 962 1352 manus
979 1306 1221 1354 traditum
1236 1307 1384 1354 nobis
1404 1306 1503 1366 est)
1532 1306 1719 1353 retenti
1746 1308 1864 1351 sunt
1879 1305 2061 1363 partim

195 1403 261 1436 ex
281 1389 553 1445 communi,
575 1391 626 1435 et
644 1389 989 1447 antiquissima
1007 1391 1219 1447 quadam
1238 1391 1460 1438 editione
1476 1391 1674 1450 Latina,
1694 1403 1840 1448 quam
1858 1391 2061 1436 sanctus

193 1475 535 1532 Hieronymus
553 1465 600 1532 l³)
628 1473 893 1532 vulgatam
922 1475 1221 1535 editionem,
1257 1477 1304 1522 b.
1326 1475 1631 1534 Augustinus
1648 1474 1691 1535 ⁶)
1711 1474 1912 1531 Italam,
1942 1486 2062 1520 san-

197 1562 308 1604 etus
338 1557 618 1615 Gregorius
639 1549 689 1617 ἆ)
708 1559 942 1604 Veterem
959 1559 1345 1607 translationem
1372 1560 1657 1619 appellant,
1696 1571 1843 1616 quam
1860 1561 2063 1604 sanctus

197 1643 370 1688 itidem
387 1640 698 1699 Augustinus
721 1642 926 1701 ceteris,
955 1655 1082 1699 quae
1109 1647 1230 1691 tunc
1255 1643 1502 1702 plurimae
1529 1643 1585 1688 in
1604 1656 1697 1688 usu
1716 1644 1887 1700 erant,
1914 1641 2065 1688 etiam

197 1724 581 1782 praeferendam
609 1724 830 1784 censuit,
869 1726 1000 1782 quod
1031 1729 1165 1772 esset
1193 1730 1463 1774 verborum
1488 1726 1718 1773 tenacior
1740 1739 1851 1772 cum
1868 1724 2067 1782 perspi-

204 1809 387 1855 cuitate
405 1809 690 1855 sententiae
704 1823 721 1866 3¹
756 1809 935 1866 partim
957 1823 1022 1854 ex
1041 1811 1204 1855 sancti
1220 1810 1522 1869 Hieronymi
1538 1808 1871 1855 translatione
1891 1807 2071 1852 adsciti

203 1895 373 1952 fuere,
399 1893 580 1951 quibus
612 1892 802 1938 idcirco
823 1894 1036 1949 quantus
1054 1891 1223 1938 honor
1243 1893 1547 1939 deferendus
1563 1892 1654 1950 sit,
1682 1890 1727 1936 is
1744 1889 1895 1937 facile
1913 1889 2065 1939 intel-

197 1978 338 2037 ligit,
377 1978 463 2035 qui
494 1990 671 2023 eorum
688 1977 980 2035 interpretis
1011 1977 1307 2036 dignitatem
1330 1977 1577 2035 agnoscit.
1644 1974 1769 2021 Fuit.
1789 1974 1922 2021 enim
1948 1988 2065 2021 san-

201 2067 310 2109 ctus
329 2062 672 2120 Hieronymus
703 2062 784 2119 [ut
797 2062 942 2108 inter
961 2064 1191 2109 caeteros
1211 2062 1341 2108 idem
1362 2063 1407 2107 b.
1427 2058 1737 2119 Augustinus
1754 2058 1798 2119 θ)
1830 2060 2067 2118 testatur]

201 2147 427 2204 Graeco,
446 2145 658 2204 Latino,
689 2148 741 2191 et
757 2146 988 2193 Hebraeo
1011 2146 1235 2193 eruditus
1256 2146 1458 2203 eloquio
1471 2176 1487 2205 ,
1515 2146 1567 2193 et
1592 2158 1659 2192 ex
1676 2144 1975 2191 occidentali
2005 2144 2067 2189 ad

199 2228 502 2275 orientalem
528 2229 782 2275 transiens
801 2229 1104 2290 Ecclesiam,
1135 2231 1190 2276 in
1208 2230 1541 2277 locissanctis
1553 2260 1569 2289 ,
1588 2228 1869 2285 litterisque
1888 2230 2065 2288 sacris,

199 2314 264 2359 ad
283 2313 590 2371 decrepitam
610 2326 766 2369 usque
786 2313 916 2360 vixit
933 2318 1173 2361 aetatem:
1214 2316 1363 2372 atque
1384 2327 1577 2374 omnes,
1598 2313 1685 2370 qui
1702 2314 1819 2359 ante
1838 2312 1979 2359 illum
1999 2326 2067 2361 ex

201 2399 418 2453 utraque
436 2396 574 2443 orbis
594 2401 736 2454 parte
763 2396 823 2443 de
843 2397 1072 2445 doctrina
1087 2398 1451 2445 Ecclesiastico.
1474 2397 1812 2455 scripserant,
1841 2410 1971 2453 pene
1993 2396 2069 2441 vi-

203 2481 300 2539 dit,
320 2482 404 2526 aut
419 2480 567 2539 legit:
599 2494 810 2538 eumque
828 2494 933 2527 non
950 2481 1100 2527 modo
1110 2481 1447 2540 Augustinus,
1461 2480 1794 2538 Chromatius,
1812 2480 2069 2539 Paulinus,

206 2563 467 2621 ceterique
515 2564 818 2609 sanctissimi
835 2564 1102 2623 Episcopi,
1133 2563 1223 2611 sed
1246 2564 1395 2610 etiam
1412 2564 1655 2610 Damasus
1672 2562 1913 2609 Pontifex
1927 2563 2068 2609 Rom.

203 2648 268 2693 de
305 2647 666 2705 scripturarum
699 2647 827 2694 locis
867 2646 1219 2694 consulebant.
1284 2648 1391 2694 Nec
1426 2646 1679 2694 immerito
1715 2649 1905 2693 tantam
1938 2649 2070 2705 apud

203 2743 381 2777 omnes
399 2730 622 2777 nominis
643 2730 997 2790 celebritatem,
1018 2731 1071 2777 in
1092 2732 1377 2777 sanctarum
1396 2730 1693 2789 praesertim
1710 2729 2071 2787 scripturarum

197 2814 416 2861 scientia
428 2844 442 2873 ,
472 2814 680 2871 adeptus
699 2816 888 2874 fuerat;
925 2829 1038 2861 cum
1055 2814 1118 2861 ad
1137 2828 1248 2860 eam
1268 2813 1673 2870 consequendam
1690 2813 1843 2862 nullis
1865 2816 2067 2876 vigiliis,

197 2898 356 2945 nullis
375 2898 872 2957 peregrinationibus
895 2898 1197 2957 pepercerit,
1217 2901 1269 2944 et
1287 2897 1609 2943 doctissimos
1630 2910 1853 2955 quosque
1872 2899 1925 2947 in
1946 2900 2067 2947 Gal-

197 2982 270 3029 lia
296 2982 579 3029 audiverit:
627 2981 1068 3039 Constantinopoli
1085 2981 1389 3040 Gregorium
1416 2981 1815 3043 Nazianzenum,
1844 2985 2069 3031 Alexan-

201 3067 340 3113 driae
358 3066 648 3125 Didymum,
671 3068 722 3111 et
737 3066 867 3112 ulios
887 3066 1006 3113 alibi
1035 3065 1425 3123 coinquinaverit,
1454 3078 1570 3112 usus
1602 3066 1815 3125 denique
1846 3068 2067 3117 clarissi-

315 3290 367 3338 α)
400 3286 554 3340 Epist.
575 3287 632 3327 ad
654 3286 850 3328 Leandr.
885 3288 932 3327 in
953 3299 1114 3341 expos.
1137 3284 1225 3326 Job
1247 3298 1285 3326 c.
1306 3288 1345 3326 5.
1404 3285 1451 3339 b)
1484 3283 1534 3327 S.
1556 3286 1741 3328 Hieron.
1772 3290 2004 3327 comment.
2024 3286 2071 3326 in

201 3358 350 3401 Isaiae
379 3372 481 3411 cap.
497 3362 567 3401 49.
588 3358 720 3401 Tom.
741 3364 782 3400 4.
824 3360 866 3411 c)
897 3358 944 3400 S.
965 3359 1154 3410 August.
1173 3356 1209 3400 l.
1227 3361 1268 3399 2.
1291 3358 1346 3399 de
1368 3358 1521 3399 Doctr.
1546 3357 1713 3399 Christ.
1736 3371 1833 3411 cap.
1857 3354 2069 3399 15.Tom.

201 3433 245 3471 3.
307 3432 356 3481 d)
389 3430 580 3481 Gregor.
601 3431 748 3484 Epist.
774 3431 832 3471 ad
855 3430 1051 3473 Leandr.
1081 3432 1128 3471 in
1149 3430 1483 3485 expositionem
1502 3430 1588 3471 Job
1619 3442 1718 3484 cap.
1738 3434 1778 3470 5.
1837 3430 1879 3481 e)
1911 3428 2070 3493 Liby.

203 3507 362 3544 eontra
379 3501 612 3544 Julianus·
633 3502 937 3555 Pelagisnum.
961 3504 1094 3546 Tom.
1115 3508 1156 3546 ‘i-
1648 3558 1673 3593 3
