2376 3925
629 175 834 222 SIXTI
880 175 1146 228 QUINTI
1193 179 1639 227 PRAEFATIO.
1985 179 2052 223 LI

195 311 490 358 nostrorum
505 305 839 364 sanctitatem,
859 305 1179 365 sapientiam,
1212 318 1511 353 consensum
1524 337 1539 366 ,
1569 307 2051 362 vetustissimamque

197 392 458 442 Ecclesiae
479 387 884 437 consuetudinem
902 401 1008 434 non
1028 390 1222 449 vereri,
1256 391 1514 437 temeritas
1542 391 1717 450 plane,
1743 389 2050 448 pertinacia-

197 492 292 536 que
329 473 587 524 censenda
617 472 702 516 est.
768 471 932 528 Atque
967 472 1156 520 ideirco
1187 477 1235 521 b.
1258 475 1625 533 Hieronymus,
1662 473 1747 530 qui
1770 474 2047 530 Hebraeos,

199 563 522 616 Graecosque
538 553 914 612 interrogandos
933 568 1046 602 esse
1065 557 1225 603 dubiis
1243 557 1297 603 in
1318 561 1467 605 rebus
1486 556 1738 615 admonet,
1749 557 1881 603 idem
1898 557 2049 603 etiam

197 646 377 704 sentit,
417 655 482 690 eo
508 649 603 688 ron
629 636 732 682 nisi
757 650 935 698 parce,
961 641 1014 685 et
1039 643 1226 697 quanto
1252 642 1417 688 rarius
1443 641 1553 688 fieri
1582 641 1750 698 potest
1778 639 1891 698 (ne,
1920 653 2047 696 quae

198 731 356 788 {ongo
383 721 578 777 tempta
605 722 723 766 sunt
749 734 870 781 usu,
906 723 1168 783 fluctuent)
1206 724 1581 771 recurrendum.
1654 724 1765 777 Qua
1792 723 1852 768 de
1880 735 2045 781 causa,

201 813 269 861 341
295 811 422 858 novi
436 804 744 850 testamenti
781 805 1163 854 translationem
1191 807 1239 867 α)
1254 838 1268 867 ,
1308 808 1532 866 quamvis
1566 808 1804 854 hortante
1830 807 2046 853 Damaso

203 897 455 946 Pontfflee,
489 886 684 933 tardior
710 888 832 949 fuit,
869 889 1005 948 pium
1032 891 1291 949 appellans
1320 891 1569 950 laborem,
1599 891 1688 938 sed
1714 889 2049 949 periculosam

205 971 665 1041 praeumptionem,
674 971 903 1029 judicare
923 973 984 1021 de
1025 975 1207 1021 ceteris
1216 975 1375 1034 ipsum
1388 977 1451 1022 ab
1462 976 1690 1023 omnibus
1705 974 2046 1032 judicandum,

205 1068 322 1113 ,as
351 1059 548 1102 mutare
565 1055 786 1112 linguam
801 1086 815 1115 ,
837 1059 888 1102 et
905 1061 1253 1105 canescentem
1266 1059 1371 1116 jam
1389 1058 1622 1105 mundum
1642 1059 1705 1105 ad
1720 1059 1865 1104 initia
1882 1061 2047 1106 retra-

206 1152 311 1197 bre
327 1138 671 1198 parvulorum.
742 1140 866 1193 Quis
887 1140 1020 1186 enim
1042 1141 1217 1188 doctus
1234 1142 1452 1202 pariter,
1482 1141 1565 1188 vel
1582 1142 1814 1189 indoctus
1827 1173 1841 1202 ,
1863 1157 1973 1189 cum
1990 1143 2046 1188 in

187 1236 361 1271 ,nanus
383 1222 620 1269 volumen
639 1225 931 1284 sumpserit,
952 1227 1002 1270 et
1020 1238 1050 1270 a
1068 1225 1255 1286 saliva,
1278 1238 1423 1282 quam
1442 1225 1599 1272 semel
1616 1225 1833 1286 imbibit,
1866 1226 2049 1273 viderit

187 1309 476 1366 discrepare
501 1307 634 1364 quod
651 1307 868 1367 lectitat,
895 1321 1002 1355 non
1031 1310 1200 1356 statim
1228 1313 1455 1367 erumpat
1482 1309 1537 1355 ln
1556 1321 1731 1355 vocem
1744 1340 1759 1368 ,
1789 1309 2048 1357 falsarium

186 1393 328 1440 illum
347 1390 608 1438 clamitans
621 1421 636 1450 ‚
667 1393 719 1438 et
735 1391 1035 1451 sacrilegum
1047 1423 1061 1452 ,
1091 1393 1174 1451 qui
1204 1394 1386 1441 audeat
1410 1393 1466 1440 in
1486 1392 1737 1440 veteribus
1756 1393 1938 1440 litteris
1956 1395 2045 1440 ad-

185 1477 334 1536 dere,
361 1478 583 1533 mutare,
614 1475 902 1532 corrigere?
969 1475 1393 1535 Notissimumque
1430 1479 1509 1524 est
1535 1477 1660 1524 illud
1689 1477 1749 1524 de
1766 1478 1930 1524 lonae
1959 1493 2048 1526 cn-

191 1559 385 1608 curbita
401 1552 447 1619 ὀ)
461 1590 476 1618 ,
505 1571 634 1615 quae
661 1558 716 1604 in
735 1559 909 1605 Veteri
927 1559 1162 1628 editione·
1176 1561 1467 1620 legebatur3
1502 1574 1595 1619 pro
1617 1575 1715 1619 qua
1732 1575 1841 1608 cum
1860 1563 2048 1609 Hiero-

187 1657 367 1704 nymus
387 1643 622 1689 hederam
640 1643 918 1702 posuisset,
953 1644 1166 1700 quodam
1193 1645 1247 1691 in
1267 1645 1439 1692 Africa
1460 1645 1715 1703 Episcopo
1745 1644 2050 1704 iuterpreta-

188 1729 382 1775 tionem
397 1726 699 1785 Hieronymi
716 1725 771 1772 in
788 1726 1020 1773 Ecclesia
1036 1727 1295 1774 lectitante
1307 1759 1322 1788 ,
1349 1729 1511 1774 factus
1530 1730 1608 1775 est
1625 1730 1793 1774 tantus
1812 1729 2050 1775 tumultus

185 1813 244 1859 in
259 1811 406 1871 plebe
424 1810 634 1868 propter
651 1809 800 1856 unius
818 1811 961 1857 verbi
979 1810 1357 1871 dissonantiam,
1378 1813 1437 1858 ut
1455 1814 1656 1858 coactus
1674 1813 2050 1872 sitEpiscopus,

186 1910 260 1943 ne
288 1893 574 1942 sacerdotio
602 1893 931 1954 dejiceretur,
969 1894 1206 1940 damnare
1236 1893 1369 1950 quod
1396 1894 1607 1952 legerat.
1678 1895 1846 1948 Quare
1870 1896 2051 1942 merito

185 1994 332 2027 sacra
351 1976 906 2039 'tridentina-synodus
927 1978 1113 2026 veteris
1131 1977 1380 2036 Vulgatae
1400 1977 1637 2025 editionis
1654 1978 1811 2026 libros
1829 1994 1936 2027 non
1954 1981 2049 2028 ali-

183 2068 263 2111 ter
272 2064 336 2125 ⁰),
359 2076 507 2121 quam
527 2066 680 2122 prout
695 2062 993 2111 inEcclesia
1008 2063 1114 2123 legi
1133 2065 1525 2120 consueverunt,
1546 2076 1639 2121 pro
1662 2065 1919 2112 canonicis
1938 2080 2050 2113 sus-

183 2149 448 2208 cipiendos
487 2147 726 2195 decrevit.
793 2149 900 2194 Nos
925 2151 1090 2195 autem
1114 2151 1172 2194 ut
1200 2148 1323 2195 haec
1350 2148 1506 2193 Vetus
1537 2147 1721 2207 editio,
1761 2163 1886 2206 quae
1914 2166 2051 2199 nunc

179 2234 355 2292 prodit
378 2234 562 2279 nostro
597 2245 785 2279 excusa
819 2232 1024 2291 praelo,
1063 2231 1287 2290 ejusdem
1317 2232 1511 2291 Synodi
1542 2234 1855 2291 praescripto
1888 2236 2053 2282 modis

179 2317 418 2364 omnibus
439 2316 802 2375 responderet,
830 2329 936 2362 non
963 2315 1127 2362 solum
1146 2318 1373 2375 veteres,
1400 2317 1453 2362 et
1478 2318 1539 2362 ab
1558 2315 1789 2362 Ecclesia
1818 2321 2051 2375 receptos

179 2400 432 2459 loquendi
463 2400 642 2446 modos
673 2400 1108 2459 conservavimus,
1135 2399 1225 2446 sed
1257 2399 1406 2446 etiam
1443 2400 1731 2458 apocrypha
1764 2400 2051 2459 rejecimus,

181 2484 479 2532 authentica
495 2484 811 2530 retinuimus.
877 2485 1004 2531 Nam
1021 2484 1245 2543 tertium,
1267 2485 1318 2529 et
1334 2485 1564 2540 quartum
1580 2482 1774 2529 Esdrae
1790 2482 1950 2530 libros
1970 2484 2051 2529 in·

179 2569 408 2627 scriptos
422 2598 436 2627 ,
457 2570 510 2615 et
527 2566 732 2614 tertium
749 2568 1195 2626 machabaeorum,
1228 2578 1353 2625 quos
1374 2566 1606 2625 synodus
1626 2566 1760 2613 inter
1778 2567 2052 2614 canonicos

179 2666 292 2700 non
311 2653 631 2712 annumerat,
653 2651 1038 2699 assentientibus
1060 2652 1209 2698 etiam
1226 2650 1281 2697 in
1298 2650 1397 2696 hoc
1417 2649 1686 2708 praedictis
1707 2650 2051 2698 Cardinalibus

180 2736 604 2796 congregationis
653 2750 803 2795 super
841 2735 1201 2795 Typographia
1236 2735 1479 2781 Vaticana
1516 2733 1805 2792 deputatae,
1852 2736 1912 2781 ab
1956 2736 2051 2783 hac

175 2820 408 2868 editione
435 2831 648 2878 prorsus
683 2820 1008 2879 explosimns.
1079 2818 1374 2865 Orationem
1410 2817 1559 2862 etiam
1585 2817 1875 2879 Manassae,
1922 2834 2049 2878 quae

175 2918 346 2963 neque
365 2906 421 2951 in
439 2905 672 2951 Hebraeo
689 2934 704 2963 ,
731 2917 895 2961 neque
913 2903 968 2949 in
989 2903 1184 2949 Graeco
1204 2904 1347 2947 textu
1368 2900 1471 2957 est,
1490 2912 1655 2956 neque
1674 2899 1727 2945 in
1749 2903 2048 2961 antiquiori-

171 2992 269 3036 bus
288 2987 648 3045 manuscriptis
666 2988 860 3034 Latinis
881 2986 1251 3043 exemplaribus
1272 2982 1553 3041 reperitu13
1588 2984 1679 3031 sed
1706 2986 1759 3031 in
1788 2987 2047 3046 impressis

170 3076 370 3119 tantum
391 3073 512 3132 post
527 3071 710 3118 librum
727 3069 998 3117 secundum
1017 3068 1443 3125 Paralipomenon
1474 3068 1627 3115 affixa
1654 3072 1731 3116 est
1744 3100 1760 3129 ,
1798 3074 2045 3127 tamquam

171 3158 427 3215 insutam,
457 3154 729 3214 adjectam,
760 3158 812 3201 et
836 3154 892 3200 in
917 3154 1062 3199 textu
1087 3162 1349 3197 sacrorum
1375 3148 1620 3199 librorum
1646 3152 1813 3199 locum
1830 3167 1937 3200 non
1953 3152 2047 3199 ha-

173 3243 414 3300 bentem,
449 3237 838 3296 repudiavimus.
916 3234 1201 3284 Nonnullas
1247 3234 1396 3281 etiam
1440 3235 1709 3294 aliquando
1754 3236 2046 3293 sententias,

292 3428 346 3481 a)
376 3425 436 3469 In
463 3424 662 3479 praefat.
693 3430 882 3481 quatuor
910 3423 1271 3479 Evangeliorum.
1306 3422 1439 3468 Tam.
1468 3426 1510 3466 3.
1569 3424 1618 3475 ὁ)
1646 3422 1797 3476 Epist.
1828 3426 1894 3465 10.
1916 3427 1963 3465 et
1982 3428 2048 3466 ¹1.

171 3498 300 3542 Ten
341 3503 383 3542 1.
443 3498 488 3551 c)
519 3494 641 3541 Sess.
659 3502 702 3541 4.
1586 3552 1612 3587 3
1632 3556 1651 3572 ·
