2376 3925
423 141 687 194 Ac'rus
738 143 1395 204 APOSTOLORUM.
1452 157 1619 208 cAP.
1658 160 1845 213 24.25.

1982 166 2081 217 231

196 212 2089 252 Ἣ

201 245 466 300 praestare
483 244 692 292 Judaeis
709 245 884 307 Felix,
904 248 1112 306 reliquit
1179 253 1303 300 dens
1321 256 1479 302 Paulo
1492 289 1507 318 ,
1528 259 1679 307 dixit:
1707 264 1796 309 Vis
1822 267 2083 326 lerosoly-

199 309 415 356 Paulum
434 311 673 358 vinctum.

459 431 632 482 cAP.
687 431 858 486 XXV.

199 526 376 572 Paulus
395 529 455 571 ad
471 528 708 573 Caesarem
726 535 956 587 provocat.
991 531 1108 575 Cau-

202 597 297 627 sam
317 589 367 628 et
385 599 626 640 personam
645 587 840 642 apostoli
853 588 1019 632 Festus
1037 590 1108 631 in-

397 641 525 684 dicat
541 640 772 698 Agrippae
798 645 911 696 regi.

266 736 314 780 1.
352 732 534 780 Festus
573 747 696 793 ergo
735 749 846 781 cum
882 737 1107 784 venisset

198 802 252 846 in
280 798 614 860 provinciam,
652 803 770 859 post
799 803 1019 850 triduum
1049 818 1105 850 a-

197 868 396 914 scendit
416 869 778 927 lerosolymam
799 883 828 915 a
841 871 1105 917 Caesarea.

267 936 317 980 2.
345 934 688 992 Adieruntque
719 950 830 982 eum
850 937 1105 996 principes

198 1001 545 1062 sacerdotum,
559 1005 610 1049 et
617 1003 809 1060 primis
813 1004 1103 1064 udaeorum,

195 1069 440 1116 adversus
476 1069 683 1116 Paulum
700 1084 714 1128 ς
763 1073 814 1116 et
855 1073 1107 1130 rogabant

198 1150 313 1182 eum

265 1167 333 1249 3.’
348 1203 663 1261 postulantes
689 1205 902 1263 gratiam
920 1206 1106 1253 adver-

193 1284 280 1316 sus
302 1284 419 1316 eum
431 1301 445 1329 ,
477 1273 530 1317 ut
542 1273 747 1329 juberet
765 1273 972 1330 perduci
991 1288 1106 1321 eum

191 1338 249 1383 in
268 1337 568 1398 Ierusalem,
589 1339 798 1386 insidias
817 1340 1103 1402 tendentes,

189 1407 252 1450 ut
270 1405 614 1452 interficerent
633 1419 747 1452 eum
767 1406 824 1453 in
842 1409 926 1454 via
935 1415 976 1454 ⁹.

258 1473 309 1516 4.
328 1472 508 1518 Festus
518 1476 684 1520 autem
696 1475 976 1535 respondit,
990 1487 1102 1522 ser-

188 1539 306 1584 vari
323 1539 534 1585 Paulum
552 1541 606 1586 in
629 1542 904 1601 Caesarea3
935 1556 989 1589 se
1009 1556 1102 1590 au-

187 1610 296 1654 tem
313 1607 558 1654 maturius
577 1609 939 1665 profecturum.

260 1675 307 1719 5.
348 1673 448 1727 Qui
467 1687 593 1730 ergo
622 1674 676 1718 in
703 1674 848 1720 vobis
871 1673 985 1734 (ait)
1006 1690 1103 1733 po-

185 1741 358 1788 tentes
381 1742 526 1797 sunt,
554 1739 915 1786 descendentes
936 1742 1102 1802 simul,

186 1809 232 1854 si
252 1806 394 1865 quod
415 1807 494 1852 est
509 1805 564 1851 in
583 1805 694 1852 viro
716 1807 932 1868 crimen,
953 1821 1104 1854 accu-

186 1877 304 1923 sent
326 1887 460 1920 eum.

255 1945 305 1989 6.
341 1941 647 1989 Demoratus
666 1943 834 1989 autem
857 1943 992 1991 inter
1011 1957 1101 1992 eos

185 2011 300 2057 dies
336 2021 445 2055 non
481 2010 720 2070 amplius,
769 2024 916 2067 quam
962 2014 1098 2072 octo,

185 2080 279 2124 aut
297 2077 486 2135 decem,
511 2077 770 2123 descendit
781 2079 1096 2140 Caesaream,

184 2148 239 2193 et
259 2144 422 2191 altera
449 2144 529 2190 die
558 2144 687 2190 sedit
714 2159 808 2203 pro
837 2148 1095 2209 tribunali,

185 2215 239 2259 et
255 2211 408 2270 jussit
424 2211 633 2257 Paulum
652 2213 845 2260 adduci.

258 2280 306 2324 7.
343 2279 444 2332 Qui
481 2293 591 2325 cum
630 2280 901 2338 perductus
941 2285 1093 2342 esset,

184 2346 629 2394 circumsteterunt
648 2361 786 2407 eum,
816 2350 902 2405 qui
930 2352 991 2395 ab
1012 2352 1094 2396 Ie-

181 2412 448 2472 rosolyma
495 2414 859 2461 descenderant
893 2415 1091 2477 Iudaei,

179 2480 368 2526 multas
389 2484 441 2526 et
459 2494 639 2539 graves
653 2494 828 2527 causas
843 2483 1093 2541 objicien-

178 2550 282 2606 tes,
303 2558 425 2605 quas
446 2561 550 2593 non
564 2549 800 2605 poterant
817 2553 1092 2608 probare‘v,

253 2616 301 2659 8.
337 2614 496 2660 Paulo
534 2616 785 2662 rationem
819 2617 1089 2664 reddente:

181 2681 440 2734 Quoniam
451 2694 614 2738 neque
627 2683 680 2728 in
690 2682 855 2741 legem
865 2684 1090 2731 Iudaeo-

177 2762 315 2807 rum,
353 2762 518 2805 neque
548 2748 601 2793 in
629 2749 884 2810 templum,
923 2765 1089 2809 neque

180 2816 238 2861 in
263 2816 529 2862 Caesarem
550 2815 814 2872 quidquam
834 2819 1087 2874 peccavi-³.

251 2884 298 2927 9.
333 2882 514 2928 Festus
535 2883 700 2927 autem
719 2883 898 2929 volens
929 2884 1088 2942 grati-

181 2954 305 2995 amy
322 2953 583 3007 praestare
610 2949 840 3008 Judaeis,
870 2963 1086 3008 respon-

226 3051 248 3070 v
267 3056 302 3079 c.
320 3047 384 3085 23,
405 3046 462 3081 1⁵.
509 3051 542 3070 ω
563 3056 596 3082 c.
613 3046 676 3088 24,
694 3046 731 3082 5.
749 3048 808 3082 13.
855 3050 884 3070 ·
901 3057 935 3083 c.
953 3049 1085 3091 24‚12.

179 3098 202 3123 5
225 3101 261 3125 c.
281 3093 344 3132 24,
363 3094 423 3127 27.

1176 333 1305 366 mam
1326 325 1627 386 ascendere,
1657 331 1707 374 et
1724 330 1793 377 ibi
1822 332 1883 378 de
1904 333 1981 380 his
1995 336 2081 392 ju-

1177 386 1337 434 dicari
1357 391 1485 448 apud
1507 395 1620 439 me?

1245 456 1324 500 10.
1360 456 1506 504 Dixit
1543 463 1705 508 autem
1742 465 1955 513 Paulus:
2002 471 2081 516 Ad

1173 521 1397 568 tribunal
1444 526 1675 574 Caesaris
1720 533 1827 591 sto,
1884 534 1955 580 ibi
1998 550 2077 583 me

1175 592 1381 646 oportet
1420 591 1665 653 ,iudieari3
1722 598 1927 646 Iudaeis
1973 617 2079 649 non

1173 657 1342 715 nocui,
1365 658 1494 704 sicut
1512 663 1566 705 tu
1584 662 1762 709 melius
1782 667 1935 713 nosti.

1242 724 1323 768 11.
1360 725 1415 770 Si
1434 727 1570 772 enim
1587 731 1759 789 nocui,
1770 736 1857 778 aut
1875 734 2078 792 dignum

1172 792 1337 836 morte
1364 791 1552 848 aliquid
1586 796 1713 854 feei,
1750 811 1856 845 non
1895 814 2077 849 recuso

1171 856 1330 913 mori3
1374 858 1419 904 si
1456 873 1577 907 vero
1616 863 1745 910 nihil
1780 871 1857 912 est
1886 881 2077 929 eorum,

1174 935 1301 979 quae
1320 923 1372 970 hi
1392 931 1631 975 accusant
1654 943 1761 992 me,
1792 947 1941 980 nemo
1961 940 2076 994 pot-

1173 993 1252 1035 est
1268 1004 1348 1038 me
1368 991 1469 1040 illis
1499 995 1738 1044 donare&
1810 1002 2078 1050 Caesarem

1172 1058 1393 1114 appello.

1240 1126 1321 1170 12.
1359 1128 1502 1175 Tunc
1520 1129 1701 1178 Festus
1722 1147 1835 1180 cum
1854 1137 2075 1185 concilio

1171 1190 1399 1253 locutus,
1452 1199 1741 1254 respondit:
1811 1203 2077 1252 Caesarem

1171 1259 1473 1317 appellasti'.l
1494 1263 1557 1308 ad
1578 1266 1844 1314 Caesarem
1863 1270 1959 1316 ibis
1970 1271 2014 1315 ⁰!

1240 1327 1320 1372 13.
1357 1328 1427 1374 Et
1445 1343 1555 1374 cum
1569 1331 1673 1378 dies
1694 1333 1888 1392 aliquot
1906 1339 2075 1384 trans-

1170 1393 1270 1439 acti
1292 1398 1487 1456 essent,
1517 1398 1741 1457 Agrippa
1767 1414 1865 1450 rex
1883 1408 1934 1450 et
1950 1405 2073 1452 Ber-

1168 1460 1285 1507 nice
1306 1460 1677 1512 descenderunt
1696 1469 1995 1518 Caesaream
2014 1474 2075 1520 ad

1169 1527 1491 1576 salutandum
1507 1532 1729 1580 Festum.

1238 1597 1317 1641 14.
1352 1597 1421 1643 Et
1439 1613 1549 1644 cum
1570 1601 1674 1647 dies
1696 1603 1865 1660 plures
1889 1606 1959 1653 ibi
1986 1607 2073 1654 de-

1168 1667 1517 1724 morarentur,
1543 1666 1723 1714 Festus
1752 1673 1861 1729 regi
1881 1673 2073 1720 indica-

1171 1729 1246 1772 vit
1265 1728 1324 1774 de
1344 1730 1522 1792 Paulo,
1545 1733 1739 1781 dicens:
1766 1739 1859 1784 Vir
1878 1741 2074 1796 quidam

1171 1796 1252 1839 est
1270 1793 1539 1844 derelictus
1559 1813 1589 1846 a
1606 1801 1777 1848 Felice
1799 1805 2015 1865 vinctus,

1239 1862 1320 1906 15.
1357 1863 1417 1908 de
1438 1878 1553 1924 quo,
1568 1881 1679 1913 cum
1697 1882 1857 1916 essem
1870 1874 2073 1920 leroso-

1169 1925 1338 1989 lymis,
1360 1929 1592 1978 adierunt
1608 1948 1688 1982 me
1708 1936 1961 1999 principes
1980 1943 2071 1989 Sa-

1170 1996 1447 2056 cerdotum,
1489 2002 1539 2046 et
1577 2002 1818 2051 Seniores
1851 2008 2071 2057 Iudaeo-

1165 2076 1276 2109 rum
1290 2096 1304 2123 ,
1334 2066 1651 2123 postulantes
1670 2071 1911 2121 adversus
1930 2076 2069 2125 illum

1167 2130 1553 2181 damnationem.
1939 2182 1943 2185 .

1233 2201 1313 2245 16.
1358 2200 1434 2245 Ad
1472 2216 1597 2259 quos
1633 2210 1900 2266 respondi:
1942 2214 2069 2267 Quia

1162 2278 1270 2311 non
1293 2270 1369 2312 est
1386 2268 1623 2318 Romanis
1646 2279 1957 2325 consuetudo
1980 2282 2067 2328 da-

1161 2346 1336 2380 mnare
1356 2334 1572 2393 aliquem
1598 2340 1879 2404 hominem,
1909 2348 2065 2407 prius,

1161 2414 1309 2457 quam
1328 2402 1389 2459 is,
1412 2404 1496 2460 qui
1514 2412 1801 2468 accusatur,
1822 2425 2063 2467 praesen-

1159 2469 1237 2512 tes
1264 2468 1446 2515 habeat
1474 2476 1792 2522 accusatores
1805 2469 1841 2536 ὅ,
1871 2478 2064 2525 locum-

1160 2547 1257 2590 que
1280 2535 1582 2585 desendendi
1602 2543 1814 2600 accipiat
1840 2545 1902 2589 ad
1921 2545 2062 2593 ablu-

1161 2601 1291 2647 enda
1311 2602 1535 2650 crimina.

1228 2669 1308 2713 17.
1348 2671 1631 2731 Cum·ergo
1663 2675 1760 2721 huc
1789 2681 2060 2728 convenis-

1158 2738 1274 2781 sent
1291 2736 1401 2783 sine
1420 2737 1526 2783 ulla
1546 2739 1809 2802 dilatione,
1832 2751 2061 2805 sequenti

1158 2801 1238 2847 die
1277 2804 1458 2849 sedens
1494 2817 1589 2862 pro
1629 2807 1894 2872 tribunali,
1928 2815 2060 2872 jussi

1155 2868 1335 2915 adduci
1354 2870 1533 2916 virum.

1224 2936 1303 2980 18.
1338 2936 1415 2982 De
1436 2950 1553 2997 quo,
1568 2953 1676 2986 cum
1696 2943 1954 2995 stetissent
1971 2964 2055 2996 ac-

1156 3004 1443 3063 cusatores,
1474 3005 1664 3054 nuliam
1694 3023 1893 3060 causam
1916 3016 2053 3062 defe-

1196 3101 1329 3135 ⁸V.9.
1376 3103 1603 3145 ·c.19,21.
1650 3102 1817 3146 ι’Υ-«ίι.5

297 3242 411 3299 Cap.
443 3242 598 3287 XXV.
655 3248 696 3288 3.
727 3246 963 3291 adversum
991 3263 1112 3302 οπως
1140 3250 1247 3295 ibid.
1277 3252 1583 3309 Hierusalem3
1611 3260 1719 3306 ibid.
1746 3275 1844 3307 eum
1878 3268 2049 3310 interfl-

181 3304 352 3341 cerent.
413 3303 454 3342 8.
484 3296 628 3343 Paulo
648 3306 796 3345 autem
825 3306 1060 3348 rationem·
1119 3309 1160 3349 9.
1190 3308 1381 3353 ,Iudaeis
1403 3314 1591 3364 gratiam
1613 3322 1847 3369 praestare
1865 3334 2050 3375 respon-

183 3354 253 3396 dit
275 3353 428 3397 Paulo
455 3358 504 3397 et
529 3356 669 3407 dixit3
696 3357 806 3400 ibid.
837 3360 1165 3414 Hierosolyma.
1232 3368 1302 3407 10.
1340 3368 1419 3408 ubi
1445 3382 1539 3419 me;
1566 3370 1673 3415 ibid.
1700 3371 1913 3417 Judaeos.
1982 3382 2049 3419 11.

180 3422 298 3462 quae
323 3410 421 3453 isti.
481 3414 548 3454 12.
579 3426 674 3457 cum
701 3413 906 3458 consilio.
965 3420 1033 3460 14.
1072 3417 1257 3472 aliquot.
1325 3424 1393 3465 16.
1430 3427 1704 3469 consuetudo
1730 3428 1941 3473 Romanis
1972 3433 2050 3475 do-

177 3477 287 3508 um
310 3465 434 3520 (εἰς).
