2376 3925
311 159 523 206 xnvul
775 158 985 203 snt'rl
1035 159 1307 209 ‘1151er
1352 160 1791 207 PRAEFATIO.

317 288 511 347 Synodi
537 285 1287 345 praescripto,emendatissima,
1308 287 1651 345 pristinaeque
1669 302 1791 337 snae
1808 291 2041 353 puritati,
2062 307 2193 350 qua-

311 372 377 418 lis
399 373 611 431 primum
638 371 702 416 ab
731 369 888 426 ipsius
915 369 1209 427 interpretis
1236 382 1414 430 manu,
1440 369 1676 429 styloque
1706 373 1991 434 prodierat,
2022 378 2191 434 quoad

315 457 425 513 ejus
445 454 556 500 fieri
574 455 760 512 potest,
780 453 1012 499 restituta
1029 453 1358 510 imprimatur.
1429 455 1491 498 In
1516 453 1611 500 bac
1630 455 1797 502 autem
1818 459 2047 515 germani
2064 462 2185 508 tex-

307 543 388 583 tus
416 536 880 596 pervestigatione,
911 537 1034 582 sutis
1062 535 1331 592 perspicue
1358 535 1493 583 inter
1533 550 1709 584 omnes
1738 543 1962 601 constat,
1992 543 2189 590 nullum

304 625 652 678 argumentum
677 634 790 668 esse
819 620 1029 677 certius,
1059 632 1117 665 ae
1149 619 1367 679 firmius,
1398 633 1547 677 quam
1566 621 1911 685 antiquorum,
1940 628 2185 683 probato-

301 680 516 760 rumque
537 704 776 752 Codicum
806 703 1104 749 Latinorum
1125 703 1295 764 fidem,
1318 717 1445 763 quos
1463 708 1565 751 tam
1582 705 1884 765 impressos,
1908 723 2054 766 quam
2074 725 2187 756 ma..

307 788 597 846 nuscriptos
611 819 626 846 ‚
677 800 746 834 ex
779 786 1104 834 Bibliothecis
1147 787 1303 834 variis
1340 789 1713 846 conquirendos
1752 788 2045 838 curavimus.
2122 795 2185 840 ln

308 883 617 930 quacumque
645 870 800 928 igitur
827 869 1048 916 lectione
1076 870 1251 928 plures
1278 872 1608 932 vetustiores,
1636 875 1785 930 atque
1815 873 2181 922 emendatiores

307 956 426 1002 libri
454 954 744 1002 consentire
774 955 967 1012 reperti
993 958 1137 1014 sunt,
1166 968 1227 1001 ea
1241 955 1359 1013 jure
1378 957 1599 1014 optimo,
1626 959 1876 1013 tamquam
1894 955 2179 1017 primigenii

307 1040 478 1084 textus
499 1039 678 1097 verba,
709 1040 796 1084 aut
823 1038 903 1085 his
931 1039 1148 1085 maxime
1169 1038 1405 1099 finitima,
1432 1040 1701 1086 retinenda
1726 1039 2054 1086 decrevimus.
2118 1045 2179 1090 ld

307 1134 431 1168 vero
465 1121 527 1166 ad
555 1135 846 1180 germanam
871 1122 1146 1169 editionem
1173 1124 1651 1184 constabiliendum,
1687 1123 1992 1182 praesidium
2016 1123 2177 1176 sicubi

307 1204 642 1254 desideratum
662 1209 766 1265 est,
785 1210 906 1252 tune
924 1209 1215 1252 sanctorum
1235 1207 1435 1253 Patrum
1448 1238 1464 1265 ,
1488 1210 1810 1264 veterumque
1830 1206 2181 1265 expositorum

307 1290 682 1350 enarrationes,
709 1289 890 1348 quibus
913 1289 1114 1336 diversa
1133 1289 1494 1347 scripturarum
1509 1290 1653 1347 locu,
1683 1293 1735 1337 et
1758 1291 1919 1336 libros
1949 1288 2180 1335 illustra-

299 1378 446 1434 runt,
465 1374 690 1421 subsidio
723 1375 889 1420 fuere:
926 1374 980 1419 in
1007 1373 1211 1431 quibus,
1242 1374 1481 1431 quidquid
1509 1389 1537 1421 e
1566 1389 1622 1421 re
1646 1377 1825 1421 nostra
1854 1375 2178 1420 observatum

298 1459 418 1515 fuit,
449 1457 500 1503 id
525 1457 580 1502 iu
607 1456 756 1514 hujus
785 1457 954 1514 operis
991 1458 1184 1514 partem
1212 1457 1457 1505 adscitum
1478 1460 1569 1504 est.
1638 1460 1697 1504 ln
1716 1458 1779 1505 iis
1797 1457 2022 1518 tandem,
2044 1469 2175 1514 quae

296 1554 462 1597 neque
481 1540 720 1587 Codicum
734 1571 750 1598 ,
779 1553 942 1596 neque
963 1539 1241 1586 Doctorum
1265 1553 1449 1598 magna
1476 1542 1817 1589 consensione
1838 1542 1959 1587 satis
1978 1540 2174 1586 munita

299 1626 623 1684 videbantur,
655 1623 718 1669 ad
744 1625 1115 1681 Hebraeorum,
1147 1624 1555 1682 Graecorumque
1594 1625 1904 1684 exemplaria
1934 1624 2169 1670 duximus

301 1709 710 1768 confugiendum,
731 1721 838 1754 non
855 1721 919 1754 eo
939 1711 1126 1766 tamen,
1147 1710 1205 1754 ut
1223 1707 1341 1756 inde
1359 1709 1530 1756 Latini
1548 1709 1843 1768 interpretis
1863 1711 2027 1756 errata
2047 1721 2169 1754 cor-

297 1795 603 1852 rigerentur,
622 1792 714 1840 sed
731 1795 788 1838 ut
803 1791 859 1838 in
879 1805 1056 1838 eorum
1075 1795 1346 1840 verborum
1364 1794 1549 1852 locum,
1569 1807 1715 1854 quae,
1737 1808 1849 1841 cum
1877 1793 2007 1851 apud
2023 1793 2170 1838 Lati-

297 1891 394 1925 nos
412 1879 642 1937 ambigua
661 1878 788 1937 sint,
817 1877 1130 1936 potuissent,
1161 1890 1262 1933 quo
1282 1890 1387 1923 non
1408 1881 1670 1935 oporteret
1685 1909 1700 1937 ,
1735 1878 1949 1936 inflecti,
1973 1878 2169 1923 eertum

298 1962 484 2019 aliquid
499 1994 513 2022 ,
543 1966 690 2020 atque
709 1961 1038 2009 indubitatum
1055 1961 1373 2009 sufficeretur
1384 1992 1399 2020 ,
1429 1962 1539 2010 sive
1559 1966 1637 2022 ut,
1656 1964 1790 2020 quod
1810 1961 1940 2021 apud
1959 1974 2054 2007 nos
2074 1974 2169 2007 va·-

295 2047 545 2091 riantibus
570 2044 842 2093 Codicibus
878 2045 1201 2103 inconstans,
1236 2045 1521 2104 diversum,
1558 2060 1617 2092 ae
1646 2046 1913 2105 multiplex
1940 2049 2077 2103 erat,
2114 2044 2169 2089 id

295 2128 568 2184 uniforme,
577 2139 874 2185 consonum,
895 2126 1142 2182 uniusque
1160 2127 1315 2185 modi,
1335 2127 1561 2186 ipsorum
1580 2129 1799 2177 fontium
1816 2129 2028 2176 veritate
2047 2141 2169 2187 per-

295 2213 482 2268 spectu,
503 2209 803 2270 sanciretur.
866 2208 1132 2266 Sapienter
1151 2210 1285 2256 enim
1305 2215 1359 2259 b.
1378 2212 1717 2271 Hieronymus
1736 2214 1784 2273 α)
1806 2213 1858 2259 in
1882 2213 2166 2271 explanan-

295 2294 370 2339 dis
389 2294 545 2342 sacris
567 2292 830 2350 scripturis
847 2293 1043 2339 Ductor
1060 2294 1307 2341 maximus
1328 2296 1629 2344 admonebat
1641 2328 1654 2355 ‚
1674 2301 1732 2344 ut
1750 2296 2167 2354 quemadmodum

291 2381 346 2426 in
365 2391 503 2425 novo
525 2379 849 2425 'testamento
862 2408 880 2437 ,
907 2377 1168 2433 siquando
1195 2379 1328 2436 apud
1345 2380 1556 2427 Latinos
1576 2380 1802 2437 quaestio
1824 2380 2056 2428 exoritur
2070 2412 2085 2439 ‚
2116 2382 2169 2426 et

295 2466 372 2511 est
389 2464 523 2509 inter
541 2462 852 2520 exemplaria
869 2463 1105 2522 varietas,
1129 2462 1195 2508 ad
1216 2464 1409 2509 fontem
1432 2464 1614 2511 Graeci
1633 2464 1882 2511 sermonis
1895 2495 1909 2522 ,
1944 2476 2044 2519 quo
2064 2476 2167 2508 no-

297 2562 411 2594 vum
433 2549 804 2594 Testamentum
834 2549 911 2593 est
939 2547 1180 2605 scriptum
1197 2578 1211 2605 ‚
1240 2548 1437 2593 recurri
1456 2548 1613 2594 solet:
1659 2550 1729 2594 ita
1748 2546 2008 2604 siquando
2030 2546 2168 2593 inter

296 2634 548 2691 Graecos,
580 2631 891 2688 Latinosque
924 2631 1191 2678 diversitas
1218 2634 1295 2679 est
1328 2632 1381 2676 in
1402 2632 1563 2677 veteri
1582 2634 1931 2688 Testamenta,
1962 2633 2085 2676 tunc
2102 2630 2168 2675 ad

294 2717 573 2763 Hebraeam
591 2726 910 2763 recurramus
931 2715 1211 2772 veritatem,
1236 2720 1289 2759 ut
1308 2714 1545 2771 quidquid
1566 2714 1627 2761 de
1646 2716 1788 2762 fonte
1809 2714 2165 2773 proficiscitur,

294 2800 392 2847 hoc
410 2812 704 2854 quaeramus
723 2801 778 2847 in
793 2797 996 2847 rivulis:
1033 2797 1164 2855 quod
1186 2797 1333 2843 etiam
1360 2804 1414 2849 b.
1428 2799 1738 2857 Augustinus
1757 2792 1801 2857 ὅ)
1827 2799 1909 2858 iis,
1930 2798 2017 2857 qui
2035 2799 2166 2845 seri-

294 2886 489 2940 pturam
514 2886 756 2941 tractam,
793 2884 927 2930 inter
965 2882 1090 2929 alias
1119 2881 1321 2939 regulas
1352 2882 1572 2929 tradidit.
1640 2882 1964 2931 Laudabilem
1993 2882 2165 2939 itaque

292 2968 580 3013 sanctorum
609 2968 812 3013 Petrum
838 2966 1253 3015 consuetudinem
1281 2966 1523 3025 religiose
1551 2969 1712 3015 secuti
1739 2981 1935 3025 sumus,
1966 2965 2083 3012 dum
2106 2966 2163 3011 in

291 3052 380 3105 iis,
411 3063 537 3105 quae
565 3050 696 3106 aqud
715 3050 922 3097 Latinos
953 3051 1100 3097 nimis
1127 3049 1359 3109 ambigue
1379 3050 1538 3109 dieta,
1568 3064 1659 3099 seu
1683 3051 1875 3098 variata
1891 3050 2161 3109 habentur,

290 3136 580 3190 Hebraeae,
607 3134 926 3189 Graecaeque
947 3135 1148 3192 linguae
1168 3134 1336 3194 fidem,
1371 3139 1422 3182 et
1442 3135 1652 3181 Codices
1672 3135 2013 3193 inspeximus;
2051 3133 2159 3193 sed,

400 3358 451 3407 a)
483 3353 536 3394 ln
564 3349 761 3407 epistola
791 3352 848 3392 ad
878 3351 1062 3393 Sunium
1093 3358 1139 3394 et
1159 3351 1561 3397 Fretellam.Tom.
1589 3359 1631 3397 3.
1690 3354 1739 3408 b)
1770 3354 1817 3395 S.
1841 3354 1955 3405 Aug.
1986 3353 2018 3395 1.
2040 3356 2081 3394 2.
2104 3352 2161 3394 de

289 3426 422 3468 Doet.
456 3425 620 3467 Christ.
650 3435 750 3477 cop.
783 3426 848 3464 14.
879 3428 926 3464 et
953 3428 1019 3465 15.
1043 3424 1178 3466 Tom-
1208 3430 1249 3467 3.
1284 3431 1327 3468 et
1355 3425 1440 3468 Lib
1492 3432 1558 3471 11.
1580 3434 1737 3471 contra
1757 3428 1971 3469 Faustum
1994 3437 2095 3479 cap.
2116 3428 2158 3467 2.

289 3496 421 3539 Tou.
443 3501 481 3539 ὅ.
