2376 3925
842 136 948 187 LU
963 136 1127 188 CAS.
1199 139 1370 190 CAP.
1409 143 1460 190 7.
1479 143 1528 192 8.

314 241 396 285 43.
428 239 762 296 Respondeas
792 239 966 286 Simon
995 240 1151 286 dixit:

236 307 471 355 Aestimo
485 337 499 366 ,
522 305 641 364 quia
660 306 730 365 is,
760 307 837 352 cui
856 306 969 364 plus
990 307 1152 352 dona-

236 376 335 421 vit.
403 376 471 421 At
487 373 577 420 ille
598 373 731 420 dixit
748 374 821 420 ei:
839 375 995 421 Recte
1011 373 1151 432 ,iudi-

238 440 394 489 casti!

307 511 391 555 44.
426 509 497 555 Et
508 520 785 554 conversus
796 508 858 555 ad
867 508 1148 568 mulierem,

236 577 373 623 dixit
394 576 618 623 Simoni:
645 576 798 622 Vides
816 577 947 623 hanc
966 576 1149 622 mulie-

232 645 379 691 rem?
426 642 621 689 Intravi
666 643 721 689 in
758 644 959 690 domum
993 647 1147 704 tuam,

234 725 419 770 aquam
438 711 647 769 pedibus
665 711 792 757 meis
812 725 919 757 non
939 711 1146 770 dedisti3

234 781 363 826 haec
391 781 559 825 autem
584 778 821 837 lacrymis
847 780 1035 838 rigavit
1056 793 1147 837 pe·-

238 848 331 893 des
348 859 508 905 meos,
531 846 582 892 et
602 846 799 903 capillis
819 847 923 892 suis
944 848 1105 893 tersit.

309 916 387 959 45.
423 913 665 959 Osculum
681 909 807 960 mihi
818 928 923 960 non
938 915 1145 972 dedisti3

240 978 369 1028 haec
386 984 569 1041 autem,
590 994 659 1026 ex
679 995 777 1038 quo
798 982 1027 1040 intravit,
1040 995 1147 1028 non

241 1029 702 1096 cessavit³osculari
720 1049 875 1106 pedes
894 1063 1052 1094 meos.

307 1119 386 1163 46.
424 1116 553 1162 Oleo
574 1119 723 1174 caput
740 1130 905 1162 meum
921 1129 1029 1162 non
1046 1131 1144 1162 un-

236 1185 391 1242 xisti3
420 1184 551 1231 haec
576 1186 745 1230 autem
762 1187 1027 1243 unguento
1046 1199 1145 1230 un-

234 1253 318 1300 xit
334 1250 495 1310 pedes
512 1264 667 1297 meos.

303 1322 387 1365 47.
422 1319 637 1376 Propter
692 1318 828 1376 quod
878 1319 992 1365 dico
1024 1319 1141 1366 tibi:

233 1388 622 1434 Remittuner
650 1387 701 1432 ei
726 1389 933 1444 peccata
966 1387 1141 1446 multa,

234 1454 475 1513 quoniam
497 1453 679 1500 dilexit
695 1452 923 1500 multum!
938 1455 1031 1500 Cui
1049 1469 1142 1500 au-

232 1529 341 1569 tem
356 1522 522 1568 minus
553 1520 842 1582 dimittitur,
869 1522 1033 1568 minus
1064 1522 1141 1567 di-

231 1590 365 1648 lig-it.

306 1659 387 1701 48.
420 1656 567 1702 Dixit
582 1658 751 1702 autem
767 1656 831 1702 ad
849 1656 1011 1704 illam:
1040 1657 1142 1704 Re-

233 1723 503 1771 mittuntur
518 1723 609 1770 tibi
628 1723 857 1782 peccata!

307 1793 389 1837 49.
432 1790 498 1836 Et
532 1792 837 1850 coeperunt,
874 1791 961 1848 qui
995 1791 1143 1838 simul

232 1860 619 1919 accumbebant,
669 1859 839 1904 dicere
884 1858 1021 1904 intra
1059 1872 1140 1905 se:

231 1927 364 1981 Quis
376 1932 405 1954 ⁴·
420 1931 497 1973 est
513 1927 595 1974 hic
607 1957 623 1988 ‚
650 1927 739 1985 qui
767 1925 918 1973 etiam
934 1929 1143 1987 peccata

233 1996 469 2041 dimittit?

304 2065 383 2109 5⁰.
417 2062 568 2109 Dixit
583 2064 751 2109 autem
768 2062 832 2108 ad
848 2061 1138 2122 mulierem3

230 2130 383 2177 Fides
410 2135 499 2177 tua
524 2134 577 2177 te
607 2130 798 2176 salvam
824 2130 973 2189 fecit3
1014 2130 1139 2177 vade

232 2198 291 2245 in
308 2197 455 2256 pace!

503 2329 672 2381 CAP.
733 2330 872 2382 Vm.

234 2429 445 2472 Christus
491 2427 757 2484 parabolam
797 2430 853 2471 de
891 2430 1139 2472 semInante

230 2490 421 2527 enarrat
439 2488 486 2528 et
506 2483 727 2539 explicat.
760 2486 833 2527 De
852 2484 1035 2527 lucerna
1056 2486 1137 2527 sub

230 2541 402 2583 modio.
460 2542 649 2589 Quinam
679 2541 771 2585 sint
795 2547 939 2583 mater
971 2546 1019 2584 et
1044 2542 1139 2583 fra-

228 2604 331 2638 tres
370 2595 552 2638 Christi.
629 2596 904 2653 Tempestas
939 2598 1138 2640 sedatur.

234 2653 492 2694 Daemones
528 2650 715 2709 expulsi
762 2667 923 2708 porcos
964 2654 1136 2695 ineunt-

232 2705 409 2750 Mulier
435 2721 462 2748 a
488 2708 615 2750 fluxu
646 2710 875 2760 sanguinis
902 2708 1136 2751 liberatur.

366 2761 490 2806 Filia
506 2763 623 2807 Jairi
643 2765 763 2806 vitae
788 2764 1008 2807 redditur·

303 2859 350 2901 1.
385 2856 453 2902 Et
478 2858 665 2903 factum
685 2859 763 2903 est
791 2856 1052 2915 deinceps,
1088 2860 1140 2903 et

228 2925 342 2981 ipse
363 2924 461 2971 iter
480 2925 699 2971 faciebat
715 2938 808 2982 per
833 2924 1064 2970 civitates
1089 2926 1142 2969 et

231 2991 459 3049 castella,
482 2993 782 3050 praedicans
801 2994 853 3037 et
874 2990 1139 3047 evangeli-

229 3071 356 3104 zans
384 3072 601 3117 regnum
626 3060 751 3119 Dei,
793 3062 844 3105 et
876 3058 1140 3104 duodecim

227 3140 341 3173 cum
362 3126 474 3185 illo,
1114 3129 1121 3139 “

276 3228 309 3246 ⁸⁰
327 3226 347 3257 1
367 3220 476 3258 Petr.
492 3224 535 3266 4,
551 3224 587 3261 8.
636 3229 665 3247 ³
682 3220 732 3259 cs.
752 3235 787 3259 c.
808 3226 845 3267 5,
864 3226 923 3260 21.

342 3368 463 3423 Cap.
495 3366 628 3412 VIII.
687 3374 726 3412 1.
759 3371 989 3413 civitatem
1008 3377 1055 3415 et
1074 3369 1323 3414 castellum.

2029 149 2130 200 103

1289 243 1338 287 2.
1373 244 1426 288 et
1458 244 1698 292 mulieres
1737 246 1962 309 aliquae,
2002 263 2130 306 quae

1223 310 1370 354 erant
1397 312 1598 358 curatae
1629 326 1660 358 a
1691 314 1950 371 spiritibus
1982 317 2128 364 mali-

1220 375 1362 436 gnis,
1394 379 1446 422 et
1472 377 1866 429 infirmitatibus:
1903 385 2128 445 mutiny,

1220 456 1350 500 quae
1369 447 1584 491 vocatur
1604 447 1924 510 Magdalene,
1946 450 2008 497 de
2030 465 2128 510 qua

1219 513 1414 568 septem
1433 512 1700 558 daemonia
1722 516 1974 578 exierant,

1285 592 1334 637 3.
1354 593 1406 636 et
1421 593 1454 637 J
1457 605 1626 638 oanna
1643 607 1780 640 uxor
1791 597 1986 644 chusae
2003 613 2128 657 pro-

1219 658 1468 705 curatoris
1487 660 1727 721 Herodis,
1749 665 1800 708 et
1811 665 2056 726 Susanna,
2078 671 2130 714 et

1217 725 1347 772 aliae
1373 727 1590 786 multae,
1621 742 1750 785 quae
1775 730 2129 781 ministrabant

1217 792 1267 838 ei
1286 793 1347 839 de
1365 794 1688 842 facultatibus
1709 798 1830 843 suis.

1283 862 1331 905 4.
1366 862 1524 907 ‘Cum
1550 866 1717 910 autem
1745 867 1893 912 turba
1911 867 2128 924 plurima

1217 929 1556 975 convenirent
1568 960 1583 989 ‚
1639 935 1692 978 et
1734 932 1796 979 de
1834 935 2124 982 civitatibus

1213 1000 1554 1052 properarent
1571 998 1634 1044 ad
1644 1012 1775 1059 eum,
1790 1000 1922 1048 dixit
1941 1016 2034 1060 per
2053 1005 2125 1049 si·-

1213 1063 1571 1111 militudinem:

1282 1134 1329 1175 5.
1349 1131 1513 1191 Exiit,
1528 1133 1614 1190 qui
1627 1136 1857 1196 seminat,
1871 1139 2122 1188 seminare

1215 1210 1390 1243 semen
1425 1212 1598 1257 suum3
1647 1203 1700 1248 et
1737 1203 1852 1250 dum
1888 1207 2120 1267 seminat,

1214 1264 1352 1310 aliud
1371 1267 1554 1312 cecidit
1571 1281 1718 1314 secus
1737 1271 1900 1330 viam,
1920 1275 1974 1318 et
1991 1287 2118 1320 con-

1215 1332 1467 1378 culcatum
1496 1337 1598 1393 est,
1638 1337 1690 1382 et
1715 1343 1954 1386 volucres
1985 1342 2120 1388 coeli

1213 1400 1543 1447 comederunt
1560 1401 1703 1450 illud.

1279 1483 1326 1526 6.
1361 1481 1432 1528 Et
1459 1482 1595 1528 aliud
1624 1484 1806 1531 cecidit
1841 1500 1995 1545 supra
2027 1502 2122 1548 pe-

1211 1551 1367 1606 tram;
1399 1552 1451 1596 et
1477 1553 1651 1596 natum
1677 1553 1838 1612 aruit,
1873 1557 1990 1612 quia
2015 1570 2121 1603 non

1210 1615 1425 1663 habebat
1445 1618 1722 1664 humorem.

1279 1685 1325 1728 7.
1345 1684 1412 1728 Et
1426 1684 1563 1730 aliud
1575 1685 1756 1731 cecidit
1773 1686 1908 1733 inter
1927 1691 2116 1750 spinas,

1213 1751 1263 1794 et
1285 1749 1432 1795 simul
1463 1754 1677 1798 exortae
1702 1753 1878 1810 spinae
1899 1756 2120 1803 suffoca-

1210 1819 1398 1862 verunt
1416 1815 1556 1864 illud.

1279 1899 1326 1941 8.
1362 1896 1430 1942 Et
1460 1897 1596 1944 aliud
1626 1898 1807 1945 cecidit
1840 1900 1895 1947 in
1931 1904 2120 1949 terram

1209 1968 1422 2023 bonam;
1463 1968 1515 2011 et
1549 1969 1716 2012 ortum
1746 1967 1868 2015 fecit
1901 1971 2120 2017 fructum

1211 2032 1515 2091 centuplum..
1577 2034 1716 2081 Haec
1738 2034 1911 2084 dicens
1931 2036 2118 2085 clama-

1207 2102 1316 2147 bat:
1359 2101 1458 2155 Qui
1485 2100 1640 2150 habet
1675 2116 1824 2151 aures
1861 2105 2116 2167 audiendi,

1209 2167 1400 2214 audiat!

1276 2237 1322 2280 9.
1375 2238 1765 2297 interrogabant
1799 2244 1967 2287 autem
2004 2254 2118 2288 eum

1210 2302 1440 2360 discipuli
1479 2305 1614 2365 ejus,
1653 2320 1781 2363 quae
1821 2312 1956 2355 esset
1991 2309 2117 2355 haec

1210 2370 1466 2428 parabola.

1277 2439 1357 2483 10.
1397 2438 1588 2492 Quibus
1625 2438 1735 2497 ipse
1766 2440 1921 2487 dixit:
1959 2442 2118 2488 Vobis

1209 2505 1377 2550 datum
1397 2510 1474 2552 est
1490 2520 1646 2552 nosse
1664 2508 1958 2566 mysterium
1967 2510 2118 2566 regni

1206 2572 1322 2631 Dei,
1339 2574 1553 2619 caeteris
1573 2575 1739 2619 autem
1758 2574 1810 2619 in
1830 2575 2116 2634 parabolis;

1206 2643 1300 2685 uta
1323 2641 1556 2686 videntes
1576 2653 1683 2686 non
1702 2641 1933 2701 videant,
1955 2646 2008 2689 et
2023 2656 2115 2689 au-

1209 2707 1404 2754 dientes
1425 2721 1529 2753 non
1550 2706 1855 2764 intelligant.

1275 2790 1354 2832 11.
1390 2788 1486 2833 Est
1504 2789 1670 2832 autem
1690 2786 1815 2833 haec
1844 2792 2113 2847 parabola:
2186 2808 2197 2822 ·

1211 2855 1392 2899 Semen
1417 2857 1496 2898 est
1516 2853 1726 2898 verbum
1743 2854 1854 2902 Dei.

1276 2934 1356 2977 12.
1395 2932 1494 2985 Qui
1514 2934 1681 2979 autem
1699 2948 1844 2982 secus
1872 2939 2033 2999 viam,
2064 2940 2117 2985 hi

1209 3002 1351 3058 sunt,
1382 2998 1466 3056 qui
1495 3000 1731 3060 audiunt3
1772 3004 1954 3053 deinde
1972 3006 2118 3051 venit

1209 3066 1456 3121 diabolum
1467 3069 1518 3113 et
1535 3068 1671 3115 tollit
1687 3074 1895 3119 verbum
1919 3074 1979 3118 de
1996 3085 2113 3118 cor-

1254 3183 1278 3211 5
1295 3175 1420 3213 Marc.
1439 3180 1500 3221 16,
1517 3182 1554 3215 9.
1603 3185 1620 3205 ⁸
1639 3190 1678 3217 v.
1696 3183 1845 3219 4—15.
1886 3179 2032 3219 Matlh.
2052 3185 2113 3223 13,

1207 3226 1350 3260 1—23.
1374 3224 1501 3261 Marc.
1519 3226 1560 3265 4,
1578 3229 1724 3263 1—20.
1773 3233 1794 3252 ⁸
1811 3225 1955 3265 Matih.
1976 3231 2035 3269 11,
2053 3230 2113 3264 2³.

1381 3376 1423 3414 2.
1455 3374 1511 3415 ab
1533 3374 1794 3428 spiritibus;
1815 3371 1922 3416 ibid.
1937 3373 2114 3416 daemo-

230 3423 307 3465 nia
332 3428 515 3480 septem
552 3426 779 3469 exierant.
844 3430 885 3468 3.
928 3426 1107 3477 Chuza3
1135 3426 1246 3469 ibid.
1269 3429 1591 3471 ministrabant
1619 3431 1686 3471 eis
1715 3428 1836 3482 (εἰς).
1905 3432 1946 3470 7.
1987 3442 2116 3473 secus

230 3481 415 3535 spinas.
479 3483 547 3521 12.
578 3487 682 3524 sunt
703 3481 749 3524 hi
770 3483 846 3537 qui
868 3481 935 3537 (hi
955 3483 1100 3527 literis
1120 3481 1378 3525 minusculis
1395 3484 1656 3540 scriptum).
