2376 3925
315 171 415 218 212

312 271 518 329 Iudaea,
554 270 799 316 docebant
833 272 1041 316 fratres:
1083 268 1210 322 Quia

312 339 411 384 nisi
467 336 889 383 circumcidamini
940 335 1210 382 secundum

310 417 504 499 moredm
521 404 716 462 Moysi,
745 417 851 449 non
879 404 1087 461 potestis
1108 402 1208 448 sal-

318 483 427 517 van
468 502 481 516 ο

379 539 426 582 2.
468 536 625 583 Facta
661 551 783 596 ergo
822 536 1068 583 seditione
1103 549 1209 582 non

313 603 515 649 minima
523 603 680 650 Paulo
694 608 744 650 et
752 605 1006 650 Barnabae
1027 603 1208 648 adver-

314 684 397 716 sus
417 671 553 730 illos,
575 673 872 728 statuerunt,
896 674 948 716 ut
965 670 1208 716 ascende-

311 739 428 784 rent
453 739 636 784 Paulus
657 741 708 784 et
724 739 999 796 Barnabas,
1029 740 1079 783 et
1096 738 1207 794 qui·

313 806 425 850 dam
444 805 532 851 alii
550 819 617 852 ex
634 805 765 862 aliis,
786 804 848 849 ad
866 804 1138 862 Apostolos
1158 806 1210 850 et

313 875 635 930 presbyteros
657 873 711 916 in
728 871 1025 929 Ierusalem,
1056 885 1207 929 super

312 941 407 985 hac
426 939 720 996 quaestione
732 943 765 983 θ.

381 1008 426 1050 3.
461 1005 543 1050 Illi
572 1018 695 1062 ergo
724 1005 921 1050 deducti
948 1007 1007 1051 ab
1026 1005 1206 1051 Eccle-

313 1073 413 1130 sia,
441 1072 813 1129 pertransibant
837 1073 1125 1118 Phoenicen
1158 1074 1210 1118 et

315 1139 603 1197 Samariam,
623 1141 888 1185 narrantes
909 1140 1206 1186 conversio-

312 1219 428 1251 nem
447 1206 704 1264 Gentium3
736 1209 787 1253 et
814 1208 1065 1253 faciebant
1082 1220 1206 1265 gau-

314 1273 448 1319 dium
464 1287 697 1332 magnum
708 1274 934 1321 omnibus
954 1275 1205 1320 fratribus.

379 1356 425 1398 4.
465 1355 586 1398 Cum
604 1356 769 1400 autem
791 1356 1046 1400 venissent
1063 1356 1206 1400 Iero-

312 1419 570 1478 solymam,
608 1421 825 1478 suscepti
861 1425 977 1466 sunt
1011 1424 1070 1467 ab
1102 1421 1204 1467 Ec-

312 1486 481 1544 clesia,
503 1488 554 1532 et
571 1488 630 1531 ab
649 1487 929 1543 Apostolis‚
952 1493 1001 1533 et
1021 1489 1203 1534 Senio-

309 1553 473 1612 ribus,
526 1553 887 1599 annunciantes
898 1549 937 1596 s
945 1585 960 1614 ,
1021 1559 1204 1611 quanta

308 1620 446 1666 Deus
465 1619 669 1666 fecisset
686 1635 796 1666 cum
813 1621 930 1666 illis.

380 1690 425 1735 5.
464 1689 805 1734 surrexerunt
823 1690 985 1735 autem
1007 1689 1204 1746 quidam

314 1755 375 1800 de
425 1755 626 1801 haeresi
665 1756 1073 1817 Pharisaeorum,
1119 1757 1204 1814 qui

310 1823 644 1882 crediderunt,
658 1823 877 1870 dicentes
891 1838 903 1870 :
919 1825 1207 1882 Quiaopor-

308 1891 381 1936 tet
426 1890 712 1937 circumcidi
756 1906 845 1938 eos
858 1923 873 1951 ,
911 1893 1202 1950 praecipere

308 1971 505 2015 quoque
526 1972 728 2004 servare
748 1958 911 2018 legem
927 1960 1111 2019 Moysi.

373 2026 421 2068 6.
476 2026 927 2081 conveneruntque
970 2025 1202 2083 Apostoli

309 2092 359 2134 et
376 2090 615 2135 Seniores
634 2089 805 2135 videre
834 2091 893 2135 de
914 2094 1067 2137 verbo
1087 2093 1199 2138 hoc.

374 2165 422 2208 7.
460 2164 581 2209 Cum
600 2166 764 2211 autem
790 2179 972 2223 magna
989 2167 1199 2223 conqui-

308 2230 423 2277 sitio
442 2232 610 2289 fieret,
638 2244 848 2289 surgens
876 2234 1053 2279 Petrus
1074 2234 1202 2281 dixit

306 2297 369 2343 ad
398 2309 512 2344 eos:
540 2295 657 2347 Viri
684 2298 889 2345 fratres!
920 2314 1011 2346 vos
1042 2303 1197 2360 scitis,

307 2364 542 2423 quoniam
560 2367 620 2412 ab
640 2365 855 2422 antiquis
876 2367 1045 2415 diebus
1061 2370 1197 2415 Deus

304 2435 360 2479 in
378 2434 523 2480 nobis
543 2433 723 2493 elegit,
742 2448 832 2491 per
853 2448 908 2480 os
928 2450 1088 2481 meum
1107 2451 1196 2482 au-

308 2500 415 2547 dire
436 2501 661 2547 Gentes&
687 2504 891 2549 verbum
910 2502 1196 2564 Evangelii,

308 2571 359 2614 et
377 2569 599 2615 credere.

370 2639 418 2681 8.
454 2636 522 2682 Et
557 2635 641 2693 qui
675 2636 820 2681 novit
855 2636 1005 2681 corda
1040 2638 1194 2695 Deus,

304 2702 642 2749 testimonium
659 2703 932 2761 perhibuit,
954 2703 1075 2749 dans
1094 2704 1194 2749 illis

306 2767 542 2833 Spiritum
569 2763 845 2829 sanctumh,
878 2770 1005 2817 sicut
1023 2773 1073 2817 et
1096 2784 1190 2816 no-

300 2832 395 2891 bis,

371 2902 416 2944 9.
454 2904 505 2946 et
520 2902 646 2947 nihil
665 2900 926 2952 discreviti
948 2905 1079 2951 inter
1098 2919 1192 2951 nos

286 2971 355 3014 -et
373 2966 507 3027 illos,
528 2969 621 3015 fide
638 2972 904 3026 purificans
924 2974 1075 3019 corda
1102 2986 1192 3019 eo-

304 3048 427 3082 rum.
842 3058 849 3067 ·

347 3132 422 3168 dv.
439 3133 477 3168 5.
524 3137 595 3165 ’Ὦ
612 3134 649 3167 6.
691 3130 779 3170 Ἰν.
795 3138 853 3171 12.
880 3147 913 3172 c.
931 3139 991 3179 21,
1008 3140 1068 3173 19.
1114 3141 1138 3170 e
1158 3148 1187 3171 c.

303 3184 361 3218 ιο,
380 3182 414 3214 9.
434 3188 517 3224 sqq.
562 3174 584 3202 ¹·
602 3188 635 3213 c.
655 3182 713 3218 ιο,
730 3180 792 3215 44.
810 3183 873 3214 47.
922 3176 938 3205 τ’
956 3193 989 3216 c.
1007 3186 1067 3223 ιο,
1086 3184 1146 3219 34.

597 169 861 219 AcTUS
911 164 1553 217 APOSTOLORUM.
1613 164 1774 214 cAP.
1813 165 1897 215 15.

1344 267 1422 310 1⁰.
1457 267 1600 312 Nunc
1647 278 1768 324 ergo
1812 268 1930 323 quid
1967 273 2184 317 tentatis

1275 334 1451 391 Deum,
1488 333 1750 390 imponere
1777 327 1990 392 jug-amb
2027 351 2186 395 super

1277 399 1499 446 cervices
1519 400 1901 460 discipulorum,
1929 405 2064 459 quod
2087 419 2186 452 ne-

1278 481 1372 523 que
1390 469 1558 524 patres
1575 467 1759 527 nostri,
1770 482 1935 524 neque
1943 483 2040 516 nos
2051 484 2186 528 por-

1275 537 1382 580 tare
1400 534 1651 590 potuimus
1662 535 1684 578 Ξ

1341 602 1420 645 11.
1459 601 1558 647 Sed
1583 614 1672 659 per
1705 597 1946 660 gratiam¹
1969 605 2190 655 Domini

1274 668 1396 712 Iesu
1443 668 1630 714 Christi
1673 667 1922 716 credimus
1968 673 2185 734 salvari,

1276 735 1685 792 quemadmodum
1703 739 1754 782 et
1771 737 1864 782 illi.

1340 803 1419 847 12.
1458 802 1637 848 Tacuit
1667 806 1832 848 autem
1861 807 2025 852 omnis
2043 810 2182 854 mul-

1273 868 1459 925 titud03
1483 872 1532 915 et
1551 869 2107 920 audiebantBarnabam
2131 882 2184 923 et

1273 935 1496 993 Paulum,
1517 941 1780 982 narrantes
1794 969 1808 996 ,
1829 944 2014 994 quanta
2032 942 2181 989 Deus

1274 1003 1479 1048 fecisset
1496 1003 1640 1060 signa
1659 1007 1710 1050 et
1727 1005 1950 1064 prodigia
1962 1007 2018 1052 in
2032 1009 2182 1056 Gen-

1272 1069 1403 1115 tibus
1422 1084 1512 1127 per
1533 1084 1637 1116 eos.

1341 1138 1420 1182 13.
1457 1137 1526 1182 Et
1575 1140 1834 1195 postquam
1880 1141 2179 1202 tacuerunt,

1273 1204 1534 1260 respondit
1551 1206 1582 1249 J
1583 1210 1767 1252 acobus
1779 1213 1834 1264 m,
1847 1206 2035 1253 dicens:
2051 1211 2175 1256 Viri

1272 1273 1472 1330 fratres,
1493 1272 1658 1318 audite
1676 1272 1777 1318 me!

1339 1339 1417 1382 14.
1455 1339 1628 1384 Simon
1656 1341 1910 1400 narravit,
1931 1345 2170 1399 quemad-

1272 1405 1471 1450 modum
1518 1406 1731 1462 primum
1762 1406 1900 1454 Deus
1945 1411 2177 1458 visitavit

1271 1485 1466 1517 sumere
1487 1486 1552 1520 ex
1565 1473 1803 1521 Gentibus
1814 1477 2056 1534 populum
2073 1493 2174 1524 no-

1270 1552 1392 1583 mim
1411 1552 1520 1584 suo.

1337 1608 1416 1651 15.
1452 1605 1520 1651 Et
1545 1607 1661 1654 huic
1687 1609 2002 1657 concordant
2025 1617 2174 1660 verba

1268 1674 1648 1736 Prophetarum,
1663 1676 1791 1721 sicut
1809 1678 2052 1735 scriptum
2071 1685 2168 1726 est:

1336 1742 1416 1785 16.
1453 1743 1614 1800 „Post
1655 1743 1777 1789 haec
1822 1749 2081 1805 revertar,
2123 1753 2172 1794 et

1270 1808 1636 1868 „reaedificabo
1669 1812 2050 1859 tabernaculum
2067 1815 2168 1861 Da-

1270 1876 1408 1935 „vid,
1431 1877 1562 1934 quod
1583 1876 1788 1935 decidit3
1804 1881 1854 1924 et
1873 1880 2039 1926 diruta
2062 1883 2168 1938 ejus

1270 1943 1651 2003 „reaedificabo,
1673 1948 1724 1991 et
1743 1941 1936 2004 erigam
1955 1948 2106 2007 illud3

1335 2011 1414 2056 17.
1451 2014 1543 2071 „ut
1569 2012 1830 2069 requirant
1857 2018 2048 2063 caeteri
2073 2018 2168 2064 ho-

1269 2077 1492 2135 ,‚minum
1541 2079 1834 2139 Dominum,
1890 2087 1943 2129 et
1997 2098 2167 2131 omnes

1267 2147 1499 2204 ,‚gentes,
1538 2160 1688 2204 super
1724 2161 1845 2204 quas
1877 2148 2165 2198 invocatum

1267 2214 1384 2270 „est
1409 2226 1595 2259 nomen
1623 2228 1812 2273 meum,
1852 2216 1976 2264 dicit
1991 2219 2166 2265 Domi-

1267 2274 1399 2337 ‘,',nus
1419 2280 1610 2326 faciens
1628 2281 1842 2328 haecf‘n

1333 2348 1410 2391 18.
1447 2348 1632 2393 Notum
1660 2362 1690 2394 a
1719 2350 1924 2397 saeculo
1955 2355 2033 2398 est
2060 2353 2166 2399 Do-

1263 2414 1399 2458 mino
1421 2427 1546 2471 opus
1567 2428 1723 2461 suum.

1332 2482 1410 2525 19.
1446 2482 1660 2537 Propter
1689 2484 1820 2539 quod
1851 2498 1950 2543 ego
1973 2488 2164 2546 judico,

1263 2559 1368 2591 non
1387 2547 1656 2603 inquietari
1676 2564 1781 2609 eos,
1802 2552 1886 2607 qui
1907 2567 1976 2600 ex
1989 2555 2164 2601 Genti-

1264 2614 1353 2659 bus
1374 2618 1738 2663 convertuntur
1758 2618 1820 2663 ad
1839 2619 2021 2680 Deum,

1331 2681 1410 2725 20.
1447 2682 1534 2727 sed
1565 2684 1819 2731 scribere⁰
1856 2685 1920 2731 ad
1957 2702 2071 2746 eos,
2109 2694 2163 2735 ut

1263 2747 1542 2794 abstineant
1573 2762 1626 2795 se
1655 2764 1686 2795 a
1717 2755 2157 2801 contaminationi-

1261 2816 1352 2860 bus
1373 2815 1842 2879 simulachrorumP,
1864 2823 1916 2867 et
1935 2823 2157 2868 fornica-

1261 2882 1400 2928 tione
1411 2887 1450 2941 q,
1506 2886 1556 2929 et
1607 2886 1880 2945 suffocatis,
1940 2894 1990 2935 et
2039 2903 2158 2934 san-

1261 2949 1412 3006 guine
1424 2955 1458 2993 Γ.

1303 3042 1326 3069 ²⁶
1341 3043 1484 3081 Matth.
1502 3049 1562 3089 23,
1579 3050 1616 3083 4.
1651 3047 1741 3083 Gal.
1759 3051 1796 3091 ⁵,
1813 3054 1852 3086 1.
1908 3050 1925 3078 l
1939 3050 2046 3099 Eph.
2064 3056 2100 3094 2,
2119 3057 2156 3090 8.

1259 3097 1289 3115 ’¹⁸
1307 3103 1340 3125 c.
1361 3094 1418 3133 12,
1436 3094 1492 3127 17.
1557 3100 1578 3117 '²
1595 3092 1782 3136 Amose,
1800 3100 1860 3134 11.
1878 3101 1939 3135 12.
2005 3106 2023 3125 ⁰
2039 3110 2078 3135 v,
2095 3102 2155 3136 29.

1261 3140 1370 3180 c..16‚
1387 3139 1430 3172 4.·
1454 3141 1522 3180 21,
1547 3142 1606 3176 25.
1651 3148 1674 3173 P
1691 3145 1711 3175 1
1729 3139 1818 3177 Cor.
1846 3144 1884 3179 8.
1933 3151 1952 3179 ἱ
1971 3149 1991 3182 1
2011 3144 2157 3181 Thess.

1255 3185 1296 3225 4,
1313 3187 1348 3221 3.
1395 3190 1414 3209 ¹⁵
1433 3183 1520 3219 Gen
1537 3188 1574 3225 9,
1593 3188 1630 3222 4.
1649 3186 1746 3223 Lev.
1763 3191 1802 3228 3,
1823 3192 1880 3225 17.

414 3322 524 3377 Cap.
582 3320 716 3388 Χῖ..
746 3328 785 3365 1.
822 3325 939 3367 Mosi
976 3328 1062 3377 (sic
1096 3330 1312 3385 κωφούς
1341 3330 1446 3374 ibid.
1475 3330 1591 3375 salvi
1626 3334 1735 3377 fieri.
1804 3342 1846 3379 2.
1884 3345 1934 3381 et
1961 3343 2155 3394 quidem.

302 3382 342 3418 3.
372 3377 442 3419 illi
461 3379 620 3429 igitun
644 3378 1150 3435 tbtdcpertransiebant.
1210 3390 1249 3427 5.
1283 3387 1355 3437 qui
1377 3388 1675 3439 crediderant.
1731 3394 1772 3431 Ἰ.
1801 3394 1852 3434 in
1872 3396 1999 3439 nobis
2019 3396 2156 3451 elegit

291 3431 439 3473 Toeus.
516 3438 554 3474 8.
587 3432 1051 3487 sanotum¹Spiritum.

1135 3444 1201 3481 11.
1242 3440 1376 3483 Deest
1417 3442 1599 3485 Christi.

304 3487 370 3525 16.
402 3488 1142 3540 aedifioabossxabexnaeulumibid.
1188 3498 1308 3537 deest
1335 3497 1502 3539 David.

1684 3449 1749 3487 12.
1787 3448 1976 3493 fecisset
2015 3454 2150 3497 Deus·

1582 3502 1646 3542 19.
1679 3502 1737 3543 ad
1752 3502 2003 3550 Dominum.
