2376 3925
616 157 1159 204 coMMENTA'rlo
1216 158 1637 204 ISAGOGICA.
1986 160 2063 206 XI

187 310 286 348 suo
299 331 320 360 ‚
372 298 439 346 ut
475 289 626 345 idem
667 287 886 344 faceret
921 287 1359 362 faciendumque
1408 297 1664 361 curaret,
1714 292 2061 366 impetravit.

187 373 496 430 Praeterea
525 371 847 427 donationis
875 388 909 426 a
922 367 1136 426 Cau-olo
1149 367 1231 424 M.
1258 372 1322 425 in
1350 371 1711 428 commodum
1726 377 2063 432 monasterii

186 458 376 512 factae
407 454 898 510 confirmationem
923 453 1289 526 impetravit,
1322 470 1509 528 neque
1533 456 1632 528 qui
1652 464 1783 530 post
1808 455 2061 514 Ludovi-

190 559 320 596 cum
345 536 794 612 Lothariumque
827 537 1096 612 regnavit
1118 532 1459 614 Arnulphua
1498 555 1607 592 rex
1638 540 1826 597 minus
1853 541 2061 596 libera-

187 625 256 679 lis
282 622 416 678 fuit.
500 618 832 676 Patrocinio
861 638 962 676 suo
995 620 1285 676 cumulum
1308 617 1527 674 addidit
1558 615 1941 689 Theobaldus,
1964 627 2062 697 ju-

185 706 326 761 bens
355 722 560 778 corpus
586 722 754 758 suum
778 705 842 758 in
867 701 1096 758 abbatia
1119 701 1409 758 Amiatina
1434 704 1740 774 tumulari,
1782 709 1945 778 cujus
1973 706 2061 761 of-

187 788 309 844 ficii
333 789 620 863 religione
647 785 904 842 defuncti
936 792 1072 840 sunt
1105 783 1409 855 monachi,
1453 785 1557 840 sub
1592 786 1763 842 altari
1790 785 1853 844 S.
1880 785 2061 844 Bene·-

191 870 352 940 dicti,
370 869 526 927 haud
552 871 725 945 longe
750 887 784 923 a
810 871 1081 925 sacrario.
1125 866 1205 922 Et
1230 867 1383 924 sama
1398 867 1627 943 quidem
1648 871 1931 942 coenobii,
1948 889 2064 928 non

189 962 411 1008 tantum
425 971 526 1028 per
535 950 852 1023 Etruriam,
865 951 964 1008 sed
970 970 1073 1026 per
1089 952 1418 1007 universam
1426 949 1653 1008 Italiam
1668 953 1787 1012 late
1812 953 1941 1010 fusa
1960 963 2063 1009 est.

312 1033 441 1090 Jam
465 1035 539 1091 ad
565 1045 824 1092 aetatem
854 1034 1068 1091 codicis
1098 1033 1478 1090 definiendam
1512 1035 1787 1091 utendum
1823 1045 1909 1094 est
1942 1046 2067 1092 tum

189 1121 446 1175 externis
481 1118 713 1174 indiciis
752 1125 812 1172 et
855 1119 1070 1194 signis,
1115 1125 1239 1172 tum
1282 1134 1494 1193 genere
1540 1119 1872 1192 scripturae.
1956 1117 2067 1176 Est

188 1212 382 1258 autem
409 1203 470 1256 in
509 1201 826 1275 posteriore
850 1203 1068 1274 primae
1093 1201 1343 1276 paginae
1368 1208 1531 1275 parte
1548 1201 1787 1276 aliquod
1816 1193 2065 1272 carmen,

188 1284 619 1341 characteribus
643 1284 883 1339 maximi
909 1284 1126 1340 moduli
1155 1291 1475 1352 exaratum,
1501 1283 1655 1340 inter
1683 1283 1821 1339 duas
1851 1287 2065 1340 colum-

137 1416 144 1432 ‚
184 1386 326 1436 nas,
377 1367 581 1442 quibus
607 1384 774 1422 arcus
801 1368 1320 1440 superimponitur,
1363 1366 1537 1422 rubro
1565 1383 1634 1421 ao
1664 1366 1838 1422 viridi
1877 1369 2067 1423 colore

189 1451 514 1506 distinctus.
603 1446 748 1504 Tale
788 1457 1219 1505 monumentum
1276 1457 1431 1508 certo
1473 1449 1627 1505 foret
1662 1449 1909 1522 indicio,
1952 1451 2067 1506 nisi

187 1535 553 1609 aliquantum
579 1539 730 1588 esset
766 1540 1096 1607 corruptum
1122 1541 1292 1609 atque
1321 1532 1705 1609 depravatum.
1791 1531 1941 1590 Nam
1966 1551 2067 1589 an-

185 1619 383 1692 tiquae
429 1634 602 1673 voces
639 1617 950 1671 nonnullae
985 1634 1180 1672 erasae
1223 1624 1385 1688 sunt,
1436 1617 1603 1679 novis
1650 1617 2069 1692 superinductis

190 1700 516 1770 vocabulis,
546 1716 714 1775 quae,
739 1707 808 1753 ut
833 1699 902 1755 ab
930 1699 1348 1775 antiquioribus
1378 1698 1805 1770 discernantur,
1836 1699 2070 1755 charac-

192 1791 316 1836 tere
355 1784 578 1839 cursivo
619 1782 875 1837 cudenda
913 1783 1253 1837 curavimus.
1338 1778 1599 1837 Uncialis
1642 1792 1729 1838 est
1768 1784 2067 1856 scriptura.

191 1863 495 1941 Inscriptio
525 1866 612 1922 sic
633 1864 830 1921 habet:

520 1970 566 2043 †
609 1964 914 2024 Canubium
944 1966 1015 2020 ad
1042 1965 1243 2021 eximii
1270 1966 1473 2020 merito

687 2048 1027 2104 Venerabile
1055 2045 1390 2105 Salvator-is

607 2132 788 2198 Quem
815 2141 986 2206 caput
1013 2132 1255 2187 eclesiae

688 2214 934 2272 Dedicat
961 2216 1076 2269 alta
1103 2213 1243 2269 fides

605 2296 816 2355 Petrus
842 2296 1357 2375 Longobardorum

689 2378 982 2435 Extremis
1013 2378 1082 2435 de
1106 2378 1316 2435 finibus
1342 2378 1526 2435 Abbas

611 2460 822 2519 Devoti
851 2462 1087 2519 affectus

692 2544 944 2623 Pignora
967 2548 1133 2601 mitto
1159 2546 1275 2599 mei

613 2628 818 2704 Meque
842 2647 1054 2704 meosq.
1084 2636 1285 2703 optans

693 2710 870 2767 Tanti
897 2714 1049 2767 inter
1074 2711 1283 2788 gaudia
1307 2712 1488 2785 patris

608 2792 675 2849 In
704 2796 875 2851 caelis
901 2813 1209 2851 memorem

695 2876 934 2952 Semper
956 2876 1165 2933 habere
1191 2879 1399 2933 locum.

321 2994 391 3051 In
428 2994 520 3049 his
559 3013 662 3050 sex
695 2993 1074 3050 hemistichiis
1118 2994 1298 3071 elegis
1336 2992 1606 3069 quaedam
1634 3001 1848 3049 temere
1873 2994 2078 3049 affecta

192 3088 338 3135 sunt
365 3086 424 3133 et
447 3079 533 3133 ita
563 3077 818 3148 detersa,
857 3085 922 3131 ut
953 3086 1136 3132 metro
1165 3094 1283 3132 non
1306 3076 1685 3151 respondeant
1714 3078 2076 3150 scriptorem-

192 3181 310 3239 que
351 3162 645 3235 juniorem
679 3160 1003 3235 antiquiora
1044 3159 1221 3215 verba
1260 3167 1415 3214 certo
1473 3159 1713 3213 consilio
1762 3167 2078 3214 mutantem

192 3243 358 3300 haud
387 3242 696 3299 difficulter
717 3243 974 3317 prodant.
1005 3272 1076 3283 -
1121 3239 1493 3316 Perspicuum
1529 3249 1615 3297 est
1644 3259 1718 3295 ex
1745 3241 1935 3296 indole
1957 3242 2078 3313 pri-

194 3330 282 3383 mi
313 3324 576 3395 distichi,
600 3326 989 3402 imprimisque
1017 3343 1048 3379 e
1072 3324 1288 3381 verbis:

461 3424 644 3487 Quem
675 3434 843 3499 caput
870 3426 1146 3481 ecclesiae
1174 3423 1399 3481 dedicat
1425 3424 1541 3477 alta
1566 3420 1705 3477 fides
