2376 3925
446 161 707 216 ACTUS
761 159 1414 216 APOSTOLORUM.
1469 166 1638 217 CAP.
1677 167 1866 220 14.15.

230 268 355 326 quia
371 267 513 312 fidem
528 266 764 322 haberet,
782 267 837 310 ut
855 264 1023 316 salvus
1044 267 1135 310 fie-

228 338 332 393 ret,

306 404 350 446 9.
386 399 517 447 dixit
552 410 735 456 magna
770 409 920 444 voce:
972 397 1135 454 Surge

232 481 387 525 super
404 467 559 525 pedes
576 467 691 510 tuos
709 461 898 512 rectus-l
926 463 997 509 Et
1023 465 1135 510 exi-

228 535 362 593 livit,
386 535 437 580 et
457 532 748 578 ambulabat.

298 604 381 646 10.
421 602 621 647 Turbae
646 601 812 644 autem
840 612 953 644 cum
977 597 1134 644 vidis-

229 671 345 717 sent
358 699 372 727 ,
405 667 539 725 quod
556 667 745 712 fecerat
762 666 973 723 Paulus,
992 665 1135 712 leva-

228 737 420 782 verunt
447 747 621 780 vocem
649 746 816 792 suam,
846 732 1133 790 Lycaonice

230 805 485 850 dicentes:
503 801 590 846 Dii
608 800 797 846 similes
826 799 945 846 facti
968 798 1132 845 homi-

230 871 398 930 nibus,
420 867 789 914 descenderunt
806 867 868 914 ad
886 879 981 912 nos
996 865 1031 912 it!

304 955 360 998 11
370 985 381 998 .
414 953 484 998 Et
495 953 743 998 vocabant
752 951 1031 996 Barnabam
1040 951 1071 994 J
1074 961 1133 994 o-

232 1034 351 1066 vem
362 1051 376 1078 ,
403 1019 611 1065 Paulum
647 1031 773 1064 vero
808 1017 1133 1075 Mercurium,

234 1087 470 1144 quoniam
485 1087 597 1144 ipse
616 1088 726 1132 erat
744 1085 847 1130 dux
865 1083 1022 1130 verbi.

304 1173 383 1216 12.
436 1169 683 1218 Sacerdos
728 1181 924 1226 quoque
970 1167 1133 1226 Jovis,

232 1239 321 1296 qui
341 1239 449 1284 erat
467 1239 580 1283 ante
602 1235 870 1295 civitatem,
890 1237 1063 1281 tauros
1085 1236 1135 1279 et

232 1317 455 1354 coronas
502 1307 617 1350 ante
665 1304 848 1361 januas
895 1303 1131 1361 afferens,

232 1387 349 1422 cum
366 1372 563 1430 populis
583 1371 787 1417 volebat
806 1370 1103 1416 sacrificare.

301 1441 382 1486 13.
419 1439 564 1492 Quod
591 1439 676 1485 ubi
704 1437 969 1484 audierunt
992 1439 1133 1494 Apo-

232 1507 381 1567 stoli,
410 1507 661 1552 Barnabas
689 1507 740 1552 et
764 1505 974 1564 Paulus,
1007 1518 1132 1550 con-

230 1573 404 1621 scissis
422 1573 605 1619 tunicis
625 1573 728 1618 suis
740 1603 756 1631 ‚
788 1573 1062 1618 exilierunt
1078 1571 1132 1616 in

227 1643 424 1701 turbas,
444 1641 717 1687 clamantes

299 1710 381 1754 14.
422 1710 472 1752 et
522 1706 771 1750 dicentes:
832 1703 963 1749 viri!
1017 1705 1132 1760 quid

227 1777 358 1822 haec
378 1772 543 1818 facitis
556 1773 578 1815 ’.ὃ
607 1772 657 1816 et
676 1783 771 1815 nos
789 1769 1027 1815 mortales
1049 1783 1133 1814 su-

226 1856 342 1889 mus
354 1847 397 1898 1⁴,
420 1838 606 1884 similes
626 1837 770 1882 vobis
780 1836 1029 1894 homines,
1042 1849 1134 1881 an-

228 1907 535 1957 nunciantes
579 1904 721 1950 vobis
769 1906 829 1949 ab
875 1903 953 1950 his
990 1903 1136 1948 vanis

230 1974 469 2025 converti
488 1974 549 2019 ad
565 1974 726 2019 Deum
747 1972 932 2031 vivum,
954 1971 1039 2029 qui
1056 1972 1135 2017 fe-

232 2046 302 2091 cit
332 2041 554 2100 coelum,
586 2044 636 2088 et
661 2042 871 2099 terram,
900 2042 951 2085 et
975 2052 1132 2098 mare,

230 2115 284 2159 et
305 2110 491 2167 omnia,
512 2122 638 2166 quae
658 2108 710 2163 in
732 2108 803 2153 eis
825 2108 966 2164 sunt3

301 2196 382 2239 15.
419 2193 503 2250 qui
527 2194 581 2238 in
610 2191 897 2249 praeteritis
916 2204 1133 2249 genera-

230 2262 456 2308 tionibus
494 2258 713 2305 dimisit⁹
748 2271 923 2305 omnes
957 2260 1133 2315 gentes

232 2328 435 2386 ingredi
453 2327 559 2373 vias
584 2340 715 2371 suas.

306 2396 382 2440 16.
416 2394 484 2439 Et
502 2393 695 2449 quidem
722 2405 830 2438 non
861 2392 970 2438 sine
988 2391 1133 2438 testi-

230 2462 459 2509 moniow
502 2463 659 2507 semet
704 2460 867 2517 ipsum
911 2459 1133 2518 reliquit,

230 2528 556 2578 benefaciens
578 2528 637 2573 de
668 2527 842 2585 coelo,
870 2527 992 2573 dans
1021 2527 1135 2584 plu-

232 2598 347 2644 vias
380 2598 432 2642 et
456 2599 683 2653 tempora
712 2594 1001 2653 fructifera,
1038 2594 1135 2639 im·-

231 2664 381 2723 plens
409 2663 519 2709 cibo
549 2666 601 2708 et
628 2662 821 2709 laetitia
858 2661 1010 2708 corda
1036 2672 1134 2706 no-

234 2733 357 2777 stra.
584 2768 589 2771 .

304 2799 383 2843 17.
403 2797 471 2843 Et
488 2797 612 2842 haec
632 2794 969 2853 dicentes,vix
988 2794 1134 2839 seda-

233 2867 422 2913 verunt
453 2866 647 2921 turbas,
678 2876 742 2907 ne
779 2862 871 2907 sihi
906 2860 1135 2907 immola-

234 2936 369 2979 rent.

308 3001 388 3045 18.
421 2996 834 3055 supervenerunt
852 2995 1015 3039 autem
1026 2994 1135 3049 qui-

236 3068 353 3113 dam
380 3068 440 3112 ab
469 3062 738 3111 Antiochia
762 3064 813 3107 et
839 3061 1014 3107 Iconio
1044 3062 1075 3105 J
1078 3076 1135 3106 u·-

236 3134 417 3191 daei³3
448 3134 500 3179 et
524 3128 777 3189 persuasis
796 3128 979 3187 turbis,
1006 3127 1134 3185 lapi-

282 3246 305 3270 *
324 3254 357 3279 c.
375 3244 443 3284 28,
468 3244 505 3278 6.
569 3248 591 3264 ¹⁸
609 3251 643 3274 c.
663 3244 729 3280 10,
756 3240 813 3274 26.
876 3244 896 3263 v
916 3247 951 3272 c.
975 3240 1045 3279 17,
1071 3240 1133 3275 30.

232 3298 269 3319 Ψ
288 3302 322 3327 c.
342 3292 403 3330 17,
422 3292 483 3324 27.
500 3286 613 3323 Rom.
630 3288 735 3327 1,2o.
780 3290 807 3309 ὃ·
823 3287 905 3320 v.2.

355 3436 468 3489 Cap.
501 3429 629 3475 XIV·

2002 172 2102 220 211

1206 267 1478 324 dantesque
1520 269 1786 329 Paulumy,
1837 273 2104 322 traxerunt

1205 335 1350 380 extra
1401 334 1676 396 civitatem,
1738 337 2100 398 existimantes,

1205 413 1317 446 eum
1333 403 1585 447 mortuum
1605 416 1732 450 esse.

1269 469 1295 511 1
1304 469 1348 511 9.
1371 468 1798 517 Circumdantibus
1809 474 1974 517 autem
1986 486 2100 518 eum

1203 532 1457 590 discipulis
1467 565 1482 594 ,
1511 549 1727 593 surgens
1747 538 1954 584 intravit
1971 539 2098 585 civi-

1201 601 1370 660 tatem,
1409 605 1460 647 et
1493 606 1698 659 postera
1734 604 1812 650 dle
1842 607 2098 662 profectus

1203 671 1278 713 est
1297 682 1407 714 cum
1424 669 1650 715 Barnaha
1667 670 1722 715 in
1740 670 1957 717 Derben-

1267 737 1347 779 20.
1403 737 1622 793 Cumque
1667 737 2102 796 evangelizassent

1201 801 1392 847 civitati
1409 803 1501 862 illi,
1524 806 1574 850 et
1593 803 1880 850 docuissent
1896 805 2098 864 multos,

1200 869 1397 914 reversi
1407 872 1524 914 sunt
1531 871 1781 930 Lystram,
1794 874 1845 917 et
1855 871 2097 918 Iconium.

1203 937 1253 980 et
1270 935 1604 996 Antiochiam,

1267 1004 1347 1047 21.
1369 1005 1720 1051 confirmantes
1738 1005 1928 1051 animas
1949 1005 2099 1052 disci-

1201 1069 1450 1128 pulorum,
1464 1071 1904 1132 exhortantesque,
1917 1077 1973 1118 ut
1981 1086 2098 1130 per-

1200 1141 1463 1182 manerent
1481 1139 1535 1183 in
1555 1139 1647 1185 fide
1663 1154 1677 1196 ς
1693 1143 1744 1184 et
1755 1141 1986 1196 quoniam
2008 1154 2098 1197 per

1201 1203 1379 1250 multas
1397 1205 1778 1252 tribulationesz
1793 1209 1992 1264 oportet
2005 1221 2097 1252 nos

1200 1270 1390 1317 intrare
1410 1271 1464 1316 in
1483 1285 1695 1330 regnum
1713 1265 1838 1318 Dei.

1269 1339 1349 1383 22.
1385 1338 1451 1383 Et
1470 1353 1581 1384 cum
1601 1340 1980 1386 constituissent
1997 1339 2098 1390 illis

1200 1418 1292 1463 per
1320 1403 1544 1464 singulas
1573 1406 1811 1452 ecclesias
1837 1408 2098 1470 presbyte-

1199 1486 1287 1518 ros
1299 1479 1339 1532 ⁰,
1368 1477 1420 1519 et
1439 1476 1671 1520 orassent
1689 1489 1798 1520 cum
1819 1474 2100 1532 ⁴jejunatio-

1201 1541 1370 1600 nibus,
1393 1541 1866 1587 commendaverunt
1885 1555 1972 1587 eos
1989 1542 2098 1587 Do-

1201 1608 1356 1666 mino,
1376 1608 1430 1654 in
1452 1623 1597 1664 quem
1617 1609 1949 1654 crediderunt.

1269 1675 1348 1719 23.
1385 1677 1826 1731 Transeuntesque
1847 1675 2098 1733 Pisidiam,

1204 1744 1452 1786 venerunt
1469 1743 1522 1786 in
1540 1742 1908 1800 Pamphyliam3

1269 1807 1350 1850 24.
1387 1809 1437 1852 et
1465 1807 1728 1864 loquentes
1755 1809 1965 1856 verbum
1992 1809 2097 1853 Do-

1203 1871 1326 1917 mini
1344 1872 1399 1917 in
1414 1874 1576 1932 Perge
1586 1867 1626 1932 ⁶,
1657 1873 2021 1920 descenderunt
2045 1875 2099 1918 in

1202 1939 1451 1986 Attaliam.

1269 2009 1349 2053 25.
1383 2008 1451 2053 Et
1469 2008 1586 2053 inde
1608 2008 1976 2067 navigaverunt
1991 2011 2097 2055 An-

1200 2074 1456 2135 tiochiam,
1475 2076 1609 2121 unde
1630 2079 1775 2122 erant
1790 2077 1961 2124 traditi
1979 2091 2095 2135 gra-

1200 2143 1300 2188 tiae
1319 2141 1442 2203 Dei,
1463 2143 1516 2189 in
1535 2156 1660 2201 opus
1674 2175 1689 2204 ,
1724 2144 1856 2201 quod
1875 2144 2095 2203 comple-

1201 2211 1384 2256 verunt
1393 2217 1428 2253 θ.

1268 2279 1346 2323 26.
1385 2280 1506 2324 Cum
1533 2282 1696 2325 autem
1732 2281 1990 2326 venissent
2001 2311 2014 2339 ,
2047 2283 2097 2325 et

1202 2348 1597 2405 congregassent
1605 2346 2092 2405 Ecclesiam,retule-

1200 2414 1343 2472 runt,
1373 2416 1558 2469 quanta
1588 2415 1791 2461 fecisset
1816 2415 1952 2459 Deus
1985 2426 2094 2459 cum

1201 2479 1301 2524 illis
1314 2510 1328 2539 ,
1356 2483 1406 2525 et
1424 2482 1538 2537 quia
1557 2482 1835 2539 aperuisset
1853 2480 2092 2525 Gentibus

1204 2546 1385 2591 ostium
1402 2547 1530 2592 fidei.

1268 2613 1346 2658 27.
1391 2614 1579 2659 Morati
1615 2614 1731 2659 sunt
1766 2615 1930 2657 autem
1963 2614 2090 2657 tem-

1200 2694 1292 2737 pus
1310 2693 1416 2725 non
1432 2680 1681 2727 modicum
1699 2694 1808 2725 cum
1821 2678 2088 2736 discipulis.

1481 2844 1570 2893 CA
1579 2842 1639 2892 P.
1694 2842 1810 2892 XV.

1201 2940 1410 2996 Apostoli
1439 2942 1652 2983 communi
1682 2940 1859 2983 decreto
1893 2943 2086 2989 edicunt,

1201 3002 1383 3040 exteros
1421 3010 1508 3037 non
1543 2996 1758 3050 obstringi
1798 2997 1894 3049 lege
1930 2998 2084 3039 Mosis.

1308 3050 1476 3093 Paulus
1495 3064 1526 3092 a
1542 3052 1746 3096 Bernaba
1775 3054 1976 3095 discedit·

1266 3146 1312 3189 1.
1346 3144 1416 3190 Et
1431 3146 1626 3202 quidam
1651 3147 2004 3193 descendentes
2026 3144 2085 3189 de
2165 3172 2170 3175 -

1245 3247 1268 3274 ἵ
1284 3239 1418 3278 2Tim.
1436 3245 1472 3284 3,
1484 3246 1539 3279 11.
1966 3248 1985 3264 ⁰
2005 3238 2086 3277 Tit.

1200 3290 1236 3328 1,
1254 3289 1291 3329 5.
1336 3286 1353 3312 ⁵
1371 3298 1403 3325 c.
1423 3292 1480 3331 13,
1499 3292 1558 3327 13.

1587 3250 1604 3267 ⁸
1621 3241 1766 3279 Matth.
1785 3245 1842 3283 16,
1859 3244 1919 3276 24.

1605 3294 1622 3313 Φ
1641 3300 1672 3325 c.
1690 3292 1748 3331 13,
1765 3293 1800 3325 1.
1820 3296 1904 3333 sqq.

696 3436 735 3473 8.
768 3430 955 3473 haberet
979 3432 1125 3475 fidem.
1192 3436 1257 3476 15.
1291 3438 1423 3479 corda
1451 3443 1612 3481 vesun.
1682 3440 1745 3478 18.
1787 3435 2087 3476 aestimantes.

236 3497 309 3537 22.
344 3496 389 3534 et
409 3493 603 3532 orantes.
660 3492 728 3529 24.
759 3488 806 3529 in
824 3486 999 3539 Pel-gen
1016 3488 1198 3531 verbum
1218 3490 1410 3534 Domini.
1467 3496 1536 3535 26.
1567 3493 1794 3534 Dominus.
