2376 3925
425 240 852 297 EPISTULA
888 245 1140 296 PAULI
1174 247 1281 296 AD
1320 247 1512 298 ROM.
1551 249 1719 300 CAP.
1760 249 1843 300 16.

196 350 443 395 Phoeben
462 360 696 394 sororem
714 350 957 406 nostram,
982 361 1108 404 quae

198 419 280 463 est
298 417 352 461 in
370 415 655 461 ministerio
675 414 960 474 Ecclesiae,
982 427 1108 471 quae

199 485 283 530 est
299 483 356 528 in
377 482 649 539 cenchrin

270 552 317 594 2.
354 550 413 594 ut
433 563 544 594 eam
563 548 845 605 suscipiatis
865 548 920 594 in
929 547 1107 593 Domi-

197 630 270 663 no
293 617 446 674 digne
467 615 680 674 sanctis3
709 618 762 662 et
789 615 1036 661 assistatis
1062 615 1110 660 ei

199 684 256 730 in
276 696 590 740 quocumque
609 683 819 742 negotio
850 683 1007 730 vestri
1027 682 1108 728 in-

202 751 451 809 diguerit5
507 750 692 796 etenim
749 750 860 807 ipsa
911 763 1109 806 quoque

200 819 366 864 astitit
383 817 568 876 multis,
591 820 642 864 et
659 817 783 862 mihi
801 817 914 875 ipsi.

273 886 319 931 3.
359 884 580 930 Salutate
616 884 840 930 Priscam
877 885 928 930 et
953 883 1110 940 Aqui-

201 953 350 997 lamP
368 951 626 1008 adjutores
653 963 794 997 meos
823 951 879 997 in
907 950 1108 996 Christo

203 1020 235 1064 J
239 1031 331 1065 esu

277 1087 324 1130 4.
369 1084 478 1144 (qui
514 1097 607 1143 pro
646 1086 813 1131 anima
847 1098 960 1131 mea
996 1097 1111 1132 suas

205 1153 432 1199 cervices
461 1153 893 1210 supposuer.unt‹1;
936 1152 1112 1209 quibus

205 1232 314 1265 non
346 1219 484 1265 solus
514 1233 610 1278 ego
643 1220 830 1277 gratias
859 1233 984 1278 ago,
1026 1220 1114 1264 sed

207 1290 260 1333 et
279 1288 490 1332 cunctae
511 1287 756 1332 ecclesiae
777 1285 1055 1346 Gentium),

276 1356 324 1398 5.
373 1356 422 1398 et
465 1354 786 1400 domesticam
833 1353 1112 1400 Ecclesiam

209 1433 389 1466 eorum
402 1426 436 1466 Γ.
524 1421 746 1467 Salutate
799 1421 1112 1478 Epaenetum

208 1487 448 1534 dilectum
466 1488 606 1546 mihi,
629 1489 713 1545 qui
735 1490 810 1534 est
829 1488 1112 1547 primitivus

205 1555 360 1600 Asiae
378 1555 433 1601 in
454 1555 671 1600 Christo.

278 1624 326 1666 6.
348 1622 572 1667 Salutate
593 1621 824 1678 Mariam,
838 1634 964 1676 quae
981 1621 1114 1667 mul-

203 1693 316 1733 tum
334 1689 586 1733 laboravit
604 1688 657 1732 in
677 1687 838 1733 vobis.

275 1755 325 1799 7.
365 1755 590 1801 Salutate
602 1753 946 1798 Andronicum
965 1754 1116 1798 etsu-

205 1822 350 1868 niam
400 1822 643 1876 cognatos
685 1822 738 1865 et
789 1819 1116 1876 concaptivos

202 1901 379 1946 meos,
409 1887 495 1943 qui
521 1888 638 1932 sunt
663 1885 861 1932 nobiles
895 1887 947 1930 in
979 1887 1116 1943 Apo-

205 1956 384 2015 stolis,
415 1954 502 2011 qui
530 1955 582 2001 et
599 1956 716 2001 ante
734 1968 814 2000 me
835 1955 1041 2001 fuerunt
1065 1953 1118 1999 in

207 2024 430 2069 Christo.

278 2094 328 2136 8.
374 2089 598 2137 Salutate
642 2088 944 2146 Ampliatum
989 2086 1117 2135 dile-

209 2157 488 2205 ctissimum
508 2156 630 2202 mihi
647 2156 701 2202 in
717 2156 956 2202 Domino.

279 2228 330 2270 9.
367 2224 588 2272 Salutate
609 2224 888 2282 Urbanum,
916 2222 1116 2280 adJuto·

205 2305 325 2340 rem
343 2294 572 2337 nostrum
597 2292 651 2337 in
683 2292 883 2337 Christo
905 2291 936 2335 J
939 2303 1045 2349 esu,
1067 2292 1118 2335 et

211 2360 456 2418 Stachyn,
479 2358 715 2405 dilectum
732 2370 914 2403 meum.

280 2428 362 2472 1⁰.
401 2426 623 2472 Salutate
659 2425 874 2482 Apellen
907 2426 1116 2481 probum

206 2495 265 2540 in
288 2493 506 2538 Christo.

281 2562 364 2606 11.
403 2560 625 2606 Salutate
647 2572 760 2617 eos,
795 2558 881 2615 qui
906 2559 1024 2605 sunt
1053 2571 1120 2604 ex

207 2626 493 2673 Aristobuli
503 2627 676 2672 domo.
715 2626 938 2673 Salutate
949 2623 1118 2671 Hero-

208 2695 434 2752 dionem,
457 2695 725 2751 cognatum
741 2708 922 2739 meum.
970 2692 1118 2739 Salu-

204 2764 317 2808 tate
339 2774 444 2819 eoS,
467 2762 551 2817 qui
569 2763 686 2807 sunt
705 2759 1005 2807 exNarcissi
1026 2759 1118 2805 do·
1141 2784 1146 2789 ·

205 2842 316 2888 mo,
339 2828 424 2885 qui
441 2830 559 2873 suut
576 2828 630 2873 in
648 2828 884 2873 Domino.

284 2897 366 2941 12.
405 2895 628 2941 Salutate
660 2895 1039 2952 Tryphaenam,
1071 2895 1121 2938 et

210 2962 534 3022 'tryphosam
550 2993 564 3021 ,
619 2974 746 3017 quae
797 2960 1033 3007 laborant
1065 2960 1120 3005 in

207 3031 454 3077 Domino.
492 3028 715 3075 Salutate
725 3026 984 3073 Persidem
999 3027 1118 3073 cha-

255 3157 280 3182 r
304 3148 398 3183 Act.
434 3150 502 3189 18,
535 3150 571 3185 2.
620 3144 750 3182 oAct.
777 3148 838 3189 18,
873 3148 930 3183 12.
966 3154 1054 3193 sqq.
1101 3150 1120 3170 ⁷

207 3200 234 3233 1
255 3195 347 3231 Cor.
366 3196 426 3236 16,
445 3198 506 3231 19.

336 3340 451 3394 Cap.
481 3338 613 3381 XVI.
673 3345 710 3382 1.
740 3339 1113 3391 Phoebem3ibid.
1129 3340 1345 3387 cenchris
1392 3344 1601 3397 deestin).

209 3402 256 3441 4.
290 3397 640 3449 subposuerunt.
685 3400 740 3439 ·5.
771 3409 920 3438 eorum
941 3394 1327 3449 ecclosianuibid.

1983 249 2082 300 259

1176 349 1443 407 rissimam,
1458 363 1584 406 quae
1602 352 1811 398 multum
1830 353 2084 398 laboravit

1175 415 1231 461 in
1249 415 1488 461 Domino.
1793 422 1795 424 ’

1246 484 1325 528 13.
1364 482 1591 530 Salutate
1616 485 1831 531 Rufum⁸
1866 485 2083 532 electum

1175 549 1231 594 in
1258 549 1499 610 Domino,
1539 552 1592 597 et
1617 555 1827 598 matrem
1854 554 1992 612 ejus,
2032 557 2085 600 et

1174 630 1353 662 meam.

1244 686 1323 729 14.
1348 683 1571 731 Salutate
1580 686 1918 744 Asyncritum,
1928 686 2081 733 Phle-

1179 753 1418 810 gontem,
1470 753 1743 812 Hermam,
1794 753 2081 811 Patrobam,

1176 818 1489 876 Hermen3et
1507 820 1592 876 qui
1612 834 1725 866 cum
1734 820 1807 866 eis
1828 823 1962 880 sunt,
1975 822 2083 866 fra-

1176 887 1299 930 tres.

1248 953 1269 996 1
1282 955 1327 997 5.
1351 952 1576 999 Salutate
1587 951 1909 1012 Philologum
1927 957 1979 1000 et
1990 956 2020 999 J
2024 969 2083 1000 u-

1178 1017 1323 1078 liam,
1360 1019 1579 1065 Nereum
1608 1024 1660 1067 et
1694 1035 1925 1068 sororem
1954 1021 2082 1080 ejus,

1181 1089 1232 1132 ct
1268 1086 1631 1146 Olympiadem,
1671 1090 1723 1133 et
1760 1103 1959 1148 omnes,
1999 1089 2087 1146 qui

1182 1167 1294 1198 cum
1314 1153 1386 1198 eis
1408 1157 1539 1212 sunt,
1562 1158 1781 1202 sanctos.

1248 1221 1327 1264 16.
1357 1219 1577 1266 Salutate
1596 1221 1814 1268 invicem
1832 1223 1886 1267 in
1906 1222 2083 1269 osculo

1181 1288 1355 1332 sancto
1370 1285 1401 1329 ἰ.
1479 1286 1709 1334 Salutant
1763 1302 1853 1334 vos
1908 1302 2084 1335 omnes

1179 1352 1443 1398 Ecclesiae
1466 1353 1667 1399 Christi.

1249 1421 1329 1464 17.
1362 1420 1507 1478 Rogo
1538 1423 1705 1466 autem
1733 1434 1851 1482 vos,
1881 1424 2083 1480 fratres,

1180 1489 1238 1533 ut
1274 1486 1553 1533 observetis
1592 1501 1707 1547 eos,
1756 1489 1840 1546 qui
1888 1490 2084 1535 dissen—

1181 1555 1355 1600 siones
1376 1555 1426 1600 et
1446 1555 1749 1601 offendicula
1766 1560 1969 1614 praeter
1992 1557 2085 1602 do-

1183 1622 1411 1680 ctrinam,
1435 1635 1579 1678 quam
1601 1635 1693 1668 vos
1716 1623 1975 1682 didicistis,
2006 1626 2085 1670 fa-

1185 1689 1349 1745 ciunt,
1372 1691 1423 1734 et
1446 1687 1694 1734 declinate
1714 1692 1775 1736 ab
1794 1691 1896 1735 illis
1908 1697 1949 1736 ¹⁴.

1255 1755 1317 1797 18
1369 1753 1730 1810 Hujuscemodi
1766 1757 1900 1802 enim
1941 1757 2086 1804 Chri-

1185 1823 1264 1865 sto
1280 1819 1499 1866 Domino
1519 1825 1697 1867 nostro
1716 1834 1823 1868 non
1844 1824 2087 1882 serviunt,

1187 1886 1276 1932 sed
1312 1899 1405 1932 suo
1442 1888 1636 1945 ventri3
1684 1891 1737 1934 et
1778 1903 1871 1946 per
1919 1891 2088 1936 dulces

1187 1968 1447 2001 sermones
1460 1986 1474 2013 ,
1506 1956 1557 2001 et
1575 1955 1951 2004 benedictiones
1969 1990 1983 2018 ,
2005 1972 2087 2005 se·-

1187 2022 1375 2068 ducunt
1398 2022 1551 2068 corda
1568 2024 1929 2071 innocentium.

1253 2092 1333 2135 19.
1368 2090 1551 2136 Vestra
1568 2091 1703 2136 enim
1722 2092 2007 2138 obedientia
2035 2093 2091 2138 in

1187 2169 1386 2203 omnem
1395 2157 1564 2203 locum
1575 2158 1830 2217 divulgata
1842 2163 1931 2205 est.
1952 2160 2089 2206 Gau-

1186 2224 1280 2270 deo
1320 2223 1475 2282 igitur
1506 2226 1567 2270 ‘in
1608 2227 1765 2272 vobis.
1837 2228 1936 2273 Sed
1970 2228 2088 2273 volo

1185 2305 1278 2337 vos
1316 2292 1569 2349 sapientes
1608 2306 1721 2340 esse
1757 2294 1810 2339 in
1849 2297 2001 2352 bono,
2040 2297 2093 2339 et

1185 2357 1436 2415 simplices
1456 2360 1511 2405 iu
1528 2360 1679 2407 malo.

1250 2428 1331 2471 20.
1366 2426 1504 2473 Deus
1519 2430 1685 2473 autem
1703 2426 2089 2483 pacis-conterat

1186 2494 1420 2539 Satanam
1446 2496 1535 2539 sub
1554 2494 1765 2550 pedibus
1792 2493 1975 2539 vestris
2000 2506 2087 2539 ve-

1184 2559 1421 2606 lociter⁹!
1469 2561 1643 2606 Gratia
1675 2560 1883 2605 Domini
1924 2561 2089 2605 nostri

1183 2628 1215 2672 J
1218 2640 1306 2673 esu
1328 2627 1513 2673 Christi
1531 2628 1805 2673 vobiscum.

1255 2695 1335 2739 21.
1381 2694 1577 2741 Salutat
1616 2707 1705 2741 vos
1745 2692 2089 2740 Timotheusw

1184 2760 1386 2819 adjutor
1404 2774 1573 2820 meus,
1604 2763 1655 2807 et
1680 2760 1889 2819 Lucius,
1921 2764 1972 2807 et
1996 2764 2086 2809 Ja-

1180 2834 1332 2885 .son·v,
1356 2831 1405 2873 et
1417 2828 1677 2885 Sosipater
1686 2832 1735 2886 y,
1750 2830 1953 2885 cognati
1970 2830 2083 2877 mei.

1253 2894 1333 2939 22.
1372 2894 1546 2940 Saluto
1591 2906 1821 2953 vosego
1867 2898 2087 2955 Tertius,

1180 2960 1273 3017 .qui
1292 2961 1472 3018 scripsi
1492 2960 1771 3022 epistolam,
1786 2962 1839 3008 in
1850 2963 2085 3013 Domino.

1232 3062 1246 3082 ⁸
1266 3056 1392 3093 Marc.
1410 3060 1470 3098 15,
1489 3060 1546 3094 21.
1592 3061 1612 3083 t
1629 3062 1649 3095 1
1670 3057 1760 3097 Cor.
1778 3062 1837 3102 16,
1855 3062 1915 3097 20.
1951 3064 1976 3095 2
1994 3059 2085 3095 cor.

1186 3106 1247 3144 13,
1265 3106 1323 3139 12.
1372 3110 1394 3128 ¹²
1410 3107 1434 3138 2
1452 3102 1597 3141 Thess.
1616 3108 1655 3145 3,
1674 3108 1709 3142 6.
1729 3109 1791 3143 14.
1810 3110 1834 3141 2
1850 3105 1941 3142 Joh.
1962 3111 2019 3142 10.
2066 3112 2087 3131 ⁸

1185 3152 1211 3183 2
1230 3149 1321 3185 Cor.
1342 3154 1401 3190 11,
1422 3152 1481 3187 14.
1502 3154 1559 3188 15.
1584 3148 1673 3187 soh.
1694 3156 1753 3195 12,
1763 3157 1823 3189 31.
1871 3160 1904 3179 w
1921 3150 2085 3195 Acme,

1185 3200 1221 3233 1.
1242 3206 1328 3243 sqq.
1372 3202 1405 3221 θ
1420 3195 1513 3233 Act.
1532 3201 1590 3240 17,
1608 3202 1643 3235 7.
1691 3206 1715 3233 r
1732 3198 1824 3235 Act.
1842 3202 1907 3241 20,
1922 3201 1963 3235 4.

1660 3350 1701 3388 2.
1724 3346 1947 3388 adsistitit
1964 3344 2086 3401 (sic).

1392 3400 1675 3456 phaenetum.
1732 3405 1777 3442 ’1.
1806 3400 1985 3443 Juliam.
2044 3404 2085 3445 9.

212 3456 266 3498 in
290 3452 476 3494 Christo
499 3454 642 3505 (dccet
653 3451 802 3505 Jesu)·
863 3456 928 3494 11.
960 3466 1023 3495 ex
1041 3452 1300 3497 Arestoboli
1322 3458 1464 3511 (deest
1482 3456 1657 3508 domo);
1676 3455 1784 3497 ibid.
1806 3468 1866 3497 ex
1885 3453 2089 3500 Narcissi

213 3512 366 3566 (deest
385 3506 554 3560 domo).
613 3511 680 3549 12.
703 3508 1124 3560 Thryfenam3ibid.
1145 3510 1415 3563 Tryfosam3
1436 3510 1804 3555 ibid-Persidam.
1864 3514 1931 3552 14.
1950 3511 2089 3555 Phle-

213 3569 384 3620 gouta3
403 3562 510 3608 ibid.
529 3563 742 3607 Hermam
753 3566 867 3621 (pro
879 3566 1116 3621 Hermen).
1176 3570 1246 3610 20.
1280 3566 1495 3611 Satanan.
1553 3569 1621 3608 22.
1654 3564 1813 3607 scribsi
1833 3565 2085 3620 epistulam.
