2376 3925
315 136 414 189 366

313 244 418 286 tres
431 239 442 284 ἔ
464 253 619 297 usque
638 239 700 284 ad
712 238 978 285 adventum
990 238 1211 285 Domini.

311 306 470 354 Ecce!
490 306 714 365 agricola
733 307 993 363 exspectat
1019 305 1213 363 pretio-

311 388 422 422 sum
439 375 652 420 fructum
669 376 853 431 terrae,
867 373 1116 430 patienter
1136 374 1213 418 fe-

314 453 434 487 rens
464 441 624 486 donec
651 440 863 498 accipiat
890 443 1213 497 temporane-

312 522 396 555 um
416 510 466 553 et
483 507 778 553 serotinum.

379 577 425 619 8.
469 574 724 621 Patientes
771 574 925 632 igitur
962 574 1123 618 estote
1161 575 1213 617 et

313 654 424 700 vos,
445 643 496 687 et
514 643 804 688 confirmate
837 639 990 687 corda
1017 637 1210 685 vestra!

311 709 548 766 quoniam
593 708 836 754 adventus
880 706 1085 751 Domini
1120 719 1211 764 ap-

311 775 711 834 propinquavit‘.

379 845 427 888 9.
455 842 624 889 Nolite
637 840 984 899 ingemiscere,
1005 838 1210 887 fratres!

311 910 368 955 in
386 909 695 966 alterutrum,
707 910 763 953 ut
779 919 884 953 non
899 907 1210 965 judicemini.

309 977 443 1023 Ecce
455 976 466 1021 Ξ
473 976 634 1033 judex
650 977 766 1021 ante
781 975 986 1031 ,ianuam
1005 975 1209 1020 assistit.

378 1044 458 1087 10.
492 1041 792 1099 Exemplum
829 1042 1058 1102 accipite,
1103 1043 1209 1086 fra-

307 1108 436 1157 tres!
466 1110 634 1156 exitus
659 1108 807 1167 mali,
840 1108 1029 1156 laboris
1049 1111 1101 1155 et
1117 1120 1208 1166 pa-

309 1177 548 1236 tientiae,
585 1177 886 1235 propbetas,
933 1176 1016 1233 qui
1052 1175 1211 1221 locuti

309 1246 428 1291 sunt
443 1244 496 1290 in
515 1244 720 1289 nomine
740 1244 960 1289 Domini.

376 1314 457 1357 11.
499 1311 658 1357 Ecce!
711 1311 1046 1357 beatificamus
1100 1322 1207 1368 eos,

308 1379 394 1436 qui
430 1379 787 1424 sustinuerunt.
857 1377 1209 1423 Sufferentiam

307 1448 405 1491 Job
425 1444 648 1500 audistis,
671 1448 720 1489 et
739 1446 886 1489 finem
905 1442 1108 1489 Domini
1131 1443 1207 1487 vi-

307 1511 467 1570 distis,
506 1511 743 1566 quoniam
777 1510 1067 1555 misericors
1093 1508 1206 1555 Do-

307 1578 471 1623 minus
491 1579 584 1635 est,
605 1580 656 1621 et
672 1576 956 1621 miserator.

375 1646 455 1690 12.
490 1646 620 1689 Ante
641 1643 810 1690 omnia
827 1646 1008 1701 autem,
1021 1643 1205 1688 fratres

305 1712 424 1759 mei!
463 1711 622 1758 nolite
646 1702 883 1769 jurares,
911 1723 1074 1767 neque
1114 1722 1206 1767 per

306 1780 528 1838 coelum,
555 1791 718 1835 neque
745 1791 836 1835 per
863 1781 1075 1836 terram,
1113 1790 1206 1822 ne-

307 1862 403 1905 que
422 1847 556 1893 aliud
577 1846 919 1904 quodcumque
943 1845 1204 1902 Juramen-

303 1918 425 1961 tum.
495 1914 572 1961 Sit
607 1916 772 1959 autem
808 1926 974 1959 sermo
1009 1914 1204 1958 vester:

304 1983 422 2040 Est,
444 1981 540 2028 est!
581 1981 698 2026 Non
712 2011 726 2038 ‚
750 1980 879 2027 non!
919 1982 1096 2026 utnon
1114 1981 1206 2025 sub

302 2049 494 2106 judicio
515 2047 768 2092 decidatis.

371 2115 451 2158 13.
489 2113 739 2157 Tristatur
758 2112 937 2168 aliquis
955 2111 1205 2157 vestrum?

305 2178 438 2225 oret!
459 2179 634 2234 Aequo
654 2179 821 2223 animo
843 2178 951 2222 est?
971 2176 1175 2234 psallat!

348 2281 367 2301 e
382 2273 528 2310 Mattb.
545 2274 610 2315 24,
627 2276 691 2310 34.
737 2269 764 2304 ἰ
779 2270 927 2310 unuh.
943 2275 982 2316 5,
997 2275 1170 2311 34-37.

419 2420 530 2477 Cap.
559 2418 619 2462 V.

711 136 1124 189 EPISTOLA
1162 134 1468 186 JACOBI.
1542 134 1706 185 cAP.
1729 134 1776 183 5.

1346 238 1423 281 14.
1457 238 1737 282 infirmatur
1774 236 1881 292 quis
1906 236 1959 281 in
1997 238 2177 296 vobis3

1280 304 1479 350 inducat
1522 305 1845 362 presbyteros
1893 303 2179 363 Ecclesiae,

1279 374 1330 417 et
1368 372 1514 417 orent
1548 382 1699 427 super
1744 384 1880 428 eum,
1926 376 2179 429 ungentes

1280 452 1389 484 eum
1412 439 1568 484 oleo&
1586 437 1639 482 in
1657 438 1863 483 nomine
1880 436 2117 496 Domini3

1344 524 1425 567 15.
1461 525 1511 567 et
1531 522 1693 567 oratio
1722 521 1839 567 fidei
1866 520 2076 567 salvabit
2096 522 2177 568 in-

1278 591 1471 635 firmum
1479 582 1523 647 ἦ,
1538 591 1587 635 et
1604 588 1861 634 alleviabit
1875 602 1989 633 eum
2001 589 2177 635 Domi-

1276 670 1399 714 nus;
1439 659 1490 702 et
1508 655 1553 701 si
1570 656 1623 701 in
1641 656 1860 713 peccatis
1880 655 1972 714 sit,
2004 657 2175 702 remit-

1276 725 1445 769 tentur
1464 723 1529 769 ei.

1343 792 1423 835 16.
1460 788 1782 835 confitemini
1824 802 1951 847 ergo
1988 789 2177 836 alteru-

1275 860 1407 903 trum
1425 858 1631 914 peccata
1649 858 1835 914 vestra,
1849 860 1902 901 et
1922 860 2064 902 orate
2084 871 2173 914 pro

1277 924 1517 982 invicem,
1558 925 1611 969 ut
1645 923 1933 979 salvemini3
1970 924 2177 970 multum

1276 992 1411 1037 enim
1436 991 1571 1037 valet
1596 990 1884 1048 deprecatio
1902 990 2028 1048 ,iusti
2046 992 2175 1037 assi-

1278 1058 1388 1104 dua.

1341 1128 1423 1171 17.
1466 1124 1607 1170 Elias
1651 1123 1805 1170 homo
1852 1127 1957 1169 erat
1990 1122 2171 1171 similis

1275 1194 1421 1240 nobis
1441 1190 1709 1250 passibilis,
1731 1194 1782 1236 et
1802 1186 2031 1237 oratione
2050 1204 2168 1237 ora-

1279 1260 1365 1319 vit,
1387 1262 1561 1306 utnon
1582 1258 1779 1315 plueret
1798 1271 1951 1315 super
1968 1261 2167 1317 terram,

1275 1329 1326 1373 et
1343 1341 1445 1373 non
1466 1326 1592 1385 pluit
1602 1338 1763 1371 annos
1782 1328 1887 1371 tres
1909 1328 1961 1372 et
1976 1340 2170 1373 menses

1274 1408 1419 1505 selis.
1453 1460 1523 1506 Et
1538 1472 1738 1506 rursum
1756 1459 1953 1516 oravit3
1986 1466 2037 1505 et
2055 1473 2168 1505 coe-

1272 1528 1374 1573 lum
1394 1528 1529 1573 dedit
1547 1526 1791 1585 pluviam,
1814 1532 1863 1572 et
1882 1528 2023 1573 terra
2041 1526 2167 1573 dedit

1272 1597 1487 1641 fructum
1507 1608 1664 1640 suum.

1338 1681 1418 1723 19.
1438 1678 1643 1724 Fratres
1663 1674 1783 1722 mei!
1805 1675 1849 1722 si
1870 1678 1983 1732 quis
2006 1692 2071 1724 ex
2083 1691 2165 1723 vo·

1272 1747 1347 1793 bis
1367 1745 1616 1791 erraverit
1645 1755 1675 1789 a
1701 1744 1947 1805 veritate,
1980 1748 2033 1791 et
2052 1759 2164 1793 con·

1272 1813 1481 1860 verterit
1498 1812 1607 1869 quis
1628 1825 1767 1869 eum;

1339 1898 1419 1942 20.
1454 1896 1585 1942 scire
1613 1894 1784 1953 debet,
1823 1896 2066 1951 quoniam
2092 1895 2166 1951 qui

1272 1965 1503 2012 converti
1538 1961 1717 2009 fecerit
1754 1966 2077 2020 peccatorem
2111 1966 2163 2008 ab

1272 2045 1447 2078 errore
1478 2031 1588 2076 viae
1624 2042 1770 2089 suae,
1810 2030 2029 2076 salvabit
2064 2031 2162 2076 ani-

1269 2112 1399 2145 mam
1412 2099 1520 2155 ejus
1532 2111 1563 2143 a
1580 2101 1759 2156 morte,
1771 2098 1823 2142 et
1834 2098 2037 2154 operiet
2046 2097 2163 2143 mul·

1268 2167 1531 2212 titudinem
1550 2167 1886 2222 peccatorum.

1314 2278 1339 2309 3
1356 2273 1483 2312 Marc.
1499 2276 1537 2316 6,
1554 2277 1615 2312 13.
1661 2270 1683 2299 Β
1697 2272 1789 2309 Act.
1806 2275 1870 2316 28,
1886 2275 1925 2310 8.

675 2423 716 2462 7.
755 2425 972 2474 expectat
999 2422 1289 2476 praetiosum.
1346 2427 1387 2467 8.
1416 2424 1645 2479 patientes
1672 2425 1816 2465 estote
1846 2427 1894 2464 et
1920 2435 2003 2464 vos
2030 2423 2167 2476 (deest

304 2479 463 2533 igitur)
494 2477 752 2520 confirmate
774 2477 919 2528 (deest
935 2479 1002 2532 et)
1042 2478 1178 2521 corda
1206 2485 1383 2531 vestrm
1420 2479 1528 2523 ibid.
1560 2478 1957 2533 adpropinquabit.
2037 2481 2077 2521 9.
2104 2479 2162 2518 in-

305 2547 584 2587 gementem-03
602 2532 711 2575 ibid.
733 2533 931 2574 adsistit.
994 2538 1060 2576 10.
1093 2534 1260 2577 fratres
1286 2535 1453 2579 laboris
1480 2542 1528 2578 et
1554 2536 1805 2590 patientiae
1826 2534 2011 2587 (desunt
2034 2533 2163 2574 verba

305 2593 458 2632 exitus
483 2588 640 2643 mali);
669 2587 778 2630 ibid.
812 2601 895 2643 per
921 2589 1168 2644 prophetas
1196 2592 1271 2644 qui
1298 2589 1438 2635 locuti
1468 2597 1585 2633 sunt.
1644 2595 1711 2631 11.
1741 2590 2075 2637 beatificamus,
2095 2587 2161 2642 qui

304 2647 610 2688 sustinuerunt
648 2644 791 2700 (deest
825 2643 950 2698 eos)3
987 2643 1096 2688 ibid.
1127 2649 1199 2687 est
1224 2647 1456 2691 Dominus.
1534 2650 1599 2689 1³.
1638 2645 1869 2687 Tristatur
1902 2644 2069 2697 aliquis
2092 2657 2161 2684 ve·

306 2705 445 2742 strum
469 2700 477 2758 Ι
502 2704 601 2744 oret
627 2711 768 2754 aequo
798 2701 944 2740 animo
972 2703 1019 2741 et
1047 2699 1233 2754 psallat.
1309 2705 1375 2743 14.
1412 2703 1746 2757 praesbyteros.
1820 2703 1887 2742 15.
1930 2699 2159 2745 allevabit;

304 2755 413 2798 ibid.
443 2756 725 2799 dimittentur
754 2755 810 2797 ei.
871 2757 937 2797 16.
971 2755 1258 2810 depraecatio
1278 2757 1392 2809 justi
1422 2758 1624 2799 adsidua.
1691 2759 1756 2797 17.
1790 2755 1967 2798 Helias.
2028 2759 2091 2798 18.
2119 2757 2160 2795 et

303 2824 472 2854 rursus.
529 2816 599 2857 20.
628 2811 684 2852 ab
705 2823 856 2854 errore
873 2813 996 2855 vitae
1015 2822 1145 2862 suae;
1165 2811 1275 2856 ibid.
1297 2824 1325 2853 a
1344 2817 1482 2856 morte
1502 2815 1549 2854 et
1567 2812 1782 2866 cooperit.
