<?xml version="1.0" encoding="UTF-8"?>
<!DOCTYPE html PUBLIC "-//W3C//DTD XHTML 1.0 Transitional//EN"
    "http://www.w3.org/TR/xhtml1/DTD/xhtml1-transitional.dtd">
<html xmlns="http://www.w3.org/1999/xhtml" xml:lang="en" lang="en">
 <head>
  <title>
</title>
<meta http-equiv="Content-Type" content="text/html;charset=utf-8" />
  <meta name='ocr-system' content='tesseract 3.04.00' />
  <meta name='ocr-capabilities' content='ocr_page ocr_carea ocr_par ocr_line ocrx_word'/>
</head>
<body>
  <div class='ocr_page' id='page_1' title='image "./novumtestamentu01flecgoog_0287.png"; bbox 0 0 2376 3925; ppageno 0'>
   <div class='ocr_carea' id='block_1_1' title="bbox 446 139 1859 206">
    <p class='ocr_par' dir='ltr' id='par_1_1' title="bbox 446 139 1859 206">
     <span class='ocr_line' id='line_1_1' title="bbox 446 139 1859 206; baseline 0.013 -17"><span class='ocrx_word' id='word_1_1' title='bbox 446 139 708 192; x_wconf 83' lang='lat' dir='ltr'><strong>AcTUS</strong></span> <span class='ocrx_word' id='word_1_2' title='bbox 761 141 1410 198; x_wconf 82' lang='lat' dir='ltr'><strong>APOSTOLORUM.</strong></span> <span class='ocrx_word' id='word_1_3' title='bbox 1467 151 1633 202; x_wconf 83' lang='lat' dir='ltr'><strong>CAP.</strong></span> <span class='ocrx_word' id='word_1_4' title='bbox 1673 155 1859 206; x_wconf 84' lang='lat'><strong>18.19.</strong></span> 
     </span>
    </p>
   </div>
   <div class='ocr_carea' id='block_1_2' title="bbox 1995 160 2095 210">
    <p class='ocr_par' dir='ltr' id='par_1_2' title="bbox 1995 160 2095 210">
     <span class='ocr_line' id='line_1_2' title="bbox 1995 160 2095 210; baseline 0.03 -2"><span class='ocrx_word' id='word_1_5' title='bbox 1995 160 2095 210; x_wconf 85' lang='lat'><strong>219</strong></span> 
     </span>
    </p>
   </div>
   <div class='ocr_carea' id='block_1_3' title="bbox 215 212 2098 246">
    <p class='ocr_par' dir='ltr' id='par_1_3' title="bbox 215 212 2098 246">
     <span class='ocr_line' id='line_1_3' title="bbox 215 212 2098 246; baseline 0.01 -18"><span class='ocrx_word' id='word_1_6' title='bbox 215 212 2098 246; x_wconf 50' lang='grc' dir='ltr'>Ἢ</span> 
     </span>
    </p>
   </div>
   <div class='ocr_carea' id='block_1_4' title="bbox 185 241 1125 3108">
    <p class='ocr_par' dir='ltr' id='par_1_4' title="bbox 212 241 1122 370">
     <span class='ocr_line' id='line_1_4' title="bbox 213 241 1122 304; baseline 0.007 -19"><span class='ocrx_word' id='word_1_7' title='bbox 213 241 316 286; x_wconf 85' lang='lat' dir='ltr'><strong>sibi</strong></span> <span class='ocrx_word' id='word_1_8' title='bbox 326 241 617 287; x_wconf 75' lang='lat' dir='ltr'><strong>totonderat</strong></span> <span class='ocrx_word' id='word_1_9' title='bbox 626 242 681 288; x_wconf 85' lang='lat' dir='ltr'><strong>in</strong></span> <span class='ocrx_word' id='word_1_10' title='bbox 694 243 935 290; x_wconf 85' lang='lat' dir='ltr'><strong>Cenchris</strong></span> <span class='ocrx_word' id='word_1_11' title='bbox 948 257 1037 302; x_wconf 85' lang='lat' dir='ltr'><strong>cap</strong></span> <span class='ocrx_word' id='word_1_12' title='bbox 1044 248 1122 304; x_wconf 80' lang='lat' dir='ltr'><strong>ut3</strong></span> 
     </span>
     <span class='ocr_line' id='line_1_5' title="bbox 212 308 859 370; baseline 0.006 -18"><span class='ocrx_word' id='word_1_13' title='bbox 212 308 430 354; x_wconf 87' lang='lat' dir='ltr'><strong>habebat</strong></span> <span class='ocrx_word' id='word_1_14' title='bbox 446 308 581 353; x_wconf 88' lang='lat' dir='ltr'><strong>enim</strong></span> <span class='ocrx_word' id='word_1_15' title='bbox 601 309 859 370; x_wconf 70' lang='lat' dir='ltr'><strong>votumw).</strong></span> 
     </span>
    </p>

    <p class='ocr_par' dir='ltr' id='par_1_5' title="bbox 209 375 1125 621">
     <span class='ocr_line' id='line_1_6' title="bbox 282 375 1125 437; baseline 0.009 -20"><span class='ocrx_word' id='word_1_16' title='bbox 282 375 365 418; x_wconf 85' lang='lat'><strong>19.</strong></span> <span class='ocrx_word' id='word_1_17' title='bbox 401 375 721 432; x_wconf 85' lang='lat' dir='ltr'><strong>Devenitque</strong></span> <span class='ocrx_word' id='word_1_18' title='bbox 758 375 1040 437; x_wconf 83' lang='lat' dir='ltr'><strong>Ephesum,</strong></span> <span class='ocrx_word' id='word_1_19' title='bbox 1072 381 1125 425; x_wconf 87' lang='lat' dir='ltr'><strong>et</strong></span> 
     </span>
     <span class='ocr_line' id='line_1_7' title="bbox 209 440 1121 501; baseline 0.007 -16"><span class='ocrx_word' id='word_1_20' title='bbox 209 440 333 487; x_wconf 83' lang='lat' dir='ltr'><strong>illos</strong></span> <span class='ocrx_word' id='word_1_21' title='bbox 352 440 422 487; x_wconf 91' lang='lat' dir='ltr'><strong>ibi</strong></span> <span class='ocrx_word' id='word_1_22' title='bbox 452 441 673 499; x_wconf 87' lang='lat' dir='ltr'><strong>reliquit.</strong></span> <span class='ocrx_word' id='word_1_23' title='bbox 740 444 853 501; x_wconf 89' lang='lat' dir='ltr'><strong>Ipse</strong></span> <span class='ocrx_word' id='word_1_24' title='bbox 885 458 1009 491; x_wconf 86' lang='lat' dir='ltr'><strong>vero</strong></span> <span class='ocrx_word' id='word_1_25' title='bbox 1038 445 1121 491; x_wconf 92' lang='lat' dir='ltr'><strong>in-</strong></span> 
     </span>
     <span class='ocr_line' id='line_1_8' title="bbox 209 511 1123 570; baseline 0.007 -17"><span class='ocrx_word' id='word_1_26' title='bbox 209 521 420 566; x_wconf 79' lang='lat' dir='ltr'>gressus</span> <span class='ocrx_word' id='word_1_27' title='bbox 460 522 795 570; x_wconf 84' lang='lat' dir='ltr'><strong>synagogam,</strong></span> <span class='ocrx_word' id='word_1_28' title='bbox 840 511 1123 570; x_wconf 88' lang='lat' dir='ltr'><strong>disputabat</strong></span> 
     </span>
     <span class='ocr_line' id='line_1_9' title="bbox 212 574 573 621; baseline -0.003 0"><span class='ocrx_word' id='word_1_29' title='bbox 212 589 324 621; x_wconf 87' lang='lat' dir='ltr'><strong>cum</strong></span> <span class='ocrx_word' id='word_1_30' title='bbox 345 574 573 621; x_wconf 78' lang='lat' dir='ltr'><strong>Judaeis.</strong></span> 
     </span>
    </p>

    <p class='ocr_par' dir='ltr' id='par_1_6' title="bbox 208 643 1121 835">
     <span class='ocr_line' id='line_1_10' title="bbox 277 643 1121 706; baseline 0.007 -20"><span class='ocrx_word' id='word_1_31' title='bbox 277 644 364 688; x_wconf 88' lang='grc'><strong>20.</strong></span> <span class='ocrx_word' id='word_1_32' title='bbox 398 643 710 700; x_wconf 86' lang='lat' dir='ltr'><strong>Rogantibus</strong></span> <span class='ocrx_word' id='word_1_33' title='bbox 737 645 905 690; x_wconf 88' lang='lat' dir='ltr'><strong>autem</strong></span> <span class='ocrx_word' id='word_1_34' title='bbox 932 646 1033 706; x_wconf 91' lang='lat' dir='ltr'><strong>eis,</strong></span> <span class='ocrx_word' id='word_1_35' title='bbox 1063 649 1121 692; x_wconf 86' lang='lat' dir='ltr'><strong>ut</strong></span> 
     </span>
     <span class='ocr_line' id='line_1_11' title="bbox 209 709 1118 772; baseline 0.007 -18"><span class='ocrx_word' id='word_1_36' title='bbox 209 709 451 767; x_wconf 88' lang='lat' dir='ltr'><strong>ampliori</strong></span> <span class='ocrx_word' id='word_1_37' title='bbox 480 712 703 768; x_wconf 88' lang='lat' dir='ltr'><strong>tempore</strong></span> <span class='ocrx_word' id='word_1_38' title='bbox 728 715 980 772; x_wconf 83' lang='lat' dir='ltr'><strong>maneret,</strong></span> <span class='ocrx_word' id='word_1_39' title='bbox 1011 727 1118 760; x_wconf 89' lang='lat' dir='ltr'><strong>non</strong></span> 
     </span>
     <span class='ocr_line' id='line_1_12' title="bbox 208 776 501 835; baseline 0 -13"><span class='ocrx_word' id='word_1_40' title='bbox 208 776 501 835; x_wconf 89' lang='lat' dir='ltr'><strong>consensit;</strong></span> 
     </span>
    </p>

    <p class='ocr_par' dir='ltr' id='par_1_7' title="bbox 204 835 1115 1038">
     <span class='ocr_line' id='line_1_13' title="bbox 277 835 1114 905; baseline 0.007 -17"><span class='ocrx_word' id='word_1_41' title='bbox 277 835 360 889; x_wconf 83' lang='lat'><strong>2‘1.</strong></span> <span class='ocrx_word' id='word_1_42' title='bbox 382 843 471 889; x_wconf 86' lang='lat' dir='ltr'><strong>sed</strong></span> <span class='ocrx_word' id='word_1_43' title='bbox 492 843 817 905; x_wconf 78' lang='lat' dir='ltr'><strong>valefaciens,</strong></span> <span class='ocrx_word' id='word_1_44' title='bbox 830 848 882 892; x_wconf 86' lang='lat' dir='ltr'><strong>et</strong></span> <span class='ocrx_word' id='word_1_45' title='bbox 900 847 1114 895; x_wconf 60' lang='lat' dir='ltr'><strong>dicensx:</strong></span> 
     </span>
     <span class='ocr_line' id='line_1_14' title="bbox 204 912 1115 972; baseline 0.004 -16"><span class='ocrx_word' id='word_1_46' title='bbox 204 913 399 956; x_wconf 88' lang='lat' dir='ltr'><strong>lterum</strong></span> <span class='ocrx_word' id='word_1_47' title='bbox 415 913 647 958; x_wconf 85' lang='lat' dir='ltr'><strong>revertar</strong></span> <span class='ocrx_word' id='word_1_48' title='bbox 666 912 729 958; x_wconf 91' lang='lat' dir='ltr'><strong>ad</strong></span> <span class='ocrx_word' id='word_1_49' title='bbox 748 926 839 959; x_wconf 84' lang='lat' dir='ltr'><strong>vos</strong></span> <span class='ocrx_word' id='word_1_50' title='bbox 852 944 866 972; x_wconf 91' lang='lat'><strong>,</strong></span> <span class='ocrx_word' id='word_1_51' title='bbox 887 913 999 960; x_wconf 92' lang='lat' dir='ltr'><strong>Deo</strong></span> <span class='ocrx_word' id='word_1_52' title='bbox 1024 928 1115 960; x_wconf 88' lang='lat' dir='ltr'><strong>vo-</strong></span> 
     </span>
     <span class='ocr_line' id='line_1_15' title="bbox 204 979 1063 1038; baseline 0.005 -16"><span class='ocrx_word' id='word_1_53' title='bbox 204 979 366 1036; x_wconf 81' lang='lat' dir='ltr'><strong>lente,</strong></span> <span class='ocrx_word' id='word_1_54' title='bbox 386 980 645 1035; x_wconf 84' lang='lat' dir='ltr'><strong>profectus</strong></span> <span class='ocrx_word' id='word_1_55' title='bbox 664 982 742 1025; x_wconf 87' lang='lat' dir='ltr'><strong>est</strong></span> <span class='ocrx_word' id='word_1_56' title='bbox 760 983 821 1027; x_wconf 86' lang='lat' dir='ltr'><strong>ab</strong></span> <span class='ocrx_word' id='word_1_57' title='bbox 840 981 1063 1038; x_wconf 78' lang='lat' dir='ltr'><strong>Epheso.</strong></span> 
     </span>
    </p>

    <p class='ocr_par' dir='ltr' id='par_1_8' title="bbox 206 1045 1113 1228">
     <span class='ocr_line' id='line_1_16' title="bbox 280 1045 1113 1108; baseline 0.007 -20"><span class='ocrx_word' id='word_1_58' title='bbox 280 1046 360 1088; x_wconf 87' lang='lat'><strong>22.</strong></span> <span class='ocrx_word' id='word_1_59' title='bbox 394 1045 461 1090; x_wconf 87' lang='lat' dir='ltr'><strong>Et</strong></span> <span class='ocrx_word' id='word_1_60' title='bbox 476 1045 785 1092; x_wconf 86' lang='lat' dir='ltr'><strong>descendens</strong></span> <span class='ocrx_word' id='word_1_61' title='bbox 799 1048 1113 1108; x_wconf 85' lang='lat' dir='ltr'><strong>Caesaream,</strong></span> 
     </span>
     <span class='ocr_line' id='line_1_17' title="bbox 206 1111 1113 1176; baseline 0.008 -21"><span class='ocrx_word' id='word_1_62' title='bbox 206 1111 460 1171; x_wconf 81' lang='lat' dir='ltr'><strong>ascendit,</strong></span> <span class='ocrx_word' id='word_1_63' title='bbox 490 1115 541 1158; x_wconf 87' lang='lat' dir='ltr'><strong>et</strong></span> <span class='ocrx_word' id='word_1_64' title='bbox 568 1113 805 1159; x_wconf 85' lang='lat' dir='ltr'><strong>salutavit</strong></span> <span class='ocrx_word' id='word_1_65' title='bbox 832 1114 1113 1176; x_wconf 83' lang='lat' dir='ltr'><strong>ecclesiam,</strong></span> 
     </span>
     <span class='ocr_line' id='line_1_18' title="bbox 208 1179 935 1228; baseline 0.006 -4"><span class='ocrx_word' id='word_1_66' title='bbox 208 1181 264 1224; x_wconf 91' lang='lat' dir='ltr'><strong>et</strong></span> <span class='ocrx_word' id='word_1_67' title='bbox 284 1179 540 1226; x_wconf 85' lang='lat' dir='ltr'><strong>descendit</strong></span> <span class='ocrx_word' id='word_1_68' title='bbox 556 1181 877 1227; x_wconf 85' lang='lat' dir='ltr'><strong>Antiochiam</strong></span> <span class='ocrx_word' id='word_1_69' title='bbox 888 1187 935 1228; x_wconf 64' lang='lat' dir='ltr'><strong>y,</strong></span> 
     </span>
    </p>

    <p class='ocr_par' dir='ltr' id='par_1_9' title="bbox 203 1246 1113 1572">
     <span class='ocr_line' id='line_1_19' title="bbox 276 1246 1112 1306; baseline 0.01 -17"><span class='ocrx_word' id='word_1_70' title='bbox 276 1247 361 1290; x_wconf 84' lang='lat'><strong>23.</strong></span> <span class='ocrx_word' id='word_1_71' title='bbox 380 1246 448 1290; x_wconf 89' lang='lat' dir='ltr'><strong>Et</strong></span> <span class='ocrx_word' id='word_1_72' title='bbox 465 1247 598 1293; x_wconf 87' lang='lat' dir='ltr'><strong>facto</strong></span> <span class='ocrx_word' id='word_1_73' title='bbox 617 1247 689 1295; x_wconf 89' lang='lat' dir='ltr'><strong>ibi</strong></span> <span class='ocrx_word' id='word_1_74' title='bbox 706 1248 963 1306; x_wconf 83' lang='lat' dir='ltr'><strong>aliquanto</strong></span> <span class='ocrx_word' id='word_1_75' title='bbox 984 1251 1112 1296; x_wconf 90' lang='lat' dir='ltr'><strong>tem-</strong></span> 
     </span>
     <span class='ocr_line' id='line_1_20' title="bbox 203 1315 1113 1375; baseline 0.007 -17"><span class='ocrx_word' id='word_1_76' title='bbox 203 1325 335 1371; x_wconf 83' lang='lat' dir='ltr'><strong>pore</strong></span> <span class='ocrx_word' id='word_1_77' title='bbox 356 1315 612 1370; x_wconf 86' lang='lat' dir='ltr'><strong>profectus</strong></span> <span class='ocrx_word' id='word_1_78' title='bbox 634 1317 738 1375; x_wconf 87' lang='lat' dir='ltr'><strong>est,</strong></span> <span class='ocrx_word' id='word_1_79' title='bbox 760 1317 1113 1374; x_wconf 75' lang='lat' dir='ltr'><strong>perambulans</strong></span> 
     </span>
     <span class='ocr_line' id='line_1_21' title="bbox 205 1380 1111 1445; baseline 0.007 -19"><span class='ocrx_word' id='word_1_80' title='bbox 205 1394 275 1426; x_wconf 82' lang='lat' dir='ltr'><strong>ex</strong></span> <span class='ocrx_word' id='word_1_81' title='bbox 296 1380 475 1426; x_wconf 85' lang='lat' dir='ltr'><strong>ordine</strong></span> <span class='ocrx_word' id='word_1_82' title='bbox 496 1381 772 1428; x_wconf 85' lang='lat' dir='ltr'><strong>Galaticam</strong></span> <span class='ocrx_word' id='word_1_83' title='bbox 794 1385 1111 1445; x_wconf 77' lang='lat' dir='ltr'><strong>regionem=‚</strong></span> 
     </span>
     <span class='ocr_line' id='line_1_22' title="bbox 205 1447 1111 1509; baseline 0.006 -16"><span class='ocrx_word' id='word_1_84' title='bbox 205 1450 259 1493; x_wconf 90' lang='lat' dir='ltr'><strong>et</strong></span> <span class='ocrx_word' id='word_1_85' title='bbox 277 1447 573 1509; x_wconf 79' lang='lat' dir='ltr'><strong>Phrygiam,</strong></span> <span class='ocrx_word' id='word_1_86' title='bbox 604 1452 905 1497; x_wconf 82' lang='lat' dir='ltr'><strong>confirmans</strong></span> <span class='ocrx_word' id='word_1_87' title='bbox 936 1465 1111 1500; x_wconf 88' lang='lat' dir='ltr'><strong>omnes</strong></span> 
     </span>
     <span class='ocr_line' id='line_1_23' title="bbox 204 1514 500 1572; baseline 0.003 -12"><span class='ocrx_word' id='word_1_88' title='bbox 204 1514 500 1572; x_wconf 84' lang='lat' dir='ltr'><strong>discipulos.</strong></span> 
     </span>
    </p>

    <p class='ocr_par' dir='ltr' id='par_1_10' title="bbox 273 1582 1112 1646">
     <span class='ocr_line' id='line_1_24' title="bbox 273 1582 1112 1646; baseline 0.008 -21"><span class='ocrx_word' id='word_1_89' title='bbox 273 1583 353 1626; x_wconf 82' lang='lat'><strong>24.</strong></span> <span class='ocrx_word' id='word_1_90' title='bbox 399 1582 429 1627; x_wconf 82' lang='lat' dir='ltr'><strong>J</strong></span> <span class='ocrx_word' id='word_1_91' title='bbox 434 1583 621 1629; x_wconf 85' lang='lat' dir='ltr'><strong>udaeus</strong></span> <span class='ocrx_word' id='word_1_92' title='bbox 674 1586 841 1631; x_wconf 86' lang='lat' dir='ltr'><strong>autem</strong></span> <span class='ocrx_word' id='word_1_93' title='bbox 895 1587 1112 1646; x_wconf 73' lang='lat' dir='ltr'><strong>quidam3</strong></span> 
     </span>
    </p>

    <p class='ocr_par' dir='ltr' id='par_1_11' title="bbox 185 1647 1115 2177">
     <span class='ocr_line' id='line_1_25' title="bbox 203 1647 1111 1709; baseline 0.004 -15"><span class='ocrx_word' id='word_1_94' title='bbox 203 1647 429 1706; x_wconf 75' lang='lat' dir='ltr'><strong>Apollo⁶</strong></span> <span class='ocrx_word' id='word_1_95' title='bbox 464 1650 671 1696; x_wconf 89' lang='lat' dir='ltr'><strong>nomine</strong></span> <span class='ocrx_word' id='word_1_96' title='bbox 685 1681 699 1709; x_wconf 89' lang='lat'><strong>,</strong></span> <span class='ocrx_word' id='word_1_97' title='bbox 736 1651 1111 1698; x_wconf 84' lang='lat' dir='ltr'><strong>Alexandrinus</strong></span> 
     </span>
     <span class='ocr_line' id='line_1_26' title="bbox 200 1715 1115 1776; baseline 0.003 -15"><span class='ocrx_word' id='word_1_98' title='bbox 200 1729 396 1774; x_wconf 82' lang='lat' dir='ltr'><strong>genere</strong></span> <span class='ocrx_word' id='word_1_99' title='bbox 409 1746 424 1775; x_wconf 93' lang='lat'><strong>,</strong></span> <span class='ocrx_word' id='word_1_100' title='bbox 471 1717 553 1761; x_wconf 83' lang='lat' dir='ltr'><strong>vir</strong></span> <span class='ocrx_word' id='word_1_101' title='bbox 590 1715 833 1772; x_wconf 88' lang='lat' dir='ltr'><strong>eloquens</strong></span> <span class='ocrx_word' id='word_1_102' title='bbox 846 1747 860 1776; x_wconf 89' lang='lat'><strong>,</strong></span> <span class='ocrx_word' id='word_1_103' title='bbox 911 1719 1115 1765; x_wconf 81' lang='lat' dir='ltr'><strong>devenit</strong></span> 
     </span>
     <span class='ocr_line' id='line_1_27' title="bbox 198 1783 1051 1841; baseline 0 -11"><span class='ocrx_word' id='word_1_104' title='bbox 198 1783 479 1841; x_wconf 79' lang='lat' dir='ltr'><strong>Ephesum,</strong></span> <span class='ocrx_word' id='word_1_105' title='bbox 499 1783 755 1839; x_wconf 87' lang='lat' dir='ltr'><strong>potensin</strong></span> <span class='ocrx_word' id='word_1_106' title='bbox 776 1783 1051 1841; x_wconf 87' lang='lat' dir='ltr'><strong>scripturis.</strong></span> 
     </span>
     <span class='ocr_line' id='line_1_28' title="bbox 185 1849 1113 1896; baseline 0.001 -1"><span class='ocrx_word' id='word_1_107' title='bbox 185 1865 197 1877; x_wconf 92' lang='lat'><strong>·</strong></span> <span class='ocrx_word' id='word_1_108' title='bbox 264 1852 353 1895; x_wconf 87' lang='lat'><strong>25.</strong></span> <span class='ocrx_word' id='word_1_109' title='bbox 391 1849 488 1894; x_wconf 86' lang='lat' dir='ltr'><strong>Hic</strong></span> <span class='ocrx_word' id='word_1_110' title='bbox 510 1850 619 1894; x_wconf 89' lang='lat' dir='ltr'><strong>erat</strong></span> <span class='ocrx_word' id='word_1_111' title='bbox 638 1849 844 1895; x_wconf 87' lang='lat' dir='ltr'><strong>edoctus</strong></span> <span class='ocrx_word' id='word_1_112' title='bbox 864 1850 1113 1896; x_wconf 88' lang='lat' dir='ltr'><strong>viamDo-</strong></span> 
     </span>
     <span class='ocr_line' id='line_1_29' title="bbox 196 1917 1113 1976; baseline 0.002 -13"><span class='ocrx_word' id='word_1_113' title='bbox 196 1917 351 1976; x_wconf 82' lang='lat' dir='ltr'><strong>mini3</strong></span> <span class='ocrx_word' id='word_1_114' title='bbox 377 1918 429 1962; x_wconf 91' lang='lat' dir='ltr'><strong>et</strong></span> <span class='ocrx_word' id='word_1_115' title='bbox 446 1917 651 1964; x_wconf 88' lang='lat' dir='ltr'><strong>fervens</strong></span> <span class='ocrx_word' id='word_1_116' title='bbox 674 1917 851 1975; x_wconf 80' lang='lat' dir='ltr'><strong>spiritu</strong></span> <span class='ocrx_word' id='word_1_117' title='bbox 870 1917 1113 1975; x_wconf 87' lang='lat' dir='ltr'><strong>loqueba-</strong></span> 
     </span>
     <span class='ocr_line' id='line_1_30' title="bbox 196 1984 1109 2047; baseline 0.001 -16"><span class='ocrx_word' id='word_1_118' title='bbox 196 1989 285 2031; x_wconf 88' lang='lat' dir='ltr'><strong>tur</strong></span> <span class='ocrx_word' id='word_1_119' title='bbox 298 2016 312 2044; x_wconf 90' lang='lat'><strong>,</strong></span> <span class='ocrx_word' id='word_1_120' title='bbox 362 1987 415 2031; x_wconf 88' lang='lat' dir='ltr'><strong>et</strong></span> <span class='ocrx_word' id='word_1_121' title='bbox 460 1984 671 2031; x_wconf 84' lang='lat' dir='ltr'><strong>docebat</strong></span> <span class='ocrx_word' id='word_1_122' title='bbox 717 1985 987 2043; x_wconf 80' lang='lat' dir='ltr'><strong>diligenter</strong></span> <span class='ocrx_word' id='word_1_123' title='bbox 1032 2000 1109 2047; x_wconf 89' lang='lat' dir='ltr'><strong>ea,</strong></span> 
     </span>
     <span class='ocr_line' id='line_1_31' title="bbox 198 2053 1111 2112; baseline 0.003 -14"><span class='ocrx_word' id='word_1_124' title='bbox 198 2066 331 2110; x_wconf 88' lang='lat' dir='ltr'><strong>quae</strong></span> <span class='ocrx_word' id='word_1_125' title='bbox 370 2054 489 2098; x_wconf 88' lang='lat' dir='ltr'><strong>sunt</strong></span> <span class='ocrx_word' id='word_1_126' title='bbox 522 2054 553 2098; x_wconf 84' lang='lat' dir='ltr'><strong>J</strong></span> <span class='ocrx_word' id='word_1_127' title='bbox 556 2066 645 2099; x_wconf 85' lang='lat' dir='ltr'><strong>esu</strong></span> <span class='ocrx_word' id='word_1_128' title='bbox 662 2083 676 2112; x_wconf 89' lang='lat'><strong>,</strong></span> <span class='ocrx_word' id='word_1_129' title='bbox 716 2053 881 2099; x_wconf 90' lang='lat' dir='ltr'><strong>sciens</strong></span> <span class='ocrx_word' id='word_1_130' title='bbox 918 2056 1111 2101; x_wconf 87' lang='lat' dir='ltr'><strong>tantum</strong></span> 
     </span>
     <span class='ocr_line' id='line_1_32' title="bbox 196 2112 730 2177; baseline 0 -11"><span class='ocrx_word' id='word_1_131' title='bbox 196 2120 450 2177; x_wconf 88' lang='lat' dir='ltr'><strong>baptisma</strong></span> <span class='ocrx_word' id='word_1_132' title='bbox 468 2120 499 2165; x_wconf 85' lang='lat' dir='ltr'><strong>J</strong></span> <span class='ocrx_word' id='word_1_133' title='bbox 502 2121 682 2166; x_wconf 88' lang='lat' dir='ltr'><strong>oannis</strong></span> <span class='ocrx_word' id='word_1_134' title='bbox 694 2112 730 2166; x_wconf 68' lang='grc' dir='ltr'><strong>ὅ.</strong></span> 
     </span>
    </p>

    <p class='ocr_par' dir='ltr' id='par_1_12' title="bbox 195 2188 1109 2513">
     <span class='ocr_line' id='line_1_33' title="bbox 268 2188 1107 2246; baseline 0.006 -15"><span class='ocrx_word' id='word_1_135' title='bbox 268 2188 351 2232; x_wconf 85' lang='grc'><strong>26.</strong></span> <span class='ocrx_word' id='word_1_136' title='bbox 372 2188 467 2233; x_wconf 86' lang='lat' dir='ltr'><strong>Hic</strong></span> <span class='ocrx_word' id='word_1_137' title='bbox 487 2201 610 2246; x_wconf 86' lang='lat' dir='ltr'><strong>ergo</strong></span> <span class='ocrx_word' id='word_1_138' title='bbox 626 2188 794 2246; x_wconf 88' lang='lat' dir='ltr'><strong>coepit</strong></span> <span class='ocrx_word' id='word_1_139' title='bbox 811 2189 1107 2237; x_wconf 88' lang='lat' dir='ltr'><strong>fiducialiter</strong></span> 
     </span>
     <span class='ocr_line' id='line_1_34' title="bbox 195 2254 1109 2314; baseline 0.004 -15"><span class='ocrx_word' id='word_1_140' title='bbox 195 2267 355 2313; x_wconf 84' lang='lat' dir='ltr'><strong>agere</strong></span> <span class='ocrx_word' id='word_1_141' title='bbox 385 2254 437 2299; x_wconf 88' lang='lat' dir='ltr'><strong>in</strong></span> <span class='ocrx_word' id='word_1_142' title='bbox 470 2268 746 2314; x_wconf 80' lang='lat' dir='ltr'><strong>synagoga.</strong></span> <span class='ocrx_word' id='word_1_143' title='bbox 818 2258 979 2309; x_wconf 77' lang='lat' dir='ltr'><strong>Quem</strong></span> <span class='ocrx_word' id='word_1_144' title='bbox 998 2272 1109 2303; x_wconf 90' lang='lat' dir='ltr'><strong>cum</strong></span> 
     </span>
     <span class='ocr_line' id='line_1_35' title="bbox 198 2320 1105 2385; baseline 0.003 -18"><span class='ocrx_word' id='word_1_145' title='bbox 198 2320 464 2367; x_wconf 71' lang='lat' dir='ltr'><strong>audissent</strong></span> <span class='ocrx_word' id='word_1_146' title='bbox 506 2322 738 2369; x_wconf 81' lang='lat' dir='ltr'><strong>Priscilla</strong></span> <span class='ocrx_word' id='word_1_147' title='bbox 786 2326 836 2369; x_wconf 88' lang='lat' dir='ltr'><strong>et</strong></span> <span class='ocrx_word' id='word_1_148' title='bbox 878 2325 1059 2381; x_wconf 83' lang='lat' dir='ltr'><strong>Aquila</strong></span> <span class='ocrx_word' id='word_1_149' title='bbox 1068 2332 1105 2385; x_wconf 75' lang='lat'><strong>0,</strong></span> 
     </span>
     <span class='ocr_line' id='line_1_36' title="bbox 197 2390 1105 2449; baseline 0.002 -14"><span class='ocrx_word' id='word_1_150' title='bbox 197 2392 583 2447; x_wconf 81' lang='lat' dir='ltr'><strong>assumpserunt</strong></span> <span class='ocrx_word' id='word_1_151' title='bbox 602 2404 731 2448; x_wconf 86' lang='lat' dir='ltr'><strong>eum,</strong></span> <span class='ocrx_word' id='word_1_152' title='bbox 747 2393 797 2436; x_wconf 88' lang='lat' dir='ltr'><strong>et</strong></span> <span class='ocrx_word' id='word_1_153' title='bbox 816 2390 1105 2449; x_wconf 82' lang='lat' dir='ltr'><strong>diligentius</strong></span> 
     </span>
     <span class='ocr_line' id='line_1_37' title="bbox 195 2457 1010 2513; baseline 0.001 -10"><span class='ocrx_word' id='word_1_154' title='bbox 195 2460 553 2513; x_wconf 85' lang='lat' dir='ltr'><strong>exposuerunt</strong></span> <span class='ocrx_word' id='word_1_155' title='bbox 572 2458 621 2503; x_wconf 89' lang='lat' dir='ltr'><strong>ei</strong></span> <span class='ocrx_word' id='word_1_156' title='bbox 642 2458 771 2503; x_wconf 85' lang='lat' dir='ltr'><strong>viam</strong></span> <span class='ocrx_word' id='word_1_157' title='bbox 790 2457 1010 2505; x_wconf 87' lang='lat' dir='ltr'><strong>Domini.</strong></span> 
     </span>
    </p>

    <p class='ocr_par' dir='ltr' id='par_1_13' title="bbox 193 2524 1104 2852">
     <span class='ocr_line' id='line_1_38' title="bbox 268 2524 1103 2573; baseline 0.006 -6"><span class='ocrx_word' id='word_1_158' title='bbox 268 2524 350 2568; x_wconf 72' lang='lat'><strong>27.</strong></span> <span class='ocrx_word' id='word_1_159' title='bbox 406 2525 529 2570; x_wconf 86' lang='lat' dir='ltr'><strong>Cum</strong></span> <span class='ocrx_word' id='word_1_160' title='bbox 590 2527 757 2571; x_wconf 87' lang='lat' dir='ltr'><strong>autem</strong></span> <span class='ocrx_word' id='word_1_161' title='bbox 820 2525 975 2572; x_wconf 85' lang='lat' dir='ltr'><strong>vellet</strong></span> <span class='ocrx_word' id='word_1_162' title='bbox 1026 2527 1103 2573; x_wconf 88' lang='lat' dir='ltr'><strong>ire</strong></span> 
     </span>
     <span class='ocr_line' id='line_1_39' title="bbox 194 2590 1102 2652; baseline 0.007 -18"><span class='ocrx_word' id='word_1_163' title='bbox 194 2590 457 2649; x_wconf 80' lang='lat' dir='ltr'><strong>Achaiam,</strong></span> <span class='ocrx_word' id='word_1_164' title='bbox 478 2592 735 2639; x_wconf 85' lang='lat' dir='ltr'><strong>exhortati</strong></span> <span class='ocrx_word' id='word_1_165' title='bbox 752 2594 951 2652; x_wconf 83' lang='lat' dir='ltr'><strong>fratres,</strong></span> <span class='ocrx_word' id='word_1_166' title='bbox 974 2594 1102 2640; x_wconf 88' lang='lat' dir='ltr'><strong>scri-</strong></span> 
     </span>
     <span class='ocr_line' id='line_1_40' title="bbox 194 2659 1104 2719; baseline 0.004 -17"><span class='ocrx_word' id='word_1_167' title='bbox 194 2659 409 2715; x_wconf 83' lang='lat' dir='ltr'><strong>pserunt</strong></span> <span class='ocrx_word' id='word_1_168' title='bbox 430 2659 703 2719; x_wconf 86' lang='lat' dir='ltr'><strong>discipulis,</strong></span> <span class='ocrx_word' id='word_1_169' title='bbox 714 2663 772 2706; x_wconf 91' lang='lat' dir='ltr'><strong>ut</strong></span> <span class='ocrx_word' id='word_1_170' title='bbox 789 2662 1104 2718; x_wconf 86' lang='lat' dir='ltr'><strong>susciperent</strong></span> 
     </span>
     <span class='ocr_line' id='line_1_41' title="bbox 195 2726 1101 2785; baseline 0.004 -16"><span class='ocrx_word' id='word_1_171' title='bbox 195 2738 328 2770; x_wconf 90' lang='lat' dir='ltr'><strong>eum.</strong></span> <span class='ocrx_word' id='word_1_172' title='bbox 399 2726 499 2777; x_wconf 76' lang='lat' dir='ltr'><strong>Qui</strong></span> <span class='ocrx_word' id='word_1_173' title='bbox 518 2741 627 2772; x_wconf 89' lang='lat' dir='ltr'><strong>cum</strong></span> <span class='ocrx_word' id='word_1_174' title='bbox 650 2728 899 2785; x_wconf 85' lang='lat' dir='ltr'><strong>venisset,</strong></span> <span class='ocrx_word' id='word_1_175' title='bbox 920 2731 1101 2773; x_wconf 89' lang='lat' dir='ltr'><strong>contu-</strong></span> 
     </span>
     <span class='ocr_line' id='line_1_42' title="bbox 193 2790 1053 2852; baseline 0.003 -16"><span class='ocrx_word' id='word_1_176' title='bbox 193 2792 257 2837; x_wconf 90' lang='lat' dir='ltr'><strong>lit</strong></span> <span class='ocrx_word' id='word_1_177' title='bbox 274 2790 483 2839; x_wconf 88' lang='lat' dir='ltr'><strong>multum</strong></span> <span class='ocrx_word' id='word_1_178' title='bbox 501 2793 597 2852; x_wconf 89' lang='lat' dir='ltr'><strong>his,</strong></span> <span class='ocrx_word' id='word_1_179' title='bbox 619 2794 704 2850; x_wconf 89' lang='lat' dir='ltr'><strong>qui</strong></span> <span class='ocrx_word' id='word_1_180' title='bbox 724 2794 1053 2840; x_wconf 82' lang='lat' dir='ltr'><strong>crediderant.</strong></span> 
     </span>
    </p>

    <p class='ocr_par' dir='ltr' id='par_1_14' title="bbox 192 2860 1098 3108">
     <span class='ocr_line' id='line_1_43' title="bbox 263 2860 1098 2907; baseline 0.005 -4"><span class='ocrx_word' id='word_1_181' title='bbox 263 2860 345 2904; x_wconf 90' lang='grc'><strong>28.</strong></span> <span class='ocrx_word' id='word_1_182' title='bbox 381 2860 719 2906; x_wconf 87' lang='lat' dir='ltr'><strong>Vehementer</strong></span> <span class='ocrx_word' id='word_1_183' title='bbox 732 2861 863 2905; x_wconf 88' lang='lat' dir='ltr'><strong>enim</strong></span> <span class='ocrx_word' id='word_1_184' title='bbox 879 2861 1098 2907; x_wconf 73' lang='lat' dir='ltr'><strong>Iudaeos</strong></span> 
     </span>
     <span class='ocr_line' id='line_1_44' title="bbox 192 2926 1097 2986; baseline 0 -13"><span class='ocrx_word' id='word_1_185' title='bbox 192 2926 491 2973; x_wconf 85' lang='lat' dir='ltr'><strong>revincebat</strong></span> <span class='ocrx_word' id='word_1_186' title='bbox 541 2927 738 2985; x_wconf 89' lang='lat' dir='ltr'><strong>publice</strong></span> <span class='ocrx_word' id='word_1_187' title='bbox 758 2957 772 2986; x_wconf 92' lang='lat'><strong>,</strong></span> <span class='ocrx_word' id='word_1_188' title='bbox 828 2927 1097 2973; x_wconf 82' lang='lat' dir='ltr'><strong>ostendens</strong></span> 
     </span>
     <span class='ocr_line' id='line_1_45' title="bbox 196 2994 801 3053; baseline 0 -14"><span class='ocrx_word' id='word_1_189' title='bbox 196 3008 289 3051; x_wconf 89' lang='lat' dir='ltr'><strong>per</strong></span> <span class='ocrx_word' id='word_1_190' title='bbox 334 2994 645 3053; x_wconf 84' lang='lat' dir='ltr'><strong>Scripturas,</strong></span> <span class='ocrx_word' id='word_1_191' title='bbox 692 3006 801 3040; x_wconf 83' lang='lat' dir='ltr'><strong>esse</strong></span> 
     </span>
     <span class='ocr_line' id='line_1_46' title="bbox 192 3064 386 3108; baseline 0 -2"><span class='ocrx_word' id='word_1_192' title='bbox 192 3064 223 3106; x_wconf 85' lang='lat' dir='ltr'>J</span> <span class='ocrx_word' id='word_1_193' title='bbox 228 3075 386 3108; x_wconf 86' lang='lat' dir='ltr'><strong>esum.</strong></span> 
     </span>
    </p>
   </div>
   <div class='ocr_carea' id='block_1_5' title="bbox 194 3168 1095 3306">
    <p class='ocr_par' dir='ltr' id='par_1_15' title="bbox 194 3168 1095 3306">
     <span class='ocr_line' id='line_1_47' title="bbox 240 3168 1095 3213; baseline 0.001 -7"><span class='ocrx_word' id='word_1_194' title='bbox 240 3176 276 3196; x_wconf 78' lang='lat'><strong>¹⁰</strong></span> <span class='ocrx_word' id='word_1_195' title='bbox 296 3182 329 3206; x_wconf 85' lang='lat' dir='ltr'><strong>c.</strong></span> <span class='ocrx_word' id='word_1_196' title='bbox 346 3173 409 3212; x_wconf 82' lang='lat'><strong>21,</strong></span> <span class='ocrx_word' id='word_1_197' title='bbox 426 3172 488 3207; x_wconf 80' lang='grc'><strong>24.</strong></span> <span class='ocrx_word' id='word_1_198' title='bbox 518 3168 639 3207; x_wconf 84' lang='lat' dir='ltr'><strong>Num.</strong></span> <span class='ocrx_word' id='word_1_199' title='bbox 658 3173 703 3213; x_wconf 88' lang='grc'><strong>6,</strong></span> <span class='ocrx_word' id='word_1_200' title='bbox 725 3173 763 3208; x_wconf 84' lang='grc'><strong>9.</strong></span> <span class='ocrx_word' id='word_1_201' title='bbox 790 3172 851 3208; x_wconf 88' lang='grc'><strong>18.</strong></span> <span class='ocrx_word' id='word_1_202' title='bbox 900 3176 927 3195; x_wconf 69' lang='lat'><strong>⁸·</strong></span> <span class='ocrx_word' id='word_1_203' title='bbox 947 3169 1039 3207; x_wconf 69' lang='lat' dir='ltr'><strong>Gal.</strong></span> <span class='ocrx_word' id='word_1_204' title='bbox 1058 3174 1095 3213; x_wconf 83' lang='lat'><strong>2,</strong></span> 
     </span>
     <span class='ocr_line' id='line_1_48' title="bbox 194 3216 1095 3261; baseline 0.002 -9"><span class='ocrx_word' id='word_1_205' title='bbox 194 3222 231 3252; x_wconf 92' lang='lat'><strong>1.</strong></span> <span class='ocrx_word' id='word_1_206' title='bbox 280 3223 305 3251; x_wconf 74' lang='lat' dir='ltr'><strong>:r</strong></span> <span class='ocrx_word' id='word_1_207' title='bbox 326 3216 416 3253; x_wconf 72' lang='lat' dir='ltr'><strong>Gal.</strong></span> <span class='ocrx_word' id='word_1_208' title='bbox 436 3220 473 3259; x_wconf 85' lang='lat'><strong>2,</strong></span> <span class='ocrx_word' id='word_1_209' title='bbox 492 3221 548 3253; x_wconf 90' lang='lat'><strong>11.</strong></span> <span class='ocrx_word' id='word_1_210' title='bbox 595 3223 615 3241; x_wconf 74' lang='lat'>⁸</span> <span class='ocrx_word' id='word_1_211' title='bbox 634 3228 664 3254; x_wconf 87' lang='lat' dir='ltr'><strong>c.</strong></span> <span class='ocrx_word' id='word_1_212' title='bbox 684 3220 751 3261; x_wconf 83' lang='grc'><strong>16,</strong></span> <span class='ocrx_word' id='word_1_213' title='bbox 777 3220 812 3255; x_wconf 81' lang='grc'><strong>6.</strong></span> <span class='ocrx_word' id='word_1_214' title='bbox 859 3222 881 3242; x_wconf 77' lang='lat'>⁸</span> <span class='ocrx_word' id='word_1_215' title='bbox 901 3228 936 3253; x_wconf 89' lang='lat' dir='ltr'><strong>c.</strong></span> <span class='ocrx_word' id='word_1_216' title='bbox 963 3220 1031 3261; x_wconf 79' lang='lat'><strong>19,</strong></span> <span class='ocrx_word' id='word_1_217' title='bbox 1058 3222 1095 3254; x_wconf 88' lang='lat' dir='ltr'><strong>l.</strong></span> 
     </span>
     <span class='ocr_line' id='line_1_49' title="bbox 194 3261 880 3306; baseline -0.001 -7"><span class='ocrx_word' id='word_1_218' title='bbox 194 3268 214 3299; x_wconf 84' lang='lat'><em>1</em></span> <span class='ocrx_word' id='word_1_219' title='bbox 234 3262 326 3299; x_wconf 79' lang='lat' dir='ltr'><strong>cor.</strong></span> <span class='ocrx_word' id='word_1_220' title='bbox 345 3266 381 3305; x_wconf 90' lang='lat'><strong>1,</strong></span> <span class='ocrx_word' id='word_1_221' title='bbox 399 3266 457 3299; x_wconf 89' lang='grc'><strong>12.</strong></span> <span class='ocrx_word' id='word_1_222' title='bbox 504 3261 521 3289; x_wconf 67' lang='lat'>⁵</span> <span class='ocrx_word' id='word_1_223' title='bbox 540 3274 573 3300; x_wconf 84' lang='lat' dir='ltr'><strong>c.</strong></span> <span class='ocrx_word' id='word_1_224' title='bbox 589 3266 649 3306; x_wconf 83' lang='grc'><strong>19,</strong></span> <span class='ocrx_word' id='word_1_225' title='bbox 666 3266 703 3301; x_wconf 85' lang='grc'><strong>3.</strong></span> <span class='ocrx_word' id='word_1_226' title='bbox 752 3270 769 3289; x_wconf 81' lang='lat'><em>⁰</em></span> <span class='ocrx_word' id='word_1_227' title='bbox 784 3274 825 3299; x_wconf 78' lang='lat' dir='ltr'><strong>v.</strong></span> <span class='ocrx_word' id='word_1_228' title='bbox 842 3266 880 3299; x_wconf 87' lang='grc'><strong>2,</strong></span> 
     </span>
    </p>
   </div>
   <div class='ocr_carea' id='block_1_6' title="bbox 190 3406 890 3512">
    <p class='ocr_par' dir='ltr' id='par_1_16' title="bbox 190 3406 890 3512">
     <span class='ocr_line' id='line_1_50' title="bbox 313 3406 655 3463; baseline -0.003 -12"><span class='ocrx_word' id='word_1_229' title='bbox 313 3409 427 3463; x_wconf 84' lang='lat' dir='ltr'><strong>Cap.</strong></span> <span class='ocrx_word' id='word_1_230' title='bbox 476 3406 655 3461; x_wconf 68' lang='lat' dir='ltr'><strong>XVIII,</strong></span> 
     </span>
     <span class='ocr_line' id='line_1_51' title="bbox 190 3466 890 3512; baseline 0.006 -4"><span class='ocrx_word' id='word_1_231' title='bbox 190 3469 250 3508; x_wconf 74' lang='lat'><strong>24</strong></span> <span class='ocrx_word' id='word_1_232' title='bbox 295 3466 496 3509; x_wconf 79' lang='lat' dir='ltr'><strong>natione·</strong></span> <span class='ocrx_word' id='word_1_233' title='bbox 553 3468 620 3509; x_wconf 83' lang='lat'><strong>26.</strong></span> <span class='ocrx_word' id='word_1_234' title='bbox 650 3468 767 3511; x_wconf 76' lang='lat' dir='ltr'><strong>viam</strong></span> <span class='ocrx_word' id='word_1_235' title='bbox 786 3468 890 3512; x_wconf 82' lang='lat' dir='ltr'><strong>Dei-</strong></span> 
     </span>
    </p>
   </div>
   <div class='ocr_carea' id='block_1_7' title="bbox 741 3413 1972 3516">
    <p class='ocr_par' dir='ltr' id='par_1_17' title="bbox 741 3413 1972 3516">
     <span class='ocr_line' id='line_1_52' title="bbox 741 3413 1597 3466; baseline 0.008 -13"><span class='ocrx_word' id='word_1_236' title='bbox 741 3414 809 3454; x_wconf 78' lang='lat'><strong>18.</strong></span> <span class='ocrx_word' id='word_1_237' title='bbox 856 3413 1171 3466; x_wconf 79' lang='lat' dir='ltr'><strong>totonderunt3</strong></span> <span class='ocrx_word' id='word_1_238' title='bbox 1208 3414 1318 3459; x_wconf 71' lang='lat' dir='ltr'><strong>ibid.</strong></span> <span class='ocrx_word' id='word_1_239' title='bbox 1358 3414 1597 3461; x_wconf 77' lang='lat' dir='ltr'><strong>habebant·</strong></span> 
     </span>
     <span class='ocr_line' id='line_1_53' title="bbox 1004 3468 1972 3516; baseline -0.001 -3"><span class='ocrx_word' id='word_1_240' title='bbox 1004 3468 1139 3515; x_wconf 82' lang='lat' dir='ltr'><strong>XIX.</strong></span> <span class='ocrx_word' id='word_1_241' title='bbox 1197 3474 1238 3514; x_wconf 87' lang='lat'><strong>2.</strong></span> <span class='ocrx_word' id='word_1_242' title='bbox 1267 3470 1404 3515; x_wconf 71' lang='lat' dir='ltr'><strong>Deest</strong></span> <span class='ocrx_word' id='word_1_243' title='bbox 1423 3472 1652 3516; x_wconf 80' lang='lat' dir='ltr'><strong>dixerunt.</strong></span> <span class='ocrx_word' id='word_1_244' title='bbox 1713 3474 1751 3514; x_wconf 84' lang='grc'><strong>6.</strong></span> <span class='ocrx_word' id='word_1_245' title='bbox 1781 3484 1972 3515; x_wconf 82' lang='lat' dir='ltr'><strong>manum.</strong></span> 
     </span>
    </p>
   </div>
   <div class='ocr_carea' id='block_1_8' title="bbox 1453 329 1831 384">
    <p class='ocr_par' dir='ltr' id='par_1_18' title="bbox 1453 329 1831 384">
     <span class='ocr_line' id='line_1_54' title="bbox 1453 329 1831 384; baseline 0.019 -7"><span class='ocrx_word' id='word_1_246' title='bbox 1453 329 1619 381; x_wconf 87' lang='lat' dir='ltr'><strong>CAP.</strong></span> <span class='ocrx_word' id='word_1_247' title='bbox 1686 333 1831 384; x_wconf 88' lang='lat' dir='ltr'><strong>XIX.</strong></span> 
     </span>
    </p>
   </div>
   <div class='ocr_carea' id='block_1_9' title="bbox 1184 420 2092 707">
    <p class='ocr_par' dir='ltr' id='par_1_19' title="bbox 1184 420 2092 707">
     <span class='ocr_line' id='line_1_55' title="bbox 1190 420 2090 478; baseline 0.017 -14"><span class='ocrx_word' id='word_1_248' title='bbox 1190 420 1412 468; x_wconf 87' lang='lat' dir='ltr'><strong>Nonnulli</strong></span> <span class='ocrx_word' id='word_1_249' title='bbox 1447 425 1649 472; x_wconf 85' lang='lat' dir='ltr'><strong>homines</strong></span> <span class='ocrx_word' id='word_1_250' title='bbox 1686 431 1880 476; x_wconf 80' lang='lat' dir='ltr'><strong>Joannis</strong></span> <span class='ocrx_word' id='word_1_251' title='bbox 1918 439 2090 478; x_wconf 75' lang='lat' dir='ltr'><strong>tantum</strong></span> 
     </span>
     <span class='ocr_line' id='line_1_56' title="bbox 1188 480 2092 534; baseline 0.014 -14"><span class='ocrx_word' id='word_1_252' title='bbox 1188 480 1460 534; x_wconf 80' lang='lat' dir='ltr'><strong>baptismate</strong></span> <span class='ocrx_word' id='word_1_253' title='bbox 1480 484 1612 526; x_wconf 88' lang='lat' dir='ltr'><strong>tincti</strong></span> <span class='ocrx_word' id='word_1_254' title='bbox 1629 489 1806 530; x_wconf 85' lang='lat' dir='ltr'><strong>nomine</strong></span> <span class='ocrx_word' id='word_1_255' title='bbox 1829 489 1998 533; x_wconf 80' lang='lat' dir='ltr'><strong>Christi</strong></span> <span class='ocrx_word' id='word_1_256' title='bbox 2019 505 2092 534; x_wconf 85' lang='lat' dir='ltr'><strong>sa·</strong></span> 
     </span>
     <span class='ocr_line' id='line_1_57' title="bbox 1187 534 2091 597; baseline 0.014 -21"><span class='ocrx_word' id='word_1_257' title='bbox 1187 549 1265 576; x_wconf 83' lang='lat' dir='ltr'><strong>cra</strong></span> <span class='ocrx_word' id='word_1_258' title='bbox 1299 534 1482 580; x_wconf 83' lang='lat' dir='ltr'><strong>luuntur</strong></span> <span class='ocrx_word' id='word_1_259' title='bbox 1518 551 1634 592; x_wconf 86' lang='lat' dir='ltr'><strong>aqua</strong></span> <span class='ocrx_word' id='word_1_260' title='bbox 1671 541 1854 597; x_wconf 86' lang='lat' dir='ltr'><strong>Ephesi.</strong></span> <span class='ocrx_word' id='word_1_261' title='bbox 1913 544 1969 588; x_wconf 86' lang='lat' dir='ltr'><strong>In</strong></span> <span class='ocrx_word' id='word_1_262' title='bbox 2006 545 2091 589; x_wconf 86' lang='lat' dir='ltr'><strong>hac</strong></span> 
     </span>
     <span class='ocr_line' id='line_1_58' title="bbox 1184 591 2090 657; baseline 0.017 -26"><span class='ocrx_word' id='word_1_263' title='bbox 1184 591 1296 634; x_wconf 82' lang='lat' dir='ltr'><strong>urhe</strong></span> <span class='ocrx_word' id='word_1_264' title='bbox 1323 591 1452 634; x_wconf 82' lang='lat' dir='ltr'><strong>multi</strong></span> <span class='ocrx_word' id='word_1_265' title='bbox 1478 596 1742 638; x_wconf 84' lang='lat' dir='ltr'><strong>comburunt</strong></span> <span class='ocrx_word' id='word_1_266' title='bbox 1767 597 1906 642; x_wconf 82' lang='lat' dir='ltr'><strong>libros</strong></span> <span class='ocrx_word' id='word_1_267' title='bbox 1933 615 2090 657; x_wconf 84' lang='lat' dir='ltr'><strong>super-</strong></span> 
     </span>
     <span class='ocr_line' id='line_1_59' title="bbox 1205 647 2068 707; baseline 0.015 -19"><span class='ocrx_word' id='word_1_268' title='bbox 1205 647 1422 690; x_wconf 86' lang='lat' dir='ltr'><strong>stitiosos·</strong></span> <span class='ocrx_word' id='word_1_269' title='bbox 1454 649 1526 692; x_wconf 90' lang='lat' dir='ltr'><strong>De</strong></span> <span class='ocrx_word' id='word_1_270' title='bbox 1545 650 1778 696; x_wconf 79' lang='lat' dir='ltr'><strong>Demetrio</strong></span> <span class='ocrx_word' id='word_1_271' title='bbox 1798 659 2068 707; x_wconf 82' lang='lat' dir='ltr'><strong>argentario·</strong></span> 
     </span>
    </p>
   </div>
   <div class='ocr_carea' id='block_1_10' title="bbox 1182 753 2090 1089">
    <p class='ocr_par' dir='ltr' id='par_1_20' title="bbox 1182 753 2090 1089">
     <span class='ocr_line' id='line_1_60' title="bbox 1253 753 2090 821; baseline 0.016 -25"><span class='ocrx_word' id='word_1_272' title='bbox 1253 753 1300 798; x_wconf 84' lang='lat'><strong>1.</strong></span> <span class='ocrx_word' id='word_1_273' title='bbox 1342 753 1548 802; x_wconf 87' lang='lat' dir='ltr'><strong>Factum</strong></span> <span class='ocrx_word' id='word_1_274' title='bbox 1603 761 1681 804; x_wconf 94' lang='lat' dir='ltr'><strong>est</strong></span> <span class='ocrx_word' id='word_1_275' title='bbox 1731 761 1923 821; x_wconf 88' lang='lat' dir='ltr'><strong>autem,</strong></span> <span class='ocrx_word' id='word_1_276' title='bbox 1978 778 2090 809; x_wconf 87' lang='lat' dir='ltr'><strong>cum</strong></span> 
     </span>
     <span class='ocr_line' id='line_1_61' title="bbox 1184 819 2088 886; baseline 0.014 -23"><span class='ocrx_word' id='word_1_277' title='bbox 1184 819 1368 876; x_wconf 86' lang='lat' dir='ltr'><strong>Apollo</strong></span> <span class='ocrx_word' id='word_1_278' title='bbox 1391 825 1526 869; x_wconf 88' lang='lat' dir='ltr'><strong>esset</strong></span> <span class='ocrx_word' id='word_1_279' title='bbox 1555 823 1787 872; x_wconf 84' lang='lat' dir='ltr'><strong>Corinthi</strong></span> <span class='ocrx_word' id='word_1_280' title='bbox 1798 820 1842 886; x_wconf 68' lang='lat' dir='ltr'><strong>d,</strong></span> <span class='ocrx_word' id='word_1_281' title='bbox 1871 831 1929 874; x_wconf 86' lang='lat' dir='ltr'><strong>ut</strong></span> <span class='ocrx_word' id='word_1_282' title='bbox 1954 830 2088 876; x_wconf 85' lang='lat' dir='ltr'><strong>Pau-</strong></span> 
     </span>
     <span class='ocr_line' id='line_1_62' title="bbox 1185 885 2090 954; baseline 0.015 -25"><span class='ocrx_word' id='word_1_283' title='bbox 1185 885 1282 945; x_wconf 90' lang='lat' dir='ltr'><strong>lus,</strong></span> <span class='ocrx_word' id='word_1_284' title='bbox 1302 891 1582 946; x_wconf 86' lang='lat' dir='ltr'><strong>peragratis</strong></span> <span class='ocrx_word' id='word_1_285' title='bbox 1603 894 1950 950; x_wconf 82' lang='lat' dir='ltr'><strong>superioribus</strong></span> <span class='ocrx_word' id='word_1_286' title='bbox 1969 910 2090 954; x_wconf 86' lang='lat' dir='ltr'><strong>par-</strong></span> 
     </span>
     <span class='ocr_line' id='line_1_63' title="bbox 1182 953 2088 1022; baseline 0.014 -24"><span class='ocrx_word' id='word_1_287' title='bbox 1182 953 1342 1013; x_wconf 88' lang='lat' dir='ltr'><strong>tibus,</strong></span> <span class='ocrx_word' id='word_1_288' title='bbox 1375 957 1575 1003; x_wconf 87' lang='lat' dir='ltr'><strong>veniret</strong></span> <span class='ocrx_word' id='word_1_289' title='bbox 1600 960 1857 1017; x_wconf 90' lang='lat' dir='ltr'><strong>Ephesum</strong></span> <span class='ocrx_word' id='word_1_290' title='bbox 1869 967 1904 1022; x_wconf 73' lang='lat'><strong>⁶,</strong></span> <span class='ocrx_word' id='word_1_291' title='bbox 1939 967 1989 1010; x_wconf 89' lang='lat' dir='ltr'><strong>et</strong></span> <span class='ocrx_word' id='word_1_292' title='bbox 2005 965 2088 1010; x_wconf 90' lang='lat' dir='ltr'><strong>in-</strong></span> 
     </span>
     <span class='ocr_line' id='line_1_64' title="bbox 1184 1021 1967 1089; baseline 0.014 -24"><span class='ocrx_word' id='word_1_293' title='bbox 1184 1021 1386 1067; x_wconf 86' lang='lat' dir='ltr'><strong>veniret</strong></span> <span class='ocrx_word' id='word_1_294' title='bbox 1403 1025 1644 1080; x_wconf 85' lang='lat' dir='ltr'><strong>quosdam</strong></span> <span class='ocrx_word' id='word_1_295' title='bbox 1665 1027 1967 1089; x_wconf 87' lang='lat' dir='ltr'><strong>discipulos;</strong></span> 
     </span>
    </p>
   </div>
   <div class='ocr_carea' id='block_1_11' title="bbox 1180 1105 2089 1420">
    <p class='ocr_par' dir='ltr' id='par_1_21' title="bbox 1180 1105 2089 1420">
     <span class='ocr_line' id='line_1_65' title="bbox 1250 1105 2087 1172; baseline 0.014 -23"><span class='ocrx_word' id='word_1_296' title='bbox 1250 1106 1298 1150; x_wconf 88' lang='lat'><strong>2.</strong></span> <span class='ocrx_word' id='word_1_297' title='bbox 1336 1105 1560 1164; x_wconf 85' lang='lat' dir='ltr'><strong>dixitque</strong></span> <span class='ocrx_word' id='word_1_298' title='bbox 1589 1110 1651 1154; x_wconf 84' lang='lat' dir='ltr'><strong>ad</strong></span> <span class='ocrx_word' id='word_1_299' title='bbox 1680 1124 1794 1158; x_wconf 89' lang='lat' dir='ltr'><strong>eos:</strong></span> <span class='ocrx_word' id='word_1_300' title='bbox 1836 1113 1891 1160; x_wconf 91' lang='lat' dir='ltr'><strong>Si</strong></span> <span class='ocrx_word' id='word_1_301' title='bbox 1925 1115 2087 1172; x_wconf 91' lang='lat' dir='ltr'><strong>Spiri-</strong></span> 
     </span>
     <span class='ocr_line' id='line_1_66' title="bbox 1181 1167 2088 1235; baseline 0.014 -19"><span class='ocrx_word' id='word_1_302' title='bbox 1181 1172 1284 1216; x_wconf 89' lang='lat' dir='ltr'><strong>tum</strong></span> <span class='ocrx_word' id='word_1_303' title='bbox 1308 1167 1580 1220; x_wconf 87' lang='lat' dir='ltr'><strong>sanctums</strong></span> <span class='ocrx_word' id='word_1_304' title='bbox 1589 1179 1852 1235; x_wconf 86' lang='lat' dir='ltr'><strong>accepistis</strong></span> <span class='ocrx_word' id='word_1_305' title='bbox 1873 1182 2088 1228; x_wconf 90' lang='lat' dir='ltr'><strong>creden-</strong></span> 
     </span>
     <span class='ocr_line' id='line_1_67' title="bbox 1181 1239 2089 1295; baseline 0.014 -12"><span class='ocrx_word' id='word_1_306' title='bbox 1181 1239 1291 1284; x_wconf 66' lang='lat' dir='ltr'><strong>tes?</strong></span> <span class='ocrx_word' id='word_1_307' title='bbox 1309 1241 1376 1285; x_wconf 85' lang='lat' dir='ltr'><strong>At</strong></span> <span class='ocrx_word' id='word_1_308' title='bbox 1393 1241 1471 1286; x_wconf 88' lang='lat' dir='ltr'><strong>illi</strong></span> <span class='ocrx_word' id='word_1_309' title='bbox 1490 1241 1728 1288; x_wconf 81' lang='lat' dir='ltr'><strong>dixerunt</strong></span> <span class='ocrx_word' id='word_1_310' title='bbox 1749 1246 1806 1290; x_wconf 87' lang='lat' dir='ltr'><strong>ad</strong></span> <span class='ocrx_word' id='word_1_311' title='bbox 1829 1261 1968 1293; x_wconf 89' lang='lat' dir='ltr'><strong>eum:</strong></span> <span class='ocrx_word' id='word_1_312' title='bbox 1989 1250 2089 1295; x_wconf 88' lang='lat' dir='ltr'><strong>Sed</strong></span> 
     </span>
     <span class='ocr_line' id='line_1_68' title="bbox 1180 1308 2086 1376; baseline 0.013 -26"><span class='ocrx_word' id='word_1_313' title='bbox 1180 1319 1372 1365; x_wconf 89' lang='lat' dir='ltr'><strong>neque,</strong></span> <span class='ocrx_word' id='word_1_314' title='bbox 1417 1308 1463 1352; x_wconf 85' lang='lat' dir='ltr'><strong>si</strong></span> <span class='ocrx_word' id='word_1_315' title='bbox 1500 1309 1714 1366; x_wconf 84' lang='lat' dir='ltr'><strong>Spiritus</strong></span> <span class='ocrx_word' id='word_1_316' title='bbox 1753 1315 1955 1360; x_wconf 85' lang='lat' dir='ltr'><strong>sanctus</strong></span> <span class='ocrx_word' id='word_1_317' title='bbox 1993 1319 2086 1376; x_wconf 85' lang='lat' dir='ltr'><strong>est,</strong></span> 
     </span>
     <span class='ocr_line' id='line_1_69' title="bbox 1182 1373 1478 1420; baseline 0.007 -2"><span class='ocrx_word' id='word_1_318' title='bbox 1182 1373 1478 1420; x_wconf 79' lang='lat' dir='ltr'><strong>audivimus.</strong></span> 
     </span>
    </p>
   </div>
   <div class='ocr_carea' id='block_1_12' title="bbox 1178 1459 2084 1652">
    <p class='ocr_par' dir='ltr' id='par_1_22' title="bbox 1178 1459 2084 1652">
     <span class='ocr_line' id='line_1_70' title="bbox 1249 1459 2083 1525; baseline 0.012 -22"><span class='ocrx_word' id='word_1_319' title='bbox 1249 1460 1295 1504; x_wconf 88' lang='lat'><strong>3.</strong></span> <span class='ocrx_word' id='word_1_320' title='bbox 1329 1459 1424 1506; x_wconf 90' lang='lat' dir='ltr'><strong>Ille</strong></span> <span class='ocrx_word' id='word_1_321' title='bbox 1452 1473 1576 1506; x_wconf 83' lang='lat' dir='ltr'><strong>vero</strong></span> <span class='ocrx_word' id='word_1_322' title='bbox 1607 1461 1701 1508; x_wconf 87' lang='lat' dir='ltr'><strong>ait:</strong></span> <span class='ocrx_word' id='word_1_323' title='bbox 1738 1464 1797 1508; x_wconf 87' lang='lat' dir='ltr'><strong>ln</strong></span> <span class='ocrx_word' id='word_1_324' title='bbox 1831 1477 1929 1521; x_wconf 89' lang='lat' dir='ltr'><strong>quo</strong></span> <span class='ocrx_word' id='word_1_325' title='bbox 1961 1480 2083 1525; x_wconf 84' lang='lat' dir='ltr'><strong>ergo</strong></span> 
     </span>
     <span class='ocr_line' id='line_1_71' title="bbox 1179 1525 2084 1583; baseline 0.008 -11"><span class='ocrx_word' id='word_1_326' title='bbox 1179 1525 1420 1583; x_wconf 87' lang='lat' dir='ltr'><strong>baptizati</strong></span> <span class='ocrx_word' id='word_1_327' title='bbox 1439 1528 1590 1574; x_wconf 71' lang='lat' dir='ltr'><strong>estis?</strong></span> <span class='ocrx_word' id='word_1_328' title='bbox 1613 1529 1711 1582; x_wconf 75' lang='lat' dir='ltr'><strong>Qui</strong></span> <span class='ocrx_word' id='word_1_329' title='bbox 1731 1530 1996 1578; x_wconf 88' lang='lat' dir='ltr'><strong>dixerunt:</strong></span> <span class='ocrx_word' id='word_1_330' title='bbox 2027 1536 2084 1578; x_wconf 90' lang='lat' dir='ltr'><strong>In</strong></span> 
     </span>
     <span class='ocr_line' id='line_1_72' title="bbox 1178 1593 1724 1652; baseline 0.005 -15"><span class='ocrx_word' id='word_1_331' title='bbox 1178 1593 1210 1637; x_wconf 80' lang='lat' dir='ltr'>J</span> <span class='ocrx_word' id='word_1_332' title='bbox 1214 1593 1393 1639; x_wconf 86' lang='lat' dir='ltr'><strong>oannis</strong></span> <span class='ocrx_word' id='word_1_333' title='bbox 1414 1595 1724 1652; x_wconf 87' lang='lat' dir='ltr'><strong>baptismate.</strong></span> 
     </span>
    </p>
   </div>
   <div class='ocr_carea' id='block_1_13' title="bbox 1180 1675 2087 2005">
    <p class='ocr_par' dir='ltr' id='par_1_23' title="bbox 1180 1675 2087 2005">
     <span class='ocr_line' id='line_1_73' title="bbox 1246 1675 2084 1729; baseline 0.013 -10"><span class='ocrx_word' id='word_1_334' title='bbox 1246 1678 1294 1720; x_wconf 84' lang='lat'><strong>4.</strong></span> <span class='ocrx_word' id='word_1_335' title='bbox 1329 1675 1475 1722; x_wconf 87' lang='lat' dir='ltr'><strong>Dixit</strong></span> <span class='ocrx_word' id='word_1_336' title='bbox 1494 1681 1660 1724; x_wconf 85' lang='lat' dir='ltr'><strong>autem</strong></span> <span class='ocrx_word' id='word_1_337' title='bbox 1677 1680 1890 1728; x_wconf 88' lang='lat' dir='ltr'><strong>Paulus:</strong></span> <span class='ocrx_word' id='word_1_338' title='bbox 1923 1684 2084 1729; x_wconf 84' lang='lat' dir='ltr'><strong>Joan-</strong></span> 
     </span>
     <span class='ocr_line' id='line_1_74' title="bbox 1181 1743 2084 1806; baseline 0.014 -22"><span class='ocrx_word' id='word_1_339' title='bbox 1181 1754 1274 1786; x_wconf 88' lang='lat' dir='ltr'><strong>nes</strong></span> <span class='ocrx_word' id='word_1_340' title='bbox 1311 1743 1584 1800; x_wconf 86' lang='lat' dir='ltr'><strong>baptizavit</strong></span> <span class='ocrx_word' id='word_1_341' title='bbox 1619 1748 1866 1803; x_wconf 88' lang='lat' dir='ltr'><strong>baptismo</strong></span> <span class='ocrx_word' id='word_1_342' title='bbox 1903 1751 2084 1806; x_wconf 86' lang='lat' dir='ltr'><strong>poeni-</strong></span> 
     </span>
     <span class='ocr_line' id='line_1_75' title="bbox 1180 1808 2084 1876; baseline 0.013 -25"><span class='ocrx_word' id='word_1_343' title='bbox 1180 1808 1368 1854; x_wconf 87' lang='lat' dir='ltr'><strong>tentiae</strong></span> <span class='ocrx_word' id='word_1_344' title='bbox 1388 1811 1644 1870; x_wconf 89' lang='lat' dir='ltr'><strong>populum,</strong></span> <span class='ocrx_word' id='word_1_345' title='bbox 1659 1813 1854 1860; x_wconf 89' lang='lat' dir='ltr'><strong>dicens:</strong></span> <span class='ocrx_word' id='word_1_346' title='bbox 1875 1817 1936 1859; x_wconf 89' lang='lat' dir='ltr'><strong>In</strong></span> <span class='ocrx_word' id='word_1_347' title='bbox 1955 1830 2084 1876; x_wconf 90' lang='lat' dir='ltr'><strong>eum,</strong></span> 
     </span>
     <span class='ocr_line' id='line_1_76' title="bbox 1182 1874 2087 1941; baseline 0.012 -23"><span class='ocrx_word' id='word_1_348' title='bbox 1182 1874 1268 1931; x_wconf 88' lang='lat' dir='ltr'><strong>qui</strong></span> <span class='ocrx_word' id='word_1_349' title='bbox 1285 1877 1526 1922; x_wconf 84' lang='lat' dir='ltr'><strong>venturus</strong></span> <span class='ocrx_word' id='word_1_350' title='bbox 1547 1881 1682 1924; x_wconf 87' lang='lat' dir='ltr'><strong>esset</strong></span> <span class='ocrx_word' id='word_1_351' title='bbox 1700 1882 1815 1936; x_wconf 89' lang='lat' dir='ltr'><strong>post</strong></span> <span class='ocrx_word' id='word_1_352' title='bbox 1833 1881 2010 1941; x_wconf 87' lang='lat' dir='ltr'><strong>ipsum,</strong></span> <span class='ocrx_word' id='word_1_353' title='bbox 2029 1887 2087 1930; x_wconf 92' lang='lat' dir='ltr'><strong>ut</strong></span> 
     </span>
     <span class='ocr_line' id='line_1_77' title="bbox 1182 1941 1976 2005; baseline 0.01 -17"><span class='ocrx_word' id='word_1_354' title='bbox 1182 1941 1464 2003; x_wconf 84' lang='lat' dir='ltr'><strong>crederent,</strong></span> <span class='ocrx_word' id='word_1_355' title='bbox 1484 1943 1583 1991; x_wconf 91' lang='lat' dir='ltr'><strong>hoc</strong></span> <span class='ocrx_word' id='word_1_356' title='bbox 1603 1947 1696 2005; x_wconf 87' lang='lat' dir='ltr'><strong>est,</strong></span> <span class='ocrx_word' id='word_1_357' title='bbox 1717 1947 1772 1993; x_wconf 90' lang='lat' dir='ltr'><strong>in</strong></span> <span class='ocrx_word' id='word_1_358' title='bbox 1789 1948 1820 1993; x_wconf 84' lang='lat' dir='ltr'><strong>J</strong></span> <span class='ocrx_word' id='word_1_359' title='bbox 1824 1961 1976 1996; x_wconf 84' lang='lat' dir='ltr'><strong>esum.</strong></span> 
     </span>
    </p>
   </div>
   <div class='ocr_carea' id='block_1_14' title="bbox 1177 2026 2084 2145">
    <p class='ocr_par' dir='ltr' id='par_1_24' title="bbox 1177 2026 2084 2145">
     <span class='ocr_line' id='line_1_78' title="bbox 1247 2026 2084 2089; baseline 0.012 -18"><span class='ocrx_word' id='word_1_360' title='bbox 1247 2029 1292 2071; x_wconf 88' lang='lat'><strong>5.</strong></span> <span class='ocrx_word' id='word_1_361' title='bbox 1328 2026 1419 2072; x_wconf 87' lang='lat' dir='ltr'><strong>His</strong></span> <span class='ocrx_word' id='word_1_362' title='bbox 1456 2028 1655 2089; x_wconf 86' lang='lat' dir='ltr'><strong>auditis,</strong></span> <span class='ocrx_word' id='word_1_363' title='bbox 1694 2032 1932 2089; x_wconf 86' lang='lat' dir='ltr'><strong>baptizati</strong></span> <span class='ocrx_word' id='word_1_364' title='bbox 1967 2040 2084 2081; x_wconf 82' lang='lat' dir='ltr'><strong>sunt</strong></span> 
     </span>
     <span class='ocr_line' id='line_1_79' title="bbox 1177 2092 1837 2145; baseline 0.009 -6"><span class='ocrx_word' id='word_1_365' title='bbox 1177 2092 1232 2139; x_wconf 89' lang='lat' dir='ltr'><strong>in</strong></span> <span class='ocrx_word' id='word_1_366' title='bbox 1249 2095 1458 2141; x_wconf 88' lang='lat' dir='ltr'><strong>nomine</strong></span> <span class='ocrx_word' id='word_1_367' title='bbox 1476 2095 1682 2143; x_wconf 90' lang='lat' dir='ltr'><strong>Domini</strong></span> <span class='ocrx_word' id='word_1_368' title='bbox 1699 2099 1732 2143; x_wconf 83' lang='lat' dir='ltr'>J</span> <span class='ocrx_word' id='word_1_369' title='bbox 1733 2112 1837 2145; x_wconf 84' lang='lat' dir='ltr'><strong>esu.</strong></span> 
     </span>
    </p>
   </div>
   <div class='ocr_carea' id='block_1_15' title="bbox 1173 2178 2079 2578">
    <p class='ocr_par' dir='ltr' id='par_1_25' title="bbox 1174 2178 2079 2441">
     <span class='ocr_line' id='line_1_80' title="bbox 1245 2178 2079 2238; baseline 0.013 -15"><span class='ocrx_word' id='word_1_370' title='bbox 1245 2181 1290 2223; x_wconf 81' lang='lat'><strong>6.</strong></span> <span class='ocrx_word' id='word_1_371' title='bbox 1313 2178 1381 2223; x_wconf 92' lang='lat' dir='ltr'><strong>Et</strong></span> <span class='ocrx_word' id='word_1_372' title='bbox 1393 2194 1506 2225; x_wconf 87' lang='lat' dir='ltr'><strong>cum</strong></span> <span class='ocrx_word' id='word_1_373' title='bbox 1518 2180 1841 2238; x_wconf 84' lang='lat' dir='ltr'><strong>imposuisset</strong></span> <span class='ocrx_word' id='word_1_374' title='bbox 1851 2184 1952 2231; x_wconf 82' lang='lat' dir='ltr'><strong>illis</strong></span> <span class='ocrx_word' id='word_1_375' title='bbox 1972 2200 2079 2233; x_wconf 87' lang='lat' dir='ltr'><strong>ma-</strong></span> 
     </span>
     <span class='ocr_line' id='line_1_81' title="bbox 1175 2246 2076 2309; baseline 0.011 -18"><span class='ocrx_word' id='word_1_376' title='bbox 1175 2260 1271 2292; x_wconf 88' lang='lat' dir='ltr'><strong>nus</strong></span> <span class='ocrx_word' id='word_1_377' title='bbox 1300 2246 1512 2307; x_wconf 89' lang='lat' dir='ltr'><strong>Paulus,</strong></span> <span class='ocrx_word' id='word_1_378' title='bbox 1543 2250 1684 2295; x_wconf 85' lang='lat' dir='ltr'><strong>venit</strong></span> <span class='ocrx_word' id='word_1_379' title='bbox 1713 2252 1926 2309; x_wconf 87' lang='lat' dir='ltr'><strong>Spiritus</strong></span> <span class='ocrx_word' id='word_1_380' title='bbox 1959 2268 2076 2300; x_wconf 82' lang='lat' dir='ltr'><strong>san-</strong></span> 
     </span>
     <span class='ocr_line' id='line_1_82' title="bbox 1176 2316 2076 2376; baseline 0.01 -17"><span class='ocrx_word' id='word_1_381' title='bbox 1176 2316 1284 2359; x_wconf 87' lang='lat' dir='ltr'><strong>ctus</strong></span> <span class='ocrx_word' id='word_1_382' title='bbox 1314 2327 1463 2371; x_wconf 89' lang='lat' dir='ltr'><strong>super</strong></span> <span class='ocrx_word' id='word_1_383' title='bbox 1502 2328 1617 2376; x_wconf 89' lang='lat' dir='ltr'><strong>eos,</strong></span> <span class='ocrx_word' id='word_1_384' title='bbox 1657 2318 1708 2362; x_wconf 90' lang='lat' dir='ltr'><strong>et</strong></span> <span class='ocrx_word' id='word_1_385' title='bbox 1741 2318 2076 2376; x_wconf 85' lang='lat' dir='ltr'><strong>loquebantur</strong></span> 
     </span>
     <span class='ocr_line' id='line_1_83' title="bbox 1174 2380 1856 2441; baseline 0.007 -15"><span class='ocrx_word' id='word_1_386' title='bbox 1174 2380 1380 2439; x_wconf 84' lang='lat' dir='ltr'><strong>linguis,</strong></span> <span class='ocrx_word' id='word_1_387' title='bbox 1403 2384 1454 2427; x_wconf 92' lang='lat' dir='ltr'><strong>et</strong></span> <span class='ocrx_word' id='word_1_388' title='bbox 1472 2384 1856 2441; x_wconf 85' lang='lat' dir='ltr'><strong>prophetabant.</strong></span> 
     </span>
    </p>

    <p class='ocr_par' dir='ltr' id='par_1_26' title="bbox 1173 2465 2074 2578">
     <span class='ocr_line' id='line_1_84' title="bbox 1241 2465 2074 2517; baseline 0.01 -8"><span class='ocrx_word' id='word_1_389' title='bbox 1241 2467 1287 2509; x_wconf 77' lang='lat'><strong>7.</strong></span> <span class='ocrx_word' id='word_1_390' title='bbox 1322 2465 1485 2511; x_wconf 87' lang='lat' dir='ltr'><strong>Erant</strong></span> <span class='ocrx_word' id='word_1_391' title='bbox 1495 2469 1660 2513; x_wconf 86' lang='lat' dir='ltr'><strong>autem</strong></span> <span class='ocrx_word' id='word_1_392' title='bbox 1672 2480 1786 2513; x_wconf 88' lang='lat' dir='ltr'><strong>omn</strong></span> <span class='ocrx_word' id='word_1_393' title='bbox 1793 2482 1846 2515; x_wconf 92' lang='lat' dir='ltr'><strong>es</strong></span> <span class='ocrx_word' id='word_1_394' title='bbox 1858 2469 1956 2515; x_wconf 86' lang='lat' dir='ltr'><strong>viri</strong></span> <span class='ocrx_word' id='word_1_395' title='bbox 1965 2471 2074 2517; x_wconf 78' lang='lat' dir='ltr'><strong>fere</strong></span> 
     </span>
     <span class='ocr_line' id='line_1_85' title="bbox 1173 2532 1450 2578; baseline 0.004 -2"><span class='ocrx_word' id='word_1_396' title='bbox 1173 2532 1450 2578; x_wconf 88' lang='lat' dir='ltr'><strong>duodecim.</strong></span> 
     </span>
    </p>
   </div>
   <div class='ocr_carea' id='block_1_16' title="bbox 1168 2616 2073 2815">
    <p class='ocr_par' dir='ltr' id='par_1_27' title="bbox 1168 2616 2073 2815">
     <span class='ocr_line' id='line_1_86' title="bbox 1239 2616 2070 2679; baseline 0.01 -20"><span class='ocrx_word' id='word_1_397' title='bbox 1239 2617 1284 2661; x_wconf 89' lang='lat'><strong>8.</strong></span> <span class='ocrx_word' id='word_1_398' title='bbox 1321 2616 1671 2676; x_wconf 86' lang='lat' dir='ltr'><strong>Introgressus</strong></span> <span class='ocrx_word' id='word_1_399' title='bbox 1716 2620 1881 2665; x_wconf 88' lang='lat' dir='ltr'><strong>autem</strong></span> <span class='ocrx_word' id='word_1_400' title='bbox 1918 2632 2070 2679; x_wconf 76' lang='lat' dir='ltr'><strong>syna-</strong></span> 
     </span>
     <span class='ocr_line' id='line_1_87' title="bbox 1170 2684 2071 2743; baseline 0.008 -15"><span class='ocrx_word' id='word_1_401' title='bbox 1170 2696 1369 2743; x_wconf 83' lang='lat' dir='ltr'><strong>gogam,</strong></span> <span class='ocrx_word' id='word_1_402' title='bbox 1409 2699 1520 2731; x_wconf 90' lang='lat' dir='ltr'><strong>cum</strong></span> <span class='ocrx_word' id='word_1_403' title='bbox 1555 2684 1736 2731; x_wconf 87' lang='lat' dir='ltr'><strong>fiducia</strong></span> <span class='ocrx_word' id='word_1_404' title='bbox 1773 2685 2071 2742; x_wconf 83' lang='lat' dir='ltr'><strong>loquebatur</strong></span> 
     </span>
     <span class='ocr_line' id='line_1_88' title="bbox 1168 2751 2073 2815; baseline 0.01 -20"><span class='ocrx_word' id='word_1_405' title='bbox 1168 2762 1258 2806; x_wconf 84' lang='lat' dir='ltr'><strong>per</strong></span> <span class='ocrx_word' id='word_1_406' title='bbox 1294 2752 1398 2797; x_wconf 86' lang='lat' dir='ltr'><strong>tres</strong></span> <span class='ocrx_word' id='word_1_407' title='bbox 1433 2765 1663 2809; x_wconf 86' lang='lat' dir='ltr'><strong>menses,</strong></span> <span class='ocrx_word' id='word_1_408' title='bbox 1703 2751 1983 2815; x_wconf 87' lang='lat' dir='ltr'><strong>disputans,</strong></span> <span class='ocrx_word' id='word_1_409' title='bbox 2023 2760 2073 2804; x_wconf 90' lang='lat' dir='ltr'><strong>et</strong></span> 
     </span>
    </p>
   </div>
   <div class='ocr_carea' id='block_1_17' title="bbox 1167 2817 1776 2875">
    <p class='ocr_par' dir='ltr' id='par_1_28' title="bbox 1167 2817 1776 2875">
     <span class='ocr_line' id='line_1_89' title="bbox 1167 2817 1776 2875; baseline 0.005 -14"><span class='ocrx_word' id='word_1_410' title='bbox 1167 2817 1383 2863; x_wconf 83' lang='lat' dir='ltr'><strong>suadens</strong></span> <span class='ocrx_word' id='word_1_411' title='bbox 1403 2818 1464 2863; x_wconf 89' lang='lat' dir='ltr'><strong>de</strong></span> <span class='ocrx_word' id='word_1_412' title='bbox 1482 2830 1644 2875; x_wconf 82' lang='lat' dir='ltr'><strong>regno</strong></span> <span class='ocrx_word' id='word_1_413' title='bbox 1664 2818 1776 2864; x_wconf 88' lang='lat' dir='ltr'><strong>Dei.</strong></span> 
     </span>
    </p>
   </div>
   <div class='ocr_carea' id='block_1_18' title="bbox 1235 2900 2067 2957">
    <p class='ocr_par' dir='ltr' id='par_1_29' title="bbox 1235 2900 2067 2957">
     <span class='ocr_line' id='line_1_90' title="bbox 1235 2900 2067 2957; baseline 0.013 -14"><span class='ocrx_word' id='word_1_414' title='bbox 1235 2902 1279 2944; x_wconf 84' lang='grc'><strong>9.</strong></span> <span class='ocrx_word' id='word_1_415' title='bbox 1318 2902 1441 2946; x_wconf 87' lang='lat' dir='ltr'><strong>Cum</strong></span> <span class='ocrx_word' id='word_1_416' title='bbox 1459 2900 1625 2945; x_wconf 86' lang='lat' dir='ltr'><strong>autem</strong></span> <span class='ocrx_word' id='word_1_417' title='bbox 1644 2900 1842 2957; x_wconf 85' lang='lat' dir='ltr'><strong>quidam</strong></span> <span class='ocrx_word' id='word_1_418' title='bbox 1861 2905 2067 2953; x_wconf 81' lang='lat' dir='ltr'><strong>indura-</strong></span> 
     </span>
    </p>
   </div>
   <div class='ocr_carea' id='block_1_19' title="bbox 850 2967 2064 3165">
    <p class='ocr_par' dir='ltr' id='par_1_30' title="bbox 850 2967 2064 3165">
     <span class='ocr_line' id='line_1_91' title="bbox 850 2967 2064 3039; baseline 0.012 -33"><span class='ocrx_word' id='word_1_419' title='bbox 850 2994 1099 3039; x_wconf 62' lang='lat' dir='ltr'><strong>Christum</strong></span> <span class='ocrx_word' id='word_1_420' title='bbox 1164 2967 1368 3025; x_wconf 90' lang='lat' dir='ltr'><strong>rentur,</strong></span> <span class='ocrx_word' id='word_1_421' title='bbox 1393 2969 1444 3012; x_wconf 89' lang='lat' dir='ltr'><strong>et</strong></span> <span class='ocrx_word' id='word_1_422' title='bbox 1462 2979 1568 3012; x_wconf 88' lang='lat' dir='ltr'><strong>non</strong></span> <span class='ocrx_word' id='word_1_423' title='bbox 1588 2968 1878 3033; x_wconf 87' lang='lat' dir='ltr'><strong>crederent,</strong></span> <span class='ocrx_word' id='word_1_424' title='bbox 1907 2976 2064 3021; x_wconf 89' lang='lat' dir='ltr'><strong>male-</strong></span> 
     </span>
     <span class='ocr_line' id='line_1_92' title="bbox 1166 3033 2063 3087; baseline 0.007 -8"><span class='ocrx_word' id='word_1_425' title='bbox 1166 3033 1388 3079; x_wconf 86' lang='lat' dir='ltr'><strong>dicentes</strong></span> <span class='ocrx_word' id='word_1_426' title='bbox 1401 3033 1530 3079; x_wconf 87' lang='lat' dir='ltr'><strong>viam</strong></span> <span class='ocrx_word' id='word_1_427' title='bbox 1539 3034 1743 3083; x_wconf 89' lang='lat' dir='ltr'><strong>Domini</strong></span> <span class='ocrx_word' id='word_1_428' title='bbox 1755 3053 1923 3086; x_wconf 86' lang='lat' dir='ltr'><strong>coram</strong></span> <span class='ocrx_word' id='word_1_429' title='bbox 1934 3041 2063 3087; x_wconf 85' lang='lat' dir='ltr'><strong>mul-</strong></span> 
     </span>
     <span class='ocr_line' id='line_1_93' title="bbox 1163 3100 2062 3165; baseline 0.011 -20"><span class='ocrx_word' id='word_1_430' title='bbox 1163 3100 1404 3158; x_wconf 85' lang='lat' dir='ltr'><strong>titudine,</strong></span> <span class='ocrx_word' id='word_1_431' title='bbox 1443 3100 1703 3150; x_wconf 84' lang='lat' dir='ltr'><strong>discedens</strong></span> <span class='ocrx_word' id='word_1_432' title='bbox 1741 3108 1802 3153; x_wconf 88' lang='lat' dir='ltr'><strong>ab</strong></span> <span class='ocrx_word' id='word_1_433' title='bbox 1840 3108 1939 3165; x_wconf 87' lang='lat' dir='ltr'><strong>eis,</strong></span> <span class='ocrx_word' id='word_1_434' title='bbox 1979 3122 2062 3153; x_wconf 80' lang='lat' dir='ltr'><strong>se-</strong></span> 
     </span>
    </p>
   </div>
   <div class='ocr_carea' id='block_1_20' title="bbox 1211 3218 2062 3265">
    <p class='ocr_par' dir='ltr' id='par_1_31' title="bbox 1211 3218 2062 3265">
     <span class='ocr_line' id='line_1_94' title="bbox 1211 3218 2062 3265; baseline 0.007 -12"><span class='ocrx_word' id='word_1_435' title='bbox 1211 3218 1231 3245; x_wconf 75' lang='lat' dir='ltr'><strong>d</strong></span> <span class='ocrx_word' id='word_1_436' title='bbox 1250 3230 1282 3255; x_wconf 86' lang='lat' dir='ltr'><strong>c.</strong></span> <span class='ocrx_word' id='word_1_437' title='bbox 1302 3221 1369 3262; x_wconf 88' lang='lat'><strong>18,</strong></span> <span class='ocrx_word' id='word_1_438' title='bbox 1387 3222 1449 3255; x_wconf 84' lang='lat'><strong>24.</strong></span> <span class='ocrx_word' id='word_1_439' title='bbox 1467 3223 1528 3259; x_wconf 83' lang='lat'><strong>27.</strong></span> <span class='ocrx_word' id='word_1_440' title='bbox 1591 3229 1607 3247; x_wconf 60' lang='grc' dir='ltr'><strong><em>θ</em></strong></span> <span class='ocrx_word' id='word_1_441' title='bbox 1625 3232 1657 3259; x_wconf 89' lang='lat' dir='ltr'><strong>c.</strong></span> <span class='ocrx_word' id='word_1_442' title='bbox 1677 3225 1746 3265; x_wconf 88' lang='lat'><strong>18,</strong></span> <span class='ocrx_word' id='word_1_443' title='bbox 1772 3228 1832 3262; x_wconf 78' lang='lat'><strong>19.</strong></span> <span class='ocrx_word' id='word_1_444' title='bbox 1859 3227 1918 3261; x_wconf 86' lang='grc'><strong>21.</strong></span> <span class='ocrx_word' id='word_1_445' title='bbox 1981 3222 2008 3256; x_wconf 62' lang='lat' dir='ltr'><em>f</em></span> <span class='ocrx_word' id='word_1_446' title='bbox 2027 3237 2062 3260; x_wconf 88' lang='lat' dir='ltr'><strong>c.</strong></span> 
     </span>
    </p>
   </div>
   <div class='ocr_carea' id='block_1_21' title="bbox 1162 3266 1456 3307">
    <p class='ocr_par' dir='ltr' id='par_1_32' title="bbox 1162 3266 1456 3307">
     <span class='ocr_line' id='line_1_95' title="bbox 1162 3266 1456 3307; baseline 0.01 -7"><span class='ocrx_word' id='word_1_447' title='bbox 1162 3268 1224 3307; x_wconf 88' lang='grc'><strong>10,</strong></span> <span class='ocrx_word' id='word_1_448' title='bbox 1241 3267 1308 3301; x_wconf 74' lang='lat'><strong>44.</strong></span> <span class='ocrx_word' id='word_1_449' title='bbox 1339 3266 1376 3307; x_wconf 82' lang='lat'><strong>8,</strong></span> <span class='ocrx_word' id='word_1_450' title='bbox 1397 3268 1456 3303; x_wconf 82' lang='lat'><strong>16.</strong></span> 
     </span>
    </p>
   </div>
   <div class='ocr_carea' id='block_1_22' title="bbox 1683 3418 2063 3471">
    <p class='ocr_par' dir='ltr' id='par_1_33' title="bbox 1683 3418 2063 3471">
     <span class='ocr_line' id='line_1_96' title="bbox 1683 3418 2063 3471; baseline 0.003 -10"><span class='ocrx_word' id='word_1_451' title='bbox 1683 3421 1749 3461; x_wconf 78' lang='lat'><strong>19.</strong></span> <span class='ocrx_word' id='word_1_452' title='bbox 1801 3418 2063 3471; x_wconf 75' lang='lat' dir='ltr'><strong>disputavit.</strong></span> 
     </span>
    </p>
   </div>
  </div>
 </body>
</html>
