2376 3925
767 191 1052 244 LUCAS.
1127 189 1523 243 CAP..23..24.

1985 195 2088 246 139

275 297 356 342 5⁰.
391 295 461 342 Et
489 295 631 342 ecce!
668 295 749 340 vir
784 296 991 341 nomine
1021 295 1115 340 Jo-
1184 294 1436 339 clinarent
1449 295 1641 340 vultum
1658 295 1928 355 interram,
1943 297 2089 343 dixe-

200 362 347 422 seph,
371 363 589 419 quierat
608 361 831 422 decurio,
852 363 933 409 vir
952 364 1115 409 bonus

203 433 259 476 et
269 430 471 488 justus;

273 499 356 543 51.
392 496 477 543 hic
505 509 615 542 non
641 497 970 543 consenserat
988 509 1116 542 con-

201 564 323 610 silio
346 566 399 610 et
417 564 611 610 actibus
632 577 823 623 eorum,
834 566 895 610 ab
914 564 1115 619 Arima-

198 633 355 678 thaea
386 631 589 678 civitate
613 631 863 690 Iudaeae,
902 631 989 688 qui
1022 644 1116 680 ex-

202 701 470 758 spectabat
486 701 536 745 et
552 699 659 756 ipse
676 711 893 757 regnum
909 699 1022 744 Dei.

272 769 354 814 52.
392 767 487 812 Hic
523 766 739 812 accessit
774 765 839 812 ad
882 765 1115 824 Pilatum,

205 836 259 880 et
276 833 424 891 petiit
443 846 626 890 corpus
646 833 677 877 J
680 846 797 890 esu;

278 901 359 946 53.
394 902 445 946 et
463 900 747 958 depositum
769 899 991 946 involvit
1009 899 1118 944 sin-

206 968 363 1026 done,
401 969 452 1014 et
488 967 662 1026 posuit
698 981 810 1014 eum
847 967 903 1012 in
934 979 1119 1012 monn-

203 1038 379 1082 mento
418 1035 621 1094 exciso,
666 1033 722 1080 in
758 1046 858 1091 quo
895 1034 1121 1080 nondum

207 1101 471 1160 quisquam
492 1102 685 1160 positus
706 1102 886 1147 fuerat.

278 1171 358 1216 54.
393 1169 461 1215 Et
481 1169 586 1215 dies
607 1171 717 1215 erat
735 1180 1055 1226 parasceves,
1070 1168 1122 1214 et

206 1238 472 1284 sabbatum
488 1236 827 1283 illucescebat.
1012 1270 1025 1277 -

275 1307 361 1350 55.
401 1304 703 1350 subsecutae
742 1305 908 1349 autem
936 1301 1119 1348 mulie-

204 1384 291 1418 res
304 1376 343 1429 ⁶,
373 1383 500 1427 quae
528 1385 640 1416 cum
676 1383 739 1416 eo
779 1371 1028 1416 venerant
1058 1369 1119 1418 de

208 1437 457 1498 Galilaea,
469 1438 707 1484 viderunt
722 1439 1118 1496 monumentum,

205 1509 261 1553 et
297 1505 711 1562 quemadmodum
753 1506 975 1565 positum
1011 1506 1121 1551 erat

206 1585 397 1632 corpus
418 1573 545 1631 ejus.

278 1642 358 1685 56.
386 1639 456 1685 Et
470 1640 791 1686 revertentes
811 1639 1125 1697 paraverunt

207 1710 455 1766 aromata,
476 1709 528 1752 et
544 1707 833 1764 unguenta3
872 1708 923 1752 et
942 1707 1121 1752 sabba-

202 1778 261 1821 to
304 1774 512 1834 quidem
553 1772 809 1819 siluerunt
848 1771 1123 1819 secundum

203 1830 559 1888 mandatumf.

448 2007 620 2059 cAP.
680 2004 877 2058 XXIV.

210 2108 381 2151 Christi
401 2107 689 2155 resurrectio,
712 2107 881 2149 iterata
899 2117 1119 2161 praesen-

208 2164 275 2207 tin
288 2165 339 2207 in
357 2164 507 2213 terris,
522 2163 766 2262 adst-:gasan
784 2162 833 2204 in
850 2160 953 2203 loca
972 2160 1119 2204 coele-

277 2315 327 2358 1.
359 2312 512 2358 eUna
538 2314 704 2358 autem
742 2310 937 2359 sabbati
972 2310 1117 2357 valde

208 2379 436 2427 diluculo
458 2380 710 2425 venerunt
738 2378 801 2425 ad
817 2391 1120 2425 monumen-

204 2450 337 2507 tum,
355 2448 636 2506 portantes,
647 2459 774 2504 quae
792 2448 1116 2505 paraverant,

206 2517 456 2562 aromata.

276 2582 328 2627 2.
362 2580 433 2627 Et
453 2580 761 2627 invenerunt
787 2578 1006 2638 lapidem
1031 2593 1119 2626 re-

204 2648 445 2695 volutum
460 2662 490 2694 a
506 2650 851 2695 monumento.

282 2716 332 2761 3.
366 2714 434 2761 Et
465 2713 727 2774 ingressae
762 2729 869 2761 non
904 2714 1119 2762 invene·
1163 2738 1167 2743 ·

203 2783 338 2830 runt
354 2794 535 2840 corpus
556 2782 760 2830 Domini
778 2783 809 2827 J
812 2796 917 2828 esu.

278 2851 330 2895 4.
365 2848 434 2895 Et
458 2850 644 2897 factum
674 2850 775 2908 est,
808 2848 923 2895 dum
950 2849 1120 2895 mente
1163 2876 1167 2885 ·

208 2918 569 2965 consternatae
583 2917 755 2961 essent
764 2914 825 2961 de
844 2915 963 2974 isto,
978 2914 1119 2962 ecce!

210 2984 315 3031 duo
344 2983 446 3030 viri
469 2983 723 3030 steterunt
748 2995 895 3029 secus
925 2981 1041 3029 illas
1066 2982 1120 3028 in
1164 2988 1169 2991 '

207 3054 356 3100 veste
373 3051 607 3109 fulgenti.

280 3121 331 3165 5.
364 3118 491 3165 Cum
508 3118 747 3165 timerent
763 3119 949 3176 antem,
962 3118 1014 3163 et
1033 3115 1126 3163 de-

292 3226 398 3265 Luc.
424 3229 461 3271 8,
488 3230 524 3265 2.
550 3237 612 3273 aq.
658 3223 685 3259 ἰ
699 3226 819 3263 Exod
846 3230 908 3270 20,
933 3230 994 3264 10.
1040 3231 1066 3261 ε
1081 3236 1121 3263 v·

206 3277 362 3313 1-12·
377 3272 526 3311 unt-th·
542 3276 604 3316 m,
623 3276 766 3312 1-15·
784 3272 913 3311 Μιΐοο
923 3276 983 3316 16,
992 3274 1121 3310 1—14·

334 3467 449 3525 Cap.
480 3464 668 3511 xxm.
744 3472 812 3511 ⁵5.
851 3482 949 3511 cum
978 3469 1095 3525 ipso.
1171 3470 1242 3511 56.
1269 3472 1486 3523 ungenta.

1180 362 1304 406 runt
1322 361 1384 405 ad
1410 361 1548 407 illas:
1582 362 1713 415 Quid
1741 363 1982 420 quaeritis
2011 364 2088 409 vi·

1183 429 1388 474 ventem
1406 442 1518 474 cum
1535 429 1782 476 mortuis:l

1251 497 1296 540 6.
1332 496 1450 540 Non
1477 497 1557 541 est
1580 496 1689 555 hic,
1728 496 1816 543 sed
1840 497 2088 546 surrexit!

1180 561 1540 621 recordamini,
1562 563 1778 619 qualiter
1795 565 1995 612 locutus
2015 568 2094 612 est

1183 629 1328 676 vobis
1341 661 1355 689 ,
1377 643 1489 676 cum
1508 629 1669 676 adhuc
1688 631 1743 676 in
1763 631 1990 679 Galilaea
2009 647 2092 679 es-

1184 700 1278 756 set,

1253 766 1300 810 7.
1335 763 1534 811 dicens:
1567 758 1734 818 Quiah
1773 769 1980 825 oportet
2004 769 2093 814 Fi-

1184 831 1307 876 lium
1327 830 1545 878 hominis
1565 832 1700 879 tradi
1727 832 1780 879 in
1798 847 1978 881 manus
1997 836 2094 881 ho-

1183 898 1375 944 minum
1392 901 1742 959 peccatorum,
1775 905 1826 948 et
1851 902 2092 961 crucifigi,

1186 967 1238 1012 et
1258 965 1338 1012 die
1359 967 1510 1012 tertia
1525 980 1815 1026 resurgere.

1255 1035 1302 1078 8.
1337 1033 1406 1078 Et
1429 1034 1729 1080 recordatae
1760 1037 1879 1082 sunt
1903 1039 2094 1084 verbo-

1185 1113 1299 1146 rum
1319 1101 1457 1159 ejus3

1257 1170 1302 1212 9.
1341 1169 1392 1213 et
1418 1180 1686 1226 regressae
1714 1182 1747 1215 a
1766 1173 2093 1218 monumento

1187 1234 1562 1280 nunciaverunt
1604 1235 1730 1282 haec
1779 1238 1949 1283 omnia
1993 1238 2096 1284 illis

1187 1301 1438 1361 undecim,
1463 1304 1514 1348 et
1534 1303 1716 1349 ceteris
1738 1305 1984 1352 omnibus.

1257 1386 1346 1430 10..
1371 1384 1500 1431 Erat
1518 1388 1684 1432 autem
1703 1388 1867 1434 Maria
1885 1387 2098 1446 Magda-

1185 1452 1321 1511 lene,
1344 1455 1394 1498 et
1411 1454 1442 1498 J
1445 1465 1629 1513 oanna,
1652 1456 1703 1500 et
1719 1455 1882 1501 Maria
1899 1455 1932 1501 J
1933 1455 2095 1514 acobi,

1187 1522 1240 1566 et
1268 1522 1466 1566 ceterae
1478 1551 1493 1579 ,
1534 1534 1660 1579 quae
1692 1536 1803 1567 cum
1829 1522 1903 1568 eis
1933 1526 2095 1580 erant,

1188 1601 1314 1645 quae
1337 1587 1568 1636 dicebant
1589 1589 1935 1648 adApostolos
1954 1590 2094 1635 haec.

1257 1672 1338 1716 11.
1390 1670 1460 1716 Et
1496 1671 1608 1716 visa
1643 1674 1761 1718 sunt
1802 1675 1921 1718 ante
1958 1672 2095 1731 illos,
2126 1705 2138 1714 .

1188 1736 1323 1783 sicut
1349 1737 1759 1797 deliramentum,
1787 1741 1945 1785 verba
1970 1739 2095 1795 ista3

1191 1805 1243 1849 et
1258 1816 1365 1848 non
1387 1803 1710 1851 crediderunt
1728 1804 1846 1851 illis.

1259 1871 1340 1915 12.
1374 1871 1554 1916 Petrus
1573 1873 1744 1918 autem
1771 1885 1986 1930 surgens
2005 1886 2098 1918 cu-

1191 1937 1350 1986 currit
1374 1937 1438 1984 ad
1462 1940 1868 1997 monumentum3
1900 1941 1950 1986 et
1973 1952 2098 1998 pro-

1188 2007 1428 2054 cumbens
1468 2005 1600 2053 vidit
1641 2006 1938 2053 linteamina
1985 2008 2098 2054 sola

1184 2073 1380 2133 posita,
1428 2074 1479 2120 et
1523 2074 1646 2121 abiit
1682 2089 1853 2122 secum
1887 2075 2093 2134 mirans,

1184 2141 1320 2199 quod
1339 2142 1525 2188 factum
1543 2143 1724 2189 fuerat.

1253 2210 1334 2254 13.
1353 2209 1421 2254 Et
1439 2224 1557 2255 ecce
1567 2204 1604 2257 ’Ἰ
1628 2210 1727 2256 duo
1749 2224 1818 2259 ex
1833 2210 1936 2257 illis
1956 2212 2096 2258 ibant

1185 2276 1297 2334 ipsa
1316 2276 1397 2322 die
1427 2276 1481 2322 in
1512 2277 1800 2337 castellum,
1831 2279 1965 2337 quod
1985 2280 2095 2324 erat

1185 2344 1240 2389 in
1261 2343 1424 2401 spatio
1445 2344 1721 2391 stadiorum
1743 2346 2011 2403 sexaginta
2031 2347 2092 2390 ab

1182 2411 1477 2471 Ierusalem,
1495 2413 1704 2459 nomine
1721 2412 1975 2457 Emmaus.

1255 2495 1336 2539 14.
1371 2495 1442 2541 Et
1457 2494 1556 2552 ipsi
1573 2495 1910 2552 loquebantur
1929 2494 1992 2539 ad
2011 2495 2092 2540 in-

1188 2560 1351 2607 vicem
1371 2561 1432 2607 de
1461 2561 1540 2608 bis
1570 2563 1830 2621 omnibus,
1859 2574 1986 2619 quae
2006 2575 2092 2609 ac-

1187 2628 1431 2676 ciderant.

1257 2697 1337 2742 15.
1356 2695 1425 2741 Et
1441 2696 1630 2743 factum
1648 2697 1742 2753 est,
1763 2695 1878 2741 dum
1897 2696 2091 2744 fabula-

1187 2766 1390 2822 rentur,
1421 2765 1474 2809 et
1503 2776 1676 2809 secum
1694 2768 2019 2822 quaererent3
2042 2769 2094 2811 et

1186 2831 1296 2887 ipse
1341 2831 1373 2875 J
1377 2842 1492 2876 esus
1537 2829 1945 2887 appropinquans
1989 2834 2093 2880 ibat

1185 2909 1304 2944 >cum
1319 2895 1422 2943 illis
1435 2909 1450 2953 3

1256 2964 1338 3009 16.
1376 2961 1514 3008 oculi
1539 2964 1703 3010 autem
1721 2964 1926 3014 illorum
1945 2971 2090 3015 tene-

1187 3031 1371 3077 Bantur
1381 3020 1422 3089 ἦ,
1443 3042 1508 3077 ne
1529 3044 1641 3077 eum
1660 3036 2012 3091 agnoscerent.

1257 3111 1337 3156 17.
1371 3109 1441 3155 Et
1458 3109 1529 3156 ait
1547 3111 1608 3157 ad
1625 3111 1768 3159 illos:
1788 3114 1885 3167 Qui
1903 3116 2022 3159 sunt
2038 3112 2091 3157 bi

1190 3190 1478 3237 sermones,
1508 3192 1634 3236 quos
1655 3181 1900 3227 confertis
1925 3180 1988 3225 ad
2007 3180 2089 3225 in-

1235 3270 1256 3299 ²⁸
1271 3271 1374 3311 Luc.
1399 3277 1441 3316 9,
1465 3277 1526 3313 22
1580 3269 1739 3313 imm.
1765 3279 1824 3320 16,
1849 3279 1909 3313 12.
1963 3273 1986 3301 ⁷¹·
2001 3273 2091 3312 Joh-

1187 3322 1249 3364 20,
1267 3322 1328 3357 14.
1346 3323 1408 3365 21,
1424 3322 1464 3359 4·

1615 3465 1784 3510 XXIV
1786 3494 1797 3504 -
1873 3472 1914 3511 6.
1945 3482 2094 3513 resur.-

211 3525 357 3568 rexit.
418 3528 488 3567 12.
519 3522 783 3567 linteamina
802 3526 955 3580 posita
976 3524 1145 3579 (omisa
1166 3523 1307 3581 sola).
1365 3528 1434 3569 16.
1467 3522 1586 3567 oculi
1607 3528 1753 3564 autem
1769 3534 1934 3565 eorum.
