2376 3925
280 129 380 176 22⁰

574 123 841 176 AcTUs
895 115 1548 172 APOSTOLORUM.
1603 113 1771 164 CAP.
1812 115 1898 166 19.

288 185 2180 210 ————-————-———-—'-—-————

284 229 518 288 gregavit
536 225 825 284 discipulos,
838 223 1061 282 quotidie
1084 221 1186 266 dis-

284 299 465 354 putans
490 296 545 340 in
572 293 746 340 schola
766 290 998 351 Tyranni
1016 289 1186 346 cujus-

288 364 413 408 dam.

351 431 431 475 10.
467 429 577 474 Hoc
597 429 764 472 autem
781 427 967 472 factum
995 425 1073 470 est
1097 434 1188 480 per

286 496 567 553 biennium,
596 494 667 540 ita
693 497 751 539 ut
770 505 971 550 omnes,
994 489 1078 546 qui
1096 490 1190 534 ha-

284 563 506 611 bitabant
540 563 595 608 in
621 563 769 619 Asia,
808 559 1039 604 audirent
1070 568 1188 602 ver-

283 633 399 676 bum
416 629 647 687 Domini,
678 627 857 674 sudaei
885 628 1031 680 atque
1050 623 1190 668 Gen-

285 697 419 743 tiles.

353 766 434 809 11.
484 762 807 817 Virtutesque
844 772 951 804 non
998 757 1190 814 quasli-

288 833 371 878 bet
415 831 633 877 faciebat
667 829 805 874 Deus
852 839 945 884 per
989 839 1188 871 manum

287 897 493 954 Pauli83

354 975 433 1018 12.
470 973 557 1029 ita,
580 973 633 1017 ut
652 970 803 1016 etiam
819 981 971 1026 super
989 967 1193 1025 langui-

290 1041 379 1086 dos
411 1039 728 1084 deferrentur
756 1051 787 1082 a
826 1048 1043 1094 corpore
1081 1035 1192 1090 ejus

290 1105 516 1163 sudaria,
539 1107 590 1151 et
608 1103 944 1162 semicinctia,
976 1103 1027 1148 et
1045 1115 1193 1147 rece-

291 1173 474 1219 debant
494 1175 552 1218 ab
576 1173 648 1218 eis
668 1171 971 1230 languores,
1004 1171 1056 1214 et
1086 1169 1192 1226 spi-

288 1241 415 1286 ritus
434 1254 648 1297 nequam
668 1239 1055 1297 egrediebantur
1066 1229 1109 1280 ἢ.

356 1325 438 1370 13.
459 1324 810 1370 Tentaverunt
822 1324 987 1367 autem
996 1319 1194 1377 quidam

292 1394 343 1438 et
362 1391 421 1436 de
441 1390 863 1436 circumeuntibus
873 1391 904 1433 J
909 1388 1079 1434 udaeis
1098 1399 1194 1432 ex·-

291 1457 515 1514 orcistis,
536 1457 776 1501 invocare
798 1468 949 1510 super
970 1467 1087 1511 eoa,
1110 1452 1195 1509 qui

289 1524 537 1570 habebant
556 1521 760 1580 spiritus
789 1521 977 1579 malos,
1006 1533 1195 1564 nomen

290 1591 498 1636 Domini
532 1591 559 1634 J
564 1602 671 1647 esu,
711 1588 960 1634 dieentes:
999 1586 1192 1644 Adjuro

296 1671 387 1703 vos
432 1669 525 1715 per
566 1656 765 1715 Jesum,
820 1669 967 1713 quem
1009 1653 1194 1700 Paulus

291 1725 561 1784 praedicat.

358 1812 438 1855 14.
474 1809 636 1855 Erant
671 1810 837 1853 autem
873 1806 1071 1864 quidam
1101 1803 1195 1851 Uu-

294 1877 406 1924 daei
434 1879 625 1923 Scevae
662 1874 907 1933 principis
946 1873 1197 1920 Sacerdo-

292 1947 397 1991 tum
422 1946 614 2002 septem
642 1943 757 2001 filii,
796 1943 879 2000 qui
913 1943 1009 1987 hoc
1038 1940 1196 1987 facie-

292 2013 441 2123 Βαῖξὶ..
472 2074 803 2131 Respondens
812 2074 979 2117 autem
992 2072 1197 2129 spiritus

293 2155 506 2199 nequam
526 2141 655 2187 dixit
674 2140 772 2185 eis:
794 2141 965 2185 Jesum
984 2138 1126 2197 novi,
1148 2140 1200 2184 et

292 2208 504 2255 Paulum
548 2207 683 2263 scio;
732 2219 827 2252 vos
872 2208 1063 2265 autem,
1113 2206 1200 2263 qui

296 2276 450 2323 estis?

362 2362 442 2405 16.
481 2360 547 2407 Et
572 2356 802 2404 insiliens
831 2357 885 2403 in
905 2369 993 2403 eos
1027 2356 1198 2415 homo,

297 2430 352 2475 in
389 2441 486 2485 quo
528 2429 637 2473 erat
683 2425 1000 2472 daemonium
1036 2424 1199 2482 pessi-

295 2511 444 2553 mum,
461 2497 512 2541 et
532 2494 813 2540 dominatus
830 2494 1103 2551 amborum,
1117 2492 1201 2537 in-

296 2564 454 2611 valuit
483 2564 659 2609 contra
688 2574 805 2619 eos,
832 2562 903 2606 ita
928 2562 984 2605 ut
1008 2559 1130 2605 nudi
1150 2560 1200 2604 et

298 2630 547 2678 vulnerati
597 2628 882 2687 effugerent
934 2627 994 2671 de
1048 2627 1196 2671 domo

296 2696 401 2742 ina.

362 2764 442 2807 17.
477 2765 587 2810 Hoc
616 2766 781 2809 autem
810 2762 985 2806 notum
1013 2757 1199 2813 factum

298 2831 373 2875 est
393 2830 619 2875 omnibus
639 2832 669 2875 J
672 2829 843 2879 udaeis
858 2860 871 2887 ,
892 2832 1039 2883 atque
1059 2826 1197 2871 Gen-

296 2894 483 2952 fflibus,
505 2897 589 2951 qui
606 2896 897 2943 habitabant
906 2895 1094 2952 Ephesi
1112 2908 1124 2951 3
1148 2895 1200 2938 et

300 2962 479 3009 cecidit
496 2963 646 3007 timor
674 2976 826 3021 super
856 2976 1031 3008 omnes
1060 2960 1196 3019 illos,

344 3078 369 3107 e
388 3084 421 3107 c.
442 3072 505 3113 14,
520 3074 556 3107 3.
602 3068 622 3095 ἢ
642 3082 677 3105 c.
694 3073 732 3113 5,
750 3076 808 3108 15.
824 3070 970 3107 Matth.
990 3074 1027 3111 9,
1046 3074 1105 3107 21.

1255 221 1306 265 et
1331 217 1738 276 magnificabatur
1761 229 1956 262 nomen
1985 219 2180 265 Domi-

1255 286 1310 331 ni
1325 285 1358 330 J
1361 298 1465 330 esu.

1323 354 1404 398 18.
1439 350 1686 408 Multique
1726 350 2052 398 credentium
2082 367 2179 400 ve-

1256 419 1487 477 niebant,
1534 418 1836 464 confitentes
1875 420 1930 464 et
1965 432 2178 466 annun-

1259 487 1448 533 ciantes
1469 486 1608 531 actus
1629 497 1768 530 suos.

1323 554 1404 597 19.
1439 551 1590 598 Multi
1626 553 1795 597 autem
1831 565 1902 598 ex
1940 553 2050 613 eis,
2090 557 2181 612 qui

1257 621 1460 666 fuerant
1487 613 1715 664 curiosai
1743 620 1954 680 sectati,
1991 624 2180 668 contu-

1257 687 1430 732 lerunt
1463 686 1646 743 libroS,
1696 687 1747 730 et
1784 689 2182 734 combusserunt

1260 767 1431 800 coram
1466 753 1723 809 omnibun;
1779 754 1832 798 et
1869 757 2177 812 computatis

1257 821 1436 879 pretiis·
1465 819 1696 878 illorum,
1725 819 2049 868 invenerunt
2083 837 2176 881 pe-

1261 888 1457 934 cuniam
1478 887 1801 933 denariorum
1825 888 2177 949 quinquagin-

1259 959 1311 1001 ta
1329 955 1555 1000 millium.

1326 1024 1407 1066 20.
1430 1024 1506 1067 lta
1524 1020 1730 1066 fortiter
1743 1015 2039 1067 crescebat*
2053 1037 2178 1070 ver-

1259 1093 1376 1137 bum
1393 1089 1506 1147 Dei,
1529 1090 1579 1134 et
1599 1088 1996 1134 confirmabatur.

1327 1158 1408 1202 21.
1444 1157 1536 1200 His
1547 1157 1714 1201 autem
1725 1154 1954 1214 expletis,
1965 1168 2178 1214 propo-

1262 1223 1362 1269 suit
1395 1223 1582 1268 Paulus
1621 1221 1674 1267 in
1704 1222 1910 1281 Spiritu,
1948 1224 2179 1272 transita

1261 1283 1590 1336 Macedonia‘
1621 1291 1672 1336 et
1689 1289 1874 1334 Achaia
1887 1320 1903 1348 ,
1924 1289 2003 1336 ire
2021 1293 2175 1337 Iero-

1263 1358 1579 1416 solymamm,
1642 1357 1838 1402 dicens:
1895 1356 2178 1418 Quoniam,

1261 1429 1526 1482 postquam
1545 1425 1690 1470 fuero
1719 1423 1818 1483 ibi,
1859 1428 2070 1482 oportet
2095 1441 2179 1474 me

1263 1495 1314 1538 et
1329 1493 1573 1538 Romamn
1591 1491 1780 1537 videre.

1331 1559 1411 1604 22.
1445 1559 1654 1604 Mittens
1675 1559 1840 1604 autem
1859 1557 2175 1607 inMacedo-

1263 1626 1398 1671 niam
1411 1625 1536 1671 duos
1551 1639 1616 1672 ex
1633 1625 2040 1673 ministrantibus
2057 1628 2177 1688 sibi,

1265 1693 1633 1752 Timotheum0,
1665 1695 1717 1740 et
1732 1691 2036 1754 ErastumP,
2065 1696 2178 1753 ipse

1263 1761 1506 1808 remansit
1525 1760 1586 1806 ad
1606 1761 1800 1817 tempus
1819 1761 1876 1806 in
1895 1761 2034 1806 Asia.

1333 1830 1412 1874 23.
1447 1828 1603 1874 Facta
1631 1828 1708 1873 est
1733 1827 1901 1872 autem
1932 1827 2025 1874 illo
2045 1831 2176 1874 tem-

1264 1909 1391 1954 pore
1428 1894 1649 1941 turbatio
1687 1907 1796 1939 non
1830 1895 2078 1942 minimas
2116 1897 2178 1943 de

1266 1965 1349 2009 via
1367 1962 1586 2008 Domini.

1333 2032 1412 2075 24.
1465 2028 1751 2075 Demetrius
1793 2029 1930 2075 enim
1975 2031 2180 2088 quidam

1265 2097 1488 2155 nomine,
1511 2096 1848 2156 argentarius,
1869 2097 2066 2145 faciens
2087 2112 2180 2145 ae-

1268 2164 1354 2209 des
1374 2165 1641 2221 argenteas
1651 2164 1864 2223 Dianae,
1885 2168 2182 2222 praestabat

1267 2226 1538 2278 artificibus
1573 2244 1680 2277 non
1725 2232 1982 2279 modicum
2019 2246 2182 2291 quae-

1268 2301 1423 2356 stum3

1335 2368 1416 2411 25.
1451 2378 1577 2422 quos
1615 2378 1936 2426 convocans,
1977 2369 2031 2413 et
2067 2381 2180 2426 eos,

1268 2434 1352 2489 qui
1405 2433 1693 2489 hujusmodi
1749 2436 1895 2480 erant
1949 2435 2181 2493 opifices,

1269 2500 1420 2545 dixit:
1458 2499 1593 2546 Viri!
1630 2501 1788 2558 scitis,
1829 2501 1946 2557 quia
1984 2502 2047 2548 de
2077 2503 2182 2549 hoe

1267 2567 1478 2613 artificio
1501 2570 1577 2613 est
1594 2568 1742 2613 nobis
1763 2568 2060 2625 acquisiti03

1333 2635 1413 2678 26.
1449 2636 1502 2679 et
1520 2634 1726 2692 videtis,
1758 2638 1808 2680 et
1826 2634 2011 2680 auditis
2023 2666 2038 2694 ,
2057 2638 2182 2693 quia

1267 2713 1373 2745 non
1393 2701 1557 2747 solum
1573 2702 1790 2760 Ephesi,
1822 2701 1913 2747 sed
1939 2716 2073 2760 pene
2094 2706 2180 2749 to-

1266 2768 1364 2813 tius
1391 2768 1569 2828 Asiae,
1606 2768 1792 2815 Paulus
1819 2768 1917 2815 hie
1942 2770 2178 2821 ,suadens

1267 2836 1452 2881 avertit
1479 2836 1684 2881 multam
1717 2838 1934 2896 turbam,
1976 2837 2176 2883 dicens:

1313 2926 1380 2967 ⁸‘c.
1404 2934 1450 2974 8,
1476 2936 1512 2969 9.
1574 2929 1649 2966 ’‘c-
1675 2934 1722 2975 6,
1747 2934 1784 2969 7.
1850 2929 1900 2967 ¹1
1923 2932 2015 2969 cor.
2041 2934 2110 2975 16,
2141 2936 2180 2970 5.

1264 2984 1294 3003 ”⁸
1314 2990 1346 3015 c.
1366 2980 1425 3021 16,
1444 2982 1502 3015 21.
1527 2982 1598 3018 20,
1625 2982 1686 3015 22.
1731 2985 1752 3003 Ἰ
1767 2978 1886 3015 Rom.
1907 2983 1976 3019 15,
2003 2982 2062 3015 23.
2083 2990 2178 3026 sqq-

1267 3032 1284 3049 ⁰
1304 3037 1338 3060 c.
1359 3028 1416 3066 16,
1437 3028 1470 3059 1.
1520 3032 1542 3057 P
1561 3024 1678 3062 Rom.
1696 3028 1764 3067 16,
1782 3027 1843 3061 23.
1875 3028 1900 3059 2
1920 3024 2028 3063 Tim.
2046 3029 2093 3067 4,
2113 3029 2178 3063 Q

1267 3077 1283 3103 ‘1
1303 3076 1327 3105 2
1345 3070 1436 3108 Cor.
1454 3075 1491 3113 1,
1508 3073 1547 3106 8.

416 3218 529 3273 Cap.
560 3214 697 3258 XIX.
758 3219 799 3258 9.
831 3216 1035 3260 cottidie.
1094 3223 1161 3261 11.
1195 3220 1321 3271 Deus
1349 3220 1549 3262 faciebat
1575 3231 1660 3275 per
1677 3231 1850 3263 manus.
1912 3224 1980 3261 12.
2010 3218 2086 3263 vel
2103 3233 2180 3262 se·

304 3276 517 3317 micintia.
578 3277 643 3314 14.
674 3270 845 3313 scevae
872 3272 1053 3313 Judaei.
1114 3277 1181 3317 16-
1216 3274 1342 3317 homo
1373 3277 1422 3317 in
1449 3289 1540 3317 eos.
1602 3280 1669 3319 19.
1701 3290 1763 3319 ex
1790 3274 1886 3326 hir,
1915 3275 2026 3318 ibid.
2057 3289 2182 3317 com-

306 3331 539 3378 buserunt;
576 3326 683 3371 ibid.
723 3328 1046 3379 quinquaginta
1082 3328 1268 3371 milium.

1365 3334 1434 3371 2⁰.
1484 3332 1666 3375 verbum
1702 3331 1888 3373 Domini
1929 3331 2182 3373 erescebat·

302 3389 370 3427 23.
400 3386 447 3427 in
476 3384 556 3426 illo
583 3388 809 3437 tempore;
836 3380 944 3424 ibid.
974 3384 1094 3424 deest
1119 3385 1316 3427 Domini.
1392 3390 1460 3427 24.
1501 3388 1686 3431 Deanae
1725 3387 1812 3441 (εἰσ
1839 3384 1984 3430 etiam
1999 3384 2179 3443 infra).

305 3444 375 3479 25.
408 3441 647 3492 adquisitio
670 3442 741 3479 est
760 3436 905 3479 nobis.
