2376 3925
272 191 373 240 150

850 175 1244 233 JoANNES.
1318 172 1485 224 CAP.
1527 173 1576 221 5.

342 293 388 336 1.
423 291 548 336 Post
573 289 698 334 haec
734 288 845 332 erat
880 284 986 330 dies
1024 283 1181 328 festus
1251 291 1372 323 num
1389 275 1537 333 fecit,
1559 273 1646 319 ille
1669 271 1791 317 mihi
1821 270 1976 316 dixit:
2009 270 2163 317 Tolle

274 358 612 414 Iudaeorum,
670 355 721 400 et
763 349 991 400 ascendit
1034 349 1182 395 Jesus
1254 343 1512 404 grabatum
1531 343 1688 398 tuum,
1709 341 1761 384 et
1779 335 2006 383 ambula!
2043 361 2066 381 .

275 424 653 482 lerosolymam.

346 494 392 537 2.
427 490 521 536 Est
540 482 1041 543 autemlerosolymis
1053 481 1185 526 Pro-

277 559 441 607 batica
461 557 681 615 piscina,
703 567 831 612 quae
852 549 1185 609 cognomina-

277 630 361 672 tur
377 625 625 673 Hebraice
643 619 909 668 Bethsaida
923 648 939 678 ,
966 616 1186 674 quinque

278 693 502 752 porticus
520 692 725 737 habens.

347 779 394 822 3.
447 778 508 821 ln
551 774 630 820 his
668 771 871 829 jacebat
918 764 1186 814 multitudo

279 857 464 902 magna
493 839 867 898 languentium,
898 846 1185 891 coecorum,

283 911 610 966 claudorum,
660 905 917 952 aridorum
938 932 953 963 ‚
1002 913 1190 957 exspe-

283 977 522 1025 ctantium
542 985 700 1031 aquae
718 974 925 1017 motum.

348 1065 397 1106 4.
433 1058 657 1117 Angelus
688 1057 855 1103 autem
872 1050 1082 1098 Domini
1098 1050 1188 1096 de-

284 1127 556 1175 scendebat
590 1123 865 1170 secundum
900 1123 1097 1177 tempus
1134 1117 1190 1162 in

283 1195 551 1255 piscinam3
608 1193 659 1237 et
701 1190 1000 1236 movebatur
1044 1197 1188 1242 aqua.

284 1263 351 1308 Et
360 1261 445 1320 qui
454 1260 596 1319 prior
609 1257 952 1304 descendisset
969 1255 1023 1300 in
1034 1251 1190 1311 pisci-

284 1343 399 1376 nam
417 1329 535 1387 post
550 1326 829 1373 motionem
846 1335 1025 1381 aquae,
1038 1331 1191 1366 sanus

282 1398 457 1454 fiebat,
486 1409 517 1440 a
546 1405 855 1452 quacumque
876 1388 1192 1436 detinebatur

282 1463 585 1509 infirmitate.

353 1532 401 1574 5.
436 1529 565 1575 Erat
596 1527 767 1572 autem
802 1523 1002 1581 quidam
1037 1522 1190 1567 homo

284 1596 371 1656 ibi,
383 1595 593 1653 triginta
611 1595 663 1639 et
680 1593 798 1638 octo
820 1603 983 1637 annos
1002 1589 1192 1634 habens

283 1667 337 1712 in
357 1663 645 1710 infirmitate
665 1673 772 1707 sua.

354 1734 400 1776 6.
435 1731 582 1776 Hunc
604 1742 715 1774 cum
730 1725 1093 1773 vidissetJesus
1109 1721 1193 1779 ja-

286 1802 501 1857 centem,
522 1799 573 1843 et
592 1793 936 1854 cognovisset,
958 1790 1075 1848 quia
1089 1789 1194 1847 J'am

283 1867 495 1914 multum
511 1868 707 1922 tempus
726 1862 958 1918 haberet,
981 1857 1100 1904 dicit
1119 1855 1191 1903 ei:

288 1935 379 1981 Vis
400 1947 551 1981 sanus
572 1931 715 1979 fieri?

358 2017 405 2061 ’1.
434 2012 713 2071 Respondit
724 2006 1049 2067 eilanguidus
1062 2006 1196 2051 :Do-

289 2080 448 2127 mine!
477 2080 734 2125 hominem
763 2090 871 2122 non
899 2074 1091 2129 habeo,
1119 2074 1193 2129 ut,

292 2162 404 2195 cum
428 2147 628 2191 turbata
658 2143 814 2190 fuerit
840 2154 995 2199 aqua,
1032 2138 1198 2184 mittat

288 2229 367 2261 me
388 2214 442 2259 in
460 2212 731 2269 piscinam3
753 2210 870 2255 dum
888 2208 1040 2254 venio
1062 2206 1199 2251 enim

293 2295 408 2341 ego,
431 2279 559 2325 alius
580 2279 697 2324 ante
716 2290 797 2322 me
818 2273 1092 2322 descendit.

360 2368 408 2411 8.
442 2362 580 2408 Dicit
598 2361 647 2407 ei
664 2363 696 2408 J
698 2372 839 2411 eus:
870 2360 1050 2417 Surge,
1070 2356 1196 2403 tolle

293 2433 553 2493 grabatum
570 2432 726 2489 tuum,
748 2428 799 2473 et
816 2424 1033 2473 ambula!

360 2520 406 2563 9.
442 2516 509 2561 Et
536 2514 704 2561 statim
740 2524 891 2558 sanus
928 2512 1091 2556 factus
1121 2510 1200 2554 est

292 2587 444 2632 homo
476 2582 591 2640 ille3
632 2582 682 2626 et
709 2579 911 2627 sustulit
937 2578 1199 2635 grabatum

294 2665 454 2711 suum,
476 2653 527 2697 et
545 2646 842 2695 ambulabat.
884 2644 1013 2689 Erat
1032 2645 1198 2690 autem

295 2722 551 2765 sabbatum
568 2719 621 2763 in
642 2716 721 2761 die
739 2713 852 2760 illo.

362 2803 442 2846 10.
476 2801 725 2847 Dicebant
753 2810 877 2855 ergo
904 2796 935 2841 J
940 2794 1085 2840 udaei
1104 2792 1198 2852 illi,

297 2868 383 2925 qui
437 2871 639 2912 sanatus
693 2867 883 2912 fuerat:
934 2863 1201 2909 Sabbatum

298 2931 397 2981 est!
416 2946 519 2978 non
540 2933 659 2978 licet
686 2934 776 2979 tibi
804 2931 989 2978 tollere
1018 2930 1202 2988 graba-

294 3008 401 3048 tum
416 2998 577 3045 tuum!

365 3068 445 3112 11.
480 3064 759 3122 Respondit
777 3066 877 3111 eis:
901 3065 1000 3118 Qui
1016 3078 1095 3110 me
1116 3076 1200 3111 sa-

1333 409 1870 474 12.1nterrogaverunt
1881 417 2007 462 ergo
2020 417 2136 449 eum
2151 417 2163 448 :

1267 475 1392 530 Quis
1414 478 1491 522 est
1509 475 1598 522 ille
1619 476 1792 533 homo,
1805 471 1892 530 qui
1902 471 2032 518 dixit
2043 470 2136 518 tibi
2151 483 2164 516 ε

1257 543 1405 590 Tolle
1443 542 1702 601 grabatum
1744 542 1911 599 tuum,
1961 540 2013 585 et
2055 551 2168 584 am-

1257 610 1404 658 bula?

1323 679 1405 723 13.
1441 679 1490 722 Is
1524 678 1716 734 autem,
1749 674 1835 732 qui
1861 686 2013 720 sanus
2049 675 2167 720 fue-

1255 747 1336 791 rat
1355 744 1580 802 effectus,
1592 741 1868 800 nesciebat,
1881 741 1992 798 quis
2014 746 2164 786 esset.

1255 815 1287 860 J
1289 825 1404 859 esus
1452 811 1587 856 enim
1632 807 1909 856 declinavit
1953 821 1986 854 a
2019 809 2167 854 turba

1259 879 1530 928 constituta
1548 877 1603 923 in
1620 877 1756 922 loco.

1326 947 1404 992 14.
1439 947 1624 991 Postea
1649 943 1849 989 invenit
1874 955 1990 988 eum
2015 942 2166 987 Iesus

1257 1015 1312 1060 in
1330 1012 1537 1071 templo,
1559 1014 1609 1057 et
1627 1010 1756 1056 dixit
1774 1009 1873 1055 illi:
1900 1011 2058 1068 Ecce,
2083 1021 2168 1054 sa-

1258 1095 1353 1128 nus
1372 1083 1532 1126 factus
1561 1077 1636 1124 es!
1661 1079 1770 1134 jam
1793 1076 1903 1122 noli
1927 1089 2167 1136 peccare,

1258 1163 1324 1195 ne
1337 1147 1556 1194 deterius
1574 1145 1667 1191 tibi
1681 1143 1868 1201 aliquid
1883 1143 2168 1202 contingat.

1327 1235 1406 1277 15.
1442 1229 1578 1276 Abiit
1605 1228 1692 1274 ille
1728 1228 1902 1288 homo,
1941 1229 1994 1273 et
2026 1239 2170 1272 nun-

1260 1299 1413 1346 ciavit
1432 1297 1636 1343 Iudaeis
1653 1326 1668 1355 ,
1697 1295 1816 1352 quia
1839 1295 1872 1340 J
1875 1307 1992 1342 esus
2013 1299 2170 1354 esset,

1259 1367 1346 1424 qui
1364 1365 1486 1412 fecit
1503 1378 1617 1411 eum
1636 1375 1826 1409 sanum.

1327 1435 1407 1478 16.
1440 1433 1720 1489 Propterea
1737 1431 2176 1486 persequebantur

1259 1502 1291 1547 J
1294 1500 1440 1545 udaei
1457 1501 1488 1545 J
1491 1512 1648 1556 esum,
1671 1497 1784 1554 quia
1801 1496 1928 1541 haec
1949 1496 2174 1543 faciebat

1261 1568 1315 1613 in
1335 1568 1558 1612 sabbato.

1328 1635 1409 1678 17.
1445 1634 1476 1678 J
1479 1646 1592 1680 esu
1605 1631 1770 1677 autem
1786 1629 2058 1688 respondit
2070 1630 2170 1676 eis:

1260 1702 1411 1748 Pater
1437 1713 1579 1747 meus
1606 1713 1765 1755 usque
1798 1697 1953 1744 modo
1984 1710 2170 1755 opera-

1259 1771 1361 1828 tur,
1384 1770 1435 1815 et
1453 1781 1550 1827 ego
1571 1779 1776 1824 operor.

1329 1849 1409 1892 18.
1419 1847 1698 1903 Propterea
1705 1856 1830 1901 ergo
1841 1840 2004 1901 magis
2015 1855 2171 1898 quae-

1261 1917 1442 1960 rebant
1476 1927 1590 1960 eum
1624 1910 1806 1956 sudaei
1852 1909 2171 1965 interanei-<23

1263 1982 1412 2040 quia&
1428 1994 1535 2027 non
1557 1979 1721 2026 solum
1741 1978 1974 2025 solvebat
1991 1977 2172 2024 sabba-

1262 2053 1391 2109 tum,
1422 2049 1511 2095 sed
1530 2050 1582 2095 et
1599 2049 1792 2105 patrem
1812 2058 1959 2093 suum
1978 2044 2176 2091 dicebat

1263 2116 1442 2176 Deum,
1464 2115 1725 2173 aequalem
1753 2128 1806 2159 se
1827 2113 2022 2159 faciens
2041 2112 2172 2157 Deo.

1263 2184 1542 2243 Respondit
1567 2183 1737 2240 itaque
1761 2181 1914 2227 Jesus
1927 2211 1943 2240 ,
1976 2181 2028 2226 et
2046 2178 2176 2225 dixit

1265 2265 1365 2299 eis:

1331 2321 1411 2365 19.
1445 2318 1624 2375 Amen,
1664 2328 1811 2361 amen
1848 2314 1962 2361 dico
2001 2313 2174 2359 vobis:

1264 2386 1380 2431 Non
1416 2386 1619 2443 potestv
1652 2383 1815 2430 Filius
1845 2396 1876 2428 a
1907 2394 1963 2427 se
2001 2382 2176 2427 facere

1266 2452 1558 2511 quidquam,
1579 2450 1680 2496 nisi
1708 2450 1843 2506 quod
1871 2447 2061 2494 viderit
2075 2448 2176 2493 Pa-

1265 2524 1395 2567 trem
1455 2518 1761 2576 facientem3
1829 2527 2177 2572 quaecumque

1268 2588 1402 2635 enim
1429 2585 1517 2632 ille
1547 2586 1754 2644 fecerit,
1790 2584 1918 2630 haec
1938 2584 1992 2629 et
2013 2580 2177 2627 Filius

1267 2654 1497 2701 similiter
1516 2653 1652 2699 facit.

1337 2723 1415 2765 20.
1452 2721 1601 2766 Pater
1623 2719 1757 2766 enim
1785 2716 1953 2775 diligit
1968 2716 2173 2773 Filium,

1269 2791 1320 2835 et
1358 2787 1528 2834 omnia
1565 2786 1877 2833 demonstrat
1923 2784 1998 2843 ei,
2049 2794 2175 2841 quae

1268 2857 1376 2914 ipse
1396 2855 1544 2913 facit3
1567 2857 1618 2901 et
1634 2854 1835 2911 majora
1851 2851 1932 2897 his
1963 2852 2177 2897 demon-

1269 2923 1446 2971 strabit
1465 2923 1514 2969 ei
1534 2935 1706 2980 opera,
1719 2924 1776 2967 ut
1795 2908 1886 2965 ἴοι
1904 2916 2177 2964 miremini.

1316 3039 1338 3058 ¹⁶
1357 3044 1387 3069 c.
1417 3036 1477 3075 10,
1504 3035 1674 3069 31-33.
1722 3028 1872 3065 Mauh.
1897 3031 1958 3069 26,
1987 3027 2178 3065 63-66.

1266 3086 1288 3103 ν
1309 3090 1340 3116 c.
1359 3081 1396 3121 8,
1413 3081 1474 3117 28.
1491 3087 1579 3125 sqq.

408 3228 519 3283 Cap.
548 3224 607 3268 V.
686 3229 723 3267 1.
755 3224 1097 3277 Hierosolymis.
1174 3231 1216 3269 2.
1255 3224 1583 3279 Hierosolymis
1621 3238 1771 3279 super.
1847 3227 1889 3265 4.
1931 3222 2180 3265 secundm

296 3292 474 3340 tempus
522 3282 847 3331 descendebttt3
884 3280 991 3324 ibid.
1020 3285 1068 3324 et
1102 3284 1312 3326 movebat
1339 3294 1508 3335 aquam
1539 3280 1716 3337 (gravis
1749 3278 2030 3333 varietasl);
2065 3276 2180 3318 ibid.

300 3342 375 3393 qui
396 3352 501 3391 ergo
521 3338 690 3392 primus
712 3336 1022 3379 descendisset
1049 3337 1220 3391 (omiss.
1241 3340 1290 3381 in
1308 3338 1579 3393 piscinam);
1599 3336 1704 3379 ibid.
1727 3338 1833 3391 post
1851 3338 2045 3384 motum3
2064 3331 2180 3374 ibid.

298 3408 325 3435 a
346 3406 605 3448 quocunque
635 3389 847 3442 languore
875 3392 1129 3434 tenebatur.
1196 3398 1238 3437 5.
1269 3394 1456 3443 triginta
1485 3397 1601 3434 octo.
1668 3394 1708 3433 6.

1740 3392 1845 3443 quia
1872 3386 2060 3431 multum
2082 3386 2184 3439 J'am

296 3458 476 3544 tempus
505 3448 654 3489 babet.
714 3448 757 3488 9.
788 3444 917 3487 homo
940 3446 1110 3499 (omiss.
1128 3446 1262 3503 ille„
1290 3448 1396 3491 ibid.
1418 3449 1672 3500 grabattum
1702 3445 1796 3501 (ita
1813 3443 2038 3499 πωροι-Μ
2066 3441 2181 3485 s'bs'd-

296 3504 343 3545 in
364 3503 398 3545 il

422 3519 445 3545 ο
470 3504 543 3545 die
624 3506 690 3545 10.
721 3500 951 3544 Dicebant
972 3501 1139 3555 (omiss.
1160 3502 1306 3557 ergo).
1368 3507 1434 3547 11.
1465 3504 1579 3545 fecit
1599 3514 1770 3544 sanum.
