2376 3925
284 174 383 224 ²28

565 165 834 221 AcTtJS
887 154 1538 213 APOSTOLORUM.
1596 151 1763 203 GAP.
1800 151 1885 202 23.

287 227 2176 258 -...--.-.--——-——-—---—-------—·-—

286 277 362 322 vit
381 275 436 320 in
455 271 698 320 concilio:
727 269 838 313 Viri
858 263 1063 312 fratres!
1095 275 1191 320 ego

1326 259 1407 302 15.
1442 257 1586 302 Nunc
1616 267 1739 312 ergo
1758 266 1851 300 vos
1885 256 2072 300 notum
2090 257 2171 301 fa·-

285 342 585 389 Pharisaeus
605 351 731 396 sum,
747 335 880 381 filius
889 331 1194 379 Pharisaeo-
1264 325 1359 372 cite
1376 324 1581 370 tribuno
1600 335 1713 368 cum
1724 321 2035 381 concilio,ut
2044 335 2172 380 pro-

288 423 428 466 rum3
468 409 528 454 de
569 409 700 463 sper
731 411 784 449 et
817 397 1193 448 resurrectione

289 478 603 523 mortuorum
622 482 719 529 ego
735 469 952 528 judicor.

355 545 402 588 7.
437 541 506 586 Et
524 553 638 586 cum
653 539 778 584 haec
798 535 1033 591 dixisset,
1061 531 1197 576 facta

291 613 370 657 est
383 607 636 654 dissensio
666 606 799 650 inter
825 601 1124 647 Pharisaeos
1145 599 1197 641 et

293 676 638 732 Sadducaeos,
668 674 720 719 et
737 669 904 717 soluta
929 667 1007 713 est
1021 663 1196 711 multi-

290 745 430 792 tudo.

360 814 406 856 8.
461 805 768 856 Sadducaei¹¹
821 801 955 849 enim
1007 799 1197 857 dieunt,

293 891 398 925 non
419 889 533 924 esse
549 871 1002 927 resurrectionem,
1033 879 1198 922 neque

295 945 560 1002 Angelum,
581 953 744 996 neque
772 937 1012 994 Spiritum
1030 949 1043 991 ;
1064 935 1199 978 Pha-

294 1011 450 1058 risaei
468 1009 634 1055 autem
651 1007 862 1061 utraque
879 1003 1199 1049 confitentur.

363 1097 408 1138 9.
459 1093 643 1138 Factus
690 1091 768 1136 est
807 1088 972 1133 autem
1010 1083 1201 1131 clamor

295 1172 523 1218 magnus.
589 1157 658 1203 Et
694 1157 960 1214 surgentes
1000 1151 1202 1210 quidam

294 1227 696 1282 Pharisaeorum,
710 1222 1014 1280 pugnabant,
1027 1219 1201 1264 dicen-

295 1301 402 1342 tes:
433 1293 572 1340 Nihil
588 1293 709 1338 mali
727 1289 1013 1336 invenimus
1032 1287 1086 1332 in
1106 1285 1202 1329 ho-

295 1363 432 1410 mine
451 1362 576 1417 isto;
607 1359 724 1416 quid
760 1357 804 1402 si
823 1355 1038 1413 Spiritus
1057 1353 1202 1398 locu-

297 1434 376 1476 tus
399 1431 474 1474 est
493 1427 558 1484 ei,
581 1429 666 1471 aut
683 1423 907 1481 Angelus
920 1423 942 1466 ’.ὅ

365 1497 446 1539 10.
480 1493 550 1538 Et
585 1505 697 1538 cum
731 1501 914 1546 magna
952 1483 1200 1533 dissensio

295 1564 430 1609 faeta
449 1561 610 1617 esset,
638 1557 823 1603 timens
847 1555 1104 1612 tribunus,
1133 1565 1201 1596 ne

301 1628 672 1684 discerperetur
719 1621 904 1669 Paulus
951 1622 1012 1668 ab
1057 1619 1200 1677 ipsis,

297 1695 450 1756 jussit
465 1694 651 1740 milites
677 1689 1010 1747 descendere,
1038 1689 1090 1733 et
1115 1699 1203 1731 ra-

300 1777 421 1824 pere
459 1775 572 1808 eum
609 1761 670 1806 de
703 1758 871 1805 medio
911 1769 1105 1814 eorum,
1144 1767 1204 1800 ac

301 1832 545 1879 deducere
567 1843 680 1876 eum
697 1827 751 1872 in
773 1828 950 1874 castra.

366 1901 448 1945 11.
486 1896 728 1954 Sequenti
748 1897 914 1940 autem
939 1893 1092 1938 nocte
1120 1901 1205 1935 as·-

301 1968 483 2013 sistens
505 1964 826 2021 eiDominus,
842 1962 938 2007 ait:
955 1961 1204 2005 Constans

302 2032 470 2080 esto⁰!
501 2032 633 2077 sicut
669 2031 804 2075 enim
831 2028 1120 2073 testificatus
1149 2036 1204 2068 es

301 2100 362 2144 de
381 2098 535 2142 mein
553 2094 825 2141 Ierusalem
838 2124 852 2150 ,
883 2094 956 2137 sic
974 2095 1026 2137 te
1047 2102 1205 2148 opor-

299 2167 372 2210 tet
391 2168 442 2209 et
460 2164 644 2207 Romae
664 2158 938 2205 testificari.

367 2231 448 2273 12.
483 2228 638 2273 Facta
667 2228 834 2271 autem
867 2224 948 2269 die
977 2222 1205 2280 college-

299 2298 418 2343 runt
437 2308 490 2341 se
511 2294 710 2351 quidam
730 2291 1029 2349 exsudaeIs,
1043 2292 1094 2337 et
1114 2290 1205 2335 de-

301 2364 555 2410 voverunt
601 2374 682 2420 se,
739 2360 992 2417 dicentes,
1039 2370 1205 2414 neque

301 2432 712 2487 manducaturos,
747 2441 911 2484 neque
938 2425 1203 2484 bibituros,

303 2500 464 2545 donec
485 2497 776 2545 occiderent
791 2486 1047 2541 Paulumb.

367 2569 448 2612 13.
499 2566 662 2611 Erant
707 2565 874 2610 autem
908 2560 1021 2619 plus
1059 2572 1207 2617 quam

303 2633 634 2692 quadraginta
650 2632 776 2689 viri,
809 2629 895 2687 qui
922 2629 1050 2673 hanc
1080 2639 1206 2673 con-

299 2700 608 2756 jurationem
626 2699 871 2746 fecerant.

255 2816 260 2820 .
369 2767 449 2811 14·
502 2767 603 2819 Qui
649 2762 973 2813 accesserunt
1012 2759 1206 2818 princi-

301 2846 391 2890 pes
413 2834 766 2892 sacerdotum,
797 2833 848 2878 et
867 2828 1106 2877 Seniores
1119 2856 1133 2886 ,
1155 2827 1209 2871 et

303 2900 563 2945 dixerunt:
593 2900 882 2946 Devotione
913 2895 1207 2943 devovimus

301 2980 396 3013 nos
415 2965 544 3011 nihil
561 2968 864 3025 gustaturos,
886 2965 1048 3010 donec
1069 2961 1207 3008 occi-

306 3035 477 3079 damus
495 3031 720 3077 Paulum.

348 3138 370 3164 ³·
390 3142 422 3166 c.
441 3130 513 3169 24,
541 3130 598 3163 15.
648 3132 666 3150 ³
682 3124 828 3161 Matth.
855 3129 923 3168 22,
949 3130 1006 3163 23.
1055 3132 1076 3151 Φ
1095 3138 1127 3161 c.
1147 3125 1206 3165 18,

304 3181 338 3214 9.
358 3181 416 3217 19,
435 3179 495 3211 21.
542 3172 560 3200 δ
579 3185 611 3209 c.
629 3175 690 3213 21,
708 3175 767 3209 27.
787 3182 874 3218 sqq,

1263 393 1409 438 ducat
1430 390 1571 436 illum
1590 389 1653 434 ad
1672 400 1783 445 vos,
1796 390 2053 445 tamquam
2072 389 2171 434 ali-

1262 459 1376 517 quid
1398 457 1582 504 certius
1603 455 1859 513 cognituri
1878 455 1941 500 de
1962 469 2043 502 eo.
2062 457 2171 502 Nos

1262 539 1388 572 vero
1418 525 1557 582 prius
1587 536 1734 580 quam
1760 523 2059 583 appropiet,
2078 537 2173 582 pa-

1261 594 1359 638 rati
1378 604 1546 638 sumus
1564 591 1884 636 interficerec
1902 589 2063 636 illum.

1329 662 1411 704 16.
1449 657 1596 712 Quod
1632 671 1745 702 cum
1778 657 2010 702 audisset
2042 657 2175 703 filius

1264 727 1459 773 sororis
1484 724 1629 770 Pauli
1654 723 1895 783 insidias,
1925 725 2092 782 venit,
2124 727 2179 770 et

1264 794 1475 840 intravit
1502 793 1557 837 in
1583 793 1773 849 castra,
1810 790 2176 848 nunciavitque

1264 861 1441 906 Paulo.

1333 930 1414 973 17.
1448 927 1650 972 vocans
1686 927 1851 970 autem
1884 925 2081 971 Paulus
2117 927 2178 972 ad

1267 1009 1322 1041 se
1352 1008 1504 1040 unum
1532 1006 1598 1039 ex
1629 991 2049 1051 Centurionibus,
2082 992 2179 1038 ait:

1267 1061 1655 1108 Adolescentem
1706 1058 1831 1104 hunc
1866 1058 2068 1115 perduc
2118 1060 2183 1105 ad

1268 1130 1525 1174 tribunum
1536 1141 1549 1184 3
1562 1127 1712 1173 habet
1730 1126 1857 1172 enim
1874 1124 2074 1181 aliquid
2093 1127 2183 1172 in-

1270 1195 1439 1241 dicare
1458 1194 1551 1239 illi.

1336 1264 1417 1307 18.
1450 1261 1519 1306 Et
1552 1260 1641 1307 ille
1678 1259 1877 1317 quidem
1912 1271 2181 1305 assumens

1270 1343 1411 1389 eum,
1442 1328 1587 1374 duxit
1606 1329 1668 1373 ad
1684 1327 1969 1386 tribunum,
2000 1328 2051 1372 et
2078 1327 2179 1372 ait:

1268 1397 1480 1441 Vinctus
1499 1395 1683 1441 Paulus
1710 1393 1919 1452 rogavit
1943 1407 2025 1438 me
2044 1394 2184 1440 hunc

1270 1463 1646 1509 adolescentem
1692 1460 1975 1519 perducere
2010 1461 2075 1504 ad
2112 1463 2183 1521 te,

1269 1530 1537 1575 habentem
1556 1528 1743 1585 aliquid
1762 1527 1907 1583 loqui
1925 1527 2035 1573 tibi.

1337 1599 1418 1642 10.
1453 1594 1853 1654 Apprehendens
1891 1598 2066 1640 autern
2088 1595 2185 1641 tri-

1270 1667 1432 1711 hunus
1450 1677 1653 1708 manum
1669 1661 1823 1720 illius,
1838 1663 2057 1708 secessit
2075 1677 2184 1708 cum

1272 1745 1335 1778 eo
1372 1744 1618 1790 seorsum,
1658 1732 1710 1776 et
1741 1729 2090 1788 interrogavit
2122 1731 2187 1774 ii-

1270 1799 1399 1846 lum:
1424 1797 1555 1851 Quid
1574 1802 1677 1856 est,
1710 1795 1845 1852 quod
1872 1797 2033 1843 habes
2052 1797 2185 1842 indi-

1272 1881 1389 1913 care
1409 1864 1563 1911 mihi}

1339 1936 1419 1979 20.
1456 1932 1549 1979 Ille
1576 1933 1745 1979 autem
1780 1929 1935 1978 dixit:
1977 1931 2186 1978 Iudaeis

1273 2002 1518 2048 convenit
1546 2012 1733 2058 rogare
1760 2000 1843 2057 te,
1874 2002 1936 2044 ut
1963 2000 2187 2045 crastina

1274 2068 1353 2113 die
1371 2068 1623 2125 producas
1649 2066 1863 2112 Paulum
1888 2066 1944 2111 in
1970 2068 2187 2113 coneili-

1272 2148 1372 2193 um,
1394 2136 1537 2191 quasi
1556 2133 1743 2191 aliquid
1757 2133 1949 2180 certius
1970 2134 2188 2191 inquisi-

1270 2202 1374 2247 turi
1394 2202 1499 2247 sint
1516 2202 1575 2247 de
1594 2201 1715 2259 i1103

1340 2271 1420 2315 21.
1456 2272 1511 2315 tu
1532 2282 1655 2314 vero
1673 2282 1740 2313 ne
1760 2265 2046 2315 credideris
2064 2268 2187 2328 illis,

1272 2336 1574 2383 insidiantur
1612 2336 1746 2381 enim
1784 2336 1833 2381 ei
1870 2348 1941 2382 ex
1979 2337 2057 2383 eis
2090 2337 2191 2381 viri

1272 2403 1484 2461 amplius
1514 2416 1663 2459 quam
1695 2402 2065 2463 quadraginta,
2106 2404 2189 2461 qui

1273 2484 1328 2516 se
1366 2470 1683 2515 devoverunt
1710 2482 1819 2515 non
1854 2471 2189 2528 manducare,

1271 2550 1435 2594 neque
1456 2538 1654 2597 bibere,
1687 2537 1850 2585 donec
1878 2538 2193 2585 interficiant

1274 2618 1413 2662 eum;
1436 2607 1485 2651 et
1505 2618 1639 2651 nunc
1656 2605 1820 2663 parati
1838 2608 1979 2663 sunt,
2002 2619 2189 2663 exspe-

1274 2674 1465 2718 ctantes
1484 2671 1787 2730 promissum
1806 2674 1966 2717 tuum.

1340 2741 1421 2785 22.
1476 2740 1733 2785 Tribunus
1783 2737 1942 2796 igitur
1998 2738 2188 2784 dimisit

1274 2807 1672 2865 adolescentem,
1719 2806 2072 2864 praecipiens,
2118 2818 2187 2849 ne

1275 2874 1357 2919 cui
1399 2873 1717 2931 loqueretur,
1773 2873 2017 2929 quoniam
2056 2872 2185 2916 haee

1274 2943 1397 2986 nota
1415 2940 1511 2987 sibi
1529 2940 1751 2986 fecisset.

1341 3009 1421 3053 23.
1454 3006 1523 3053 Et
1541 3006 1734 3052 vocatis
1762 3006 1960 3051 duobus
1992 3006 2189 3051 Centu-

1274 3074 1522 3133 tionibus,
1544 3073 1675 3119 dixit
1690 3073 1821 3118 illis:
1842 3075 2029 3119 Parate
2046 3074 2188 3119 mili-

1320 3177 1337 3196 ·
1356 3174 1463 3212 α25,
1482 3173 1518 3207 3.

420 3323 532 3376 cap.
563 3315 748 3361 xxm.
807 3319 848 3358 6.
880 3321 928 3359 et
959 3318 1013 3358 de
1041 3319 1385 3360 resurrectione·
1446 3322 1513 3359 13.
1544 3317 1682 3361 Deest
1697 3316 1798 3359 viri·
1861 3320 1930 3361 16.
1961 3320 2196 3361 narravit-

309 3392 406 3432 que.
465 3380 532 3419 Π.
561 3372 910 3417 adulescentem·
938 3394 975 3427 Ι,
1009 3374 1075 3412 18.
1108 3372 1444 3415 adulescentem
1474 3373 1569 3425 (ita
1593 3389 1614 3417 s

1616 3373 1803 3430 emper).
1881 3378 1953 3415 20.
1992 3372 2199 3417 Paulum

308 3434 553 3486 producas3
589 3428 696 3472 ibid.
733 3425 906 3480 aliquid
933 3430 980 3467 et
998 3427 1162 3469 certius
1185 3427 1309 3481 (sic).
1366 3431 1435 3469 21.
1468 3428 1609 3473 Deest
1624 3431 1691 3480 εἰς
1717 3428 1828 3472 ibid,
1851 3427 2049 3484 „upum
2078 3440 2199 3481 qua,

312 3487 516 3539 draginta
537 3488 684 3541 (deest
698 3483 868 3535 quam).
