2376 3925
761 157 1043 208 LUcAS.
1117 155 1286 207 CAP.
1325 159 1512 208 1o.11.

190 265 281 308 tus
300 261 543 320 surrexit,
554 263 761 307 tentans
780 259 939 318 illum,
960 262 1013 306 et
1032 260 1108 305 di·-

1982 164 2084 214 111

1177 273 1388 316 cumque
1441 265 1911 324 supererogaveris,
1966 278 2080 323 ego,

191 341 349 375 cens:
391 325 664 386 Magister!
720 327 837 384 quid
872 326 1107 374 faciendo
1176 341 1292 373 enm
1309 327 1531 386 rediere,
1551 329 1756 376 reddam
1775 331 1882 378 tibi.

190 397 354 443 vitam
373 398 635 442 aeternam
656 395 923 452 possidebo
935 395 957 440 ’.ἱ

262 465 345 508 26.
368 463 435 508 At
451 462 543 508 ille
565 462 695 507 dixit
711 461 772 508 ad
793 475 931 508 eum:
950 463 1011 507 In
1028 460 1108 508 le-

191 543 257 589 ge
288 530 410 587 quid
438 530 679 588 scriptum
708 530 816 576 esti
855 528 1106 587 quomodo

192 597 325 657 legis
344 598 367 642 3

260 665 345 710 27.
370 664 466 710 Ille
476 664 791 722 respondens
805 665 936 712 dixit
949 678 961 711 :
975 664 1107 725 „Di-

188 731 406 792 „lige-1³
456 731 725 778 Dominum
760 733 925 778 Deum
968 735 1109 779 tunm

189 813 303 860 „ex
330 801 444 845 toto
475 799 629 845 corde
657 803 775 860 tuo,
814 802 865 846 et
903 813 971 846 ex
1000 802 1109 846 tota

188 867 401 927 „anima
418 869 533 926 tua,
566 869 619 912 et
637 881 705 913 ex
726 867 957 913 omnibus
977 867 1107 914 viri-

190 937 328 994 „bus
345 934 462 992 tuis,
485 937 536 980 et
554 946 623 980 ex
643 935 782 980 omni
798 937 969 981 mente
988 937 1104 990 tua3

191 1003 292 1062 „et
322 1002 642 1059 proximum!
692 1005 835 1048 tuum
882 1002 1015 1048 sicut
1056 1005 1107 1048 te

194 1067 451 1129 ,‚ipsum.“

266 1137 343 1181 28.
379 1135 624 1192 Dixitque
668 1136 772 1182 illi:
818 1137 973 1183 Recte
1018 1149 1105 1183 re-

194 1201 471 1262 spondisti!
490 1203 585 1248 hoc
606 1205 705 1264 fac,
727 1206 779 1250 et
799 1201 1001 1250 vivesr!

262 1273 345 1316 29.
367 1269 463 1316 Ille
481 1273 647 1317 autem
656 1271 841 1318 volens
856 1270 1103 1330 justifica-

192 1352 251 1384 re
272 1352 327 1385 se
349 1337 537 1396 ipsum,
568 1338 699 1385 dixit
717 1339 780 1384 ad
799 1341 998 1386 Iesum:
1036 1337 1106 1384 Et

194 1406 307 1463 quis
327 1407 405 1452 est
423 1418 563 1451 meus
580 1407 846 1464 proximus
862 1407 883 1452 :2

262 1475 345 1519 30.
383 1472 674 1531 suscipiens
722 1477 888 1520 autem
933 1475 965 1520 1
968 1487 1101 1533 esus,

194 1541 530 1587 dixit:Homo
552 1541 751 1599 quidam
771 1541 1105 1588 descendebat

192 1612 257 1654 ab
278 1609 553 1656 Ierusalem
571 1608 625 1655 in
644 1611 674 1654 J
678 1609 850 1655 ericho
864 1641 879 1668 ,
902 1613 953 1655 et
970 1610 1101 1656 inci-

191 1677 272 1722 dit
289 1675 346 1721 in
365 1675 589 1723 latrones
603 1708 619 1736 ,
641 1677 728 1734 qui
746 1677 898 1723 etiam
918 1676 1103 1734 despo-

186 1744 456 1790 liaverunt
474 1759 609 1804 eum3
641 1747 693 1791 et
710 1745 873 1802 plagis
893 1743 1103 1802 imposi-

188 1813 281 1869 tis,
302 1810 533 1857 abierunt
550 1813 801 1858 semivivo
820 1811 1018 1857 relicto.

263 1879 347 1924 31.
381 1878 572 1925 Accidit
590 1881 775 1939 autem,
788 1881 844 1924 ut
856 1878 1105 1925 Sacerdos

194 1944 398 2005 quidam
431 1946 760 1995 descenderet
789 1945 964 1994 eadem
992 1946 1104 2005 νίας

194 2019 246 2060 et
262 2014 382 2060 viso
402 2014 511 2073 illo,
532 2016 846 2073 praeterivit.

264 2082 346 2127 32.
384 2082 626 2129 Similiter
664 2086 715 2129 ct
748 2083 953 2142 Levita,
994 2096 1106 2129 cum

195 2152 333 2195 esset
368 2162 514 2196 secus
561 2150 729 2197 locum
741 2181 756 2210 ,
810 2153 861 2197 et
906 2150 1107 2197 videret

196 2230 329 2274 eum,
348 2218 661 2275 pertransiit.

264 2284 345 2329 33.
384 2284 757 2331 Samaritanus⁸
794 2287 960 2331 autem
993 2284 1105 2341 qui-

197 2351 315 2396 dam
348 2351 445 2398 iter
497 2352 710 2411 faciens,
764 2350 909 2398 venit
960 2364 1105 2397 secus

197 2432 331 2477 eum,
344 2421 396 2465 et
412 2418 593 2465 videns
614 2432 745 2479 eum,
757 2419 1108 2466 misericordia

192 2488 362 2531 motus
383 2489 487 2544 est3

264 2554 347 2597 34.
378 2555 429 2599 et
446 2553 856 2612 appropinquans
877 2552 1110 2613 alligavit

194 2618 417 2665 vulnera
452 2622 591 2681 ejus‘,
626 2621 900 2668 infundens
940 2622 1109 2667 oleum

195 2690 252 2733 et
270 2686 473 2743 vinum3
511 2691 563 2734 et
588 2689 855 2747 imponens
885 2688 1026 2734 illum
1053 2689 1107 2734 in

188 2756 479 2812 ,iumentum
497 2769 666 2815 suum,
697 2756 844 2802 duxit
861 2756 915 2803 in
936 2759 1107 2803 stabu-

196 2823 323 2880 lum,
346 2824 397 2868 et
415 2835 585 2869 curam
604 2824 715 2881 ejus
736 2823 855 2881 egit.

264 2890 348 2935 35.
384 2889 454 2935 Et
472 2890 634 2936 altera
652 2892 731 2937 die
750 2890 963 2948 protulit
982 2890 1107 2935 duos

199 2956 465 3017 denarios,
497 2960 548 3004 et
567 2958 705 3004 dedit
723 2957 997 3005 stabulario
1012 2988 1027 3016 ,
1059 2959 1111 3002 et

196 3024 296 3070 ait:
327 3026 513 3071 curam
530 3025 669 3071 illius
688 3023 839 3071 habe!
870 3026 920 3070 et
948 3022 1109 3081 quod-

242 3142 267 3167 ι
287 3132 410 3170 Dent.
428 3138 465 3171 6.
485 3138 519 3172 5.
578 3142 595 3169 ⁴1
614 3133 747 3172 Lavit.
765 3138 825 3178 19,
843 3136 901 3172 18.
957 3140 977 3159 ⁷
992 3132 1107 3171 Rom.

194 3185 257 3223 10,
274 3182 311 3217 ⁵.
357 3186 374 3205 ⁸
391 3179 481 3217 Joh.
498 3184 540 3223 4,
557 3185 596 3218 9.

1247 395 1326 440 36.
1365 394 1490 447 Quis
1512 396 1693 443 horum
1709 398 1864 444 trium
1881 399 2085 446 videtur

1174 461 1267 508 tibi
1285 462 1550 519 proximus
1565 463 1722 510 fuisse
1740 466 1834 525 illi,
1848 466 1932 525 qui
1951 467 2082 513 inei-

1180 529 1252 574 dit
1270 529 1325 574 in
1345 529 1574 576 latrones
1585 531 1610 575 ‘b

1244 598 1326 642 37.
1360 597 1430 642 At
1444 597 1533 643 ille
1553 597 1709 643 dixit:
1731 599 1832 652 Qui
1849 601 1970 646 fecit
1985 604 2083 647 mi·-

1176 664 1506 710 sericordiam
1524 665 1580 710 in
1599 665 1758 711 illum.
1825 666 1895 712 Et
1921 669 1992 713 ait
2007 668 2085 714 illi

1174 733 1207 778 J
1209 745 1350 778 esus:
1371 732 1530 792 Vade,
1551 735 1604 778 et
1621 736 1677 778 tu
1694 733 1776 779 fac
1796 733 2048 782 similiter!

1243 800 1324 844 38.
1357 799 1568 846 Factum
1605 802 1684 846 est
1727 804 1921 859 autem,
1971 802 2084 848 dum

1174 865 1327 924 irent,
1341 869 1393 912 et
1410 867 1518 925 ipse
1537 867 1752 914 intravit
1769 868 1826 913 in
1837 869 2086 925 quoddam

1176 933 1464 992 castellum3
1513 937 1565 981 et
1605 935 1792 981 mulier
1838 936 2086 992 quaedam

1173 1001 1403 1046 Marthat
1441 1002 1667 1062 nomine,
1707 1003 1914 1060 excepit
1939 1004 2084 1050 illum

1172 1067 1230 1113 in
1249 1067 1450 1120 domum
1469 1082 1634 1116 suam:

1241 1136 1322 1180 39.
1355 1136 1426 1181 Et
1443 1137 1558 1183 huic
1577 1139 1688 1183 erat
1705 1151 1858 1184 soror
1875 1139 2082 1186 nomine

1163 1197 1363 1261 Maria,
1395 1216 1524 1260 quae
1556 1203 1707 1250 etiam
1733 1205 1916 1252 sedens
1936 1219 2082 1252 secus

1171 1270 1327 1326 pedes
1345 1270 1581 1329 Domini,
1611 1270 1846 1318 audiebat
1872 1276 2084 1320 verbum

1170 1336 1325 1382 illius.

1238 1405 1321 1450 40.
1356 1404 1560 1451 Martha
1603 1407 1774 1452 autem
1822 1409 2084 1468 satagebat

1171 1470 1308 1518 eirca
1323 1473 1565 1529 frequens
1578 1474 1914 1521 ministerium
1926 1490 1941 1533 3
1953 1490 2082 1534 quae

1170 1540 1326 1598 stetit,
1347 1542 1401 1586 et
1418 1541 1512 1586 ait:
1529 1541 1773 1589 Domine!
1795 1556 1900 1589 non
1919 1546 1998 1590 est
2013 1545 2083 1589 ti·-

1170 1607 1222 1652 bi
1233 1620 1402 1666 curae,
1419 1608 1555 1665 quod
1575 1622 1724 1654 soror
1746 1624 1858 1656 mea
1875 1611 2084 1668 reliquit

1168 1687 1250 1721 me
1288 1675 1449 1720 solam
1476 1675 1766 1722 ministrare
1780 1678 1802 1722 ἓ
1839 1677 1919 1724 dic
1955 1690 2081 1736 ergo

1170 1740 1266 1799 illi,
1285 1744 1342 1786 ut
1359 1755 1438 1788 me
1459 1742 1682 1799 adjuvet.

1238 1808 1320 1852 41.
1355 1807 1425 1853 Et
1457 1809 1802 1868 respondens,
1841 1809 1972 1855 dixit
2005 1810 2083 1858 illi

1169 1874 1444 1920 Dominus:
1465 1876 1684 1935 Martha,
1703 1875 1924 1922 Martha!
1955 1876 2082 1922 soli-

1174 1942 1273 1989 cita
1293 1955 1365 2002 es,
1388 1944 1440 1989 et
1457 1942 1676 1989 turbaris
1697 1956 1820 2003 erga
1837 1943 2080 2003 plurima3

1239 2012 1321 2057 42.
1349 2024 1508 2069 porro
1527 2024 1684 2057 unum
1703 2015 1779 2058 est
1796 2014 2082 2060 necessari-

1171 2093 1272 2126 um.
1343 2078 1510 2125 Maria
1563 2079 1838 2137 optimamu
1888 2083 2082 2139 partem

1174 2146 1348 2206 elegit,
1369 2160 1498 2204 quae
1518 2160 1624 2193 non
1645 2150 1904 2195 auferetur
1922 2151 1983 2197 ab
2005 2162 2080 2195 ea.

1470 2321 1638 2372 CAP.
1691 2322 1784 2373 xl.

1174 2420 1339 2462 Modus
1368 2420 1528 2463 orandi
1556 2426 1603 2463 et
1623 2421 1832 2463 assiduae
1853 2420 2081 2475 precatio·

1174 2477 1246 2519 nis
1266 2475 1490 2518 efficacia.
1531 2476 1668 2519 Jesus
1688 2489 1778 2517 non
1797 2488 1884 2529 ope
1894 2473 2082 2517 Beelze-

1175 2533 1264 2574 bub
1287 2530 1415 2584 ejicit
1435 2532 1687 2574 daemonia.
1745 2532 1818 2574 De
1847 2531 1975 2581 signo
2003 2529 2083 2572 Jo-

1174 2600 1276 2635 nae‚
1289 2588 1344 2629 de
1363 2588 1520 2638 regina
1531 2587 1702 2636 Austri,
1715 2587 1770 2629 de
1782 2584 2016 2633 Ninivitis,
2029 2586 2084 2627 de

1175 2641 1305 2687 oculo
1327 2641 1523 2696 simplici
1544 2647 1590 2685 et
1609 2654 1814 2697 nequam.
1861 2641 2084 2683 Mandan-

1176 2700 1294 2748 dum,
1315 2699 1433 2751 quod
1451 2699 1574 2740 intus
1594 2702 1679 2741 est.
1737 2695 1936 2738 Notatur
1960 2694 2084 2739 Pha-

1172 2756 1420 2798 risaeorum
1441 2757 1490 2795 st
1510 2753 1769 2795 Scribarum
1787 2752 1930 2795 virtus
1949 2753 2084 2796 simu-

1387 2808 1500 2857 lata,
1520 2810 1672 2864 pietas
1698 2805 1869 2849 fucata.

1244 2905 1292 2949 1.
1327 2903 1396 2949 Et
1413 2904 1601 2948 sactum
1621 2902 1722 2961 est,
1746 2916 1858 2949 cum
1877 2906 2013 2951 esset
2030 2904 2084 2950 in

1177 2970 1396 3029 quodam
1423 2968 1540 3015 loco
1563 2981 1742 3029 orans,
1772 2973 1830 3017 ut
1849 2972 2080 3025 cessavit,

1179 3037 1313 3083 dixit
1339 3048 1468 3082 unus
1499 3048 1567 3083 ex
1596 3037 1854 3097 discipulis
1882 3040 1992 3097 ejus
2023 3037 2084 3081 ad

1173 3136 1243 3219 33*
1258 3131 1349 3169 soh.
1366 3136 1428 3177 11,
1445 3137 1482 3169 1.
1521 3136 1582 3178 12,
1599 3138 1638 3171 2.
1655 3139 1692 3173 a.
1755 3142 1780 3162 ⁸
1793 3134 1941 3173 Mutua.
1966 3137 2005 3175 6,
2023 3136 2084 3169 ω.

313 3327 428 3382 Cap·
461 3324 527 3368 X·
586 3332 655 3373 25.
686 3333 869 3373 tentans
888 3343 1003 3373 eum.
1062 3332 1132 3373 27.
1160 3326 1310 3372 Locus
1336 3328 1388 3371 7.
1405 3329 1457 3371 T.
1479 3329 1678 3373 exitatus
1695 3345 1796 3373 cnm
1813 3328 1944 3385 signo
1963 3333 2083 3376 ‚‚—-“

194 3385 265 3425 ad
290 3382 565 3438 marginem.
628 3389 699 3428 30.
751 3385 978 3428 Hiericho.
1046 3390 1116 3428 32.
1147 3385 1344 3429 transiit.
1402 3389 1472 3428 3³-
1501 3387 1591 3428 iter
1626 3385 1803 3428 faciens
1841 3385 2083 3426 transient·

194 3442 269 3481 :34-
304 3440 546 3496 imponens
576 3439 705 3484 illum
728 3441 977 3494 jumentum
998 3456 1137 3485 suum·
1197 3445 1268 3485 4⁰.
1299 3440 1486 3493 adjuvet
1503 3456 1587 3485 me-

198 3495 411 3549 quodam.

1702 3440 1789 3482 xl.
1849 3444 1887 3481 1.
1917 3439 1966 3481 in
1984 3437 2084 3481 loco
