2376 3925
270 166 371 216 198

517 181 530 193 “
572 164 837 216 AGTUS
889 163 1538 217 APGSTOLORUM.
1599 168 1764 218 CAP.
1803 171 1852 218 8.

270 237 2151 262 mm

532 301 574 352 C
585 299 701 349 ΑΡ.
770 299 911 350 VIII.

272 399 437 442 Saulus
458 400 665 441 devastat
691 397 943 440 ecclesiam.
1000 397 1072 438 De
1101 394 1171 438 Si-

270 469 398 498 mone
436 455 583 508 Mago.
607 452 951 552 eliazar-ucho
987 453 1170 505 reginae

336 607 382 649 1.
416 604 573 649 Facta
598 605 675 649 est
700 606 865 649 autem
892 603 947 647 in
976 601 1063 646 illa
1089 601 1169 647 die

270 672 554 732 persecutio
598 684 779 728 magna
824 670 877 715 in
918 668 1167 726 Ecclesia,

269 753 395 798 quae
416 742 525 784 erat
542 737 893 795 lerosolymis,
924 737 975 781 et
994 749 1169 780 omnes

270 807 484 864 dispersi
520 807 637 850 sunt
670 817 761 860 per
796 803 1037 860 regiones
1074 804 1168 848 Ju-

268 875 421 920 daeae
454 875 503 918 et
523 871 777 918 Samariae
807 873 1007 926 praeter
1028 871 1166 926 Apo-

267 941 444 986 stolos.

333 1010 379 1053 2.
418 1008 733 1050 curaverunt
760 1006 926 1048 autem
953 1004 1166 1060 Stepha-

264 1088 385 1120 num
418 1073 516 1117 viri
553 1071 801 1128 timorati,
850 1073 901 1116 et
935 1073 1169 1117 fecerunt

264 1141 516 1198 planctum
535 1151 767 1196 magnum
788 1150 938 1195 super
960 1152 1087 1184 eum.

332 1225 379 1269 3.
426 1223 604 1269 Saulus
658 1225 823 1268 autem
878 1222 1166 1268 devastabat

261 1291 573 1337 Ecclesiam⁰
611 1303 701 1347 per
736 1289 913 1336 domos
950 1291 1163 1348 intrans,

263 1360 313 1404 et
330 1359 536 1404 trahens
558 1357 695 1402 viros
717 1370 775 1404 ac
793 1357 1049 1416 mulieres,
1060 1359 1164 1402 tra-

264 1426 409 1472 debat
428 1425 480 1469 in
503 1424 795 1469 custodiam.

327 1494 374 1536 4.
409 1492 585 1548 Igitur,
625 1491 709 1546 qui
749 1490 963 1546 dispersi
1000 1491 1161 1547 erant,

260 1558 631 1615 pertransibant
650 1586 664 1614 ,
753 1556 1161 1614 evangelizantes

262 1627 467 1670 verbum
484 1623 580 1668 Dei
590 1628 637 1668 P.

328 1695 373 1737 5.
419 1691 709 1748 ΡΙιίΙίρΡιιεΊ
746 1693 911 1736 autem
948 1689 1159 1736 descen-

260 1759 382 1806 dens
395 1760 444 1805 in
460 1759 711 1805 civitatem
725 1757 997 1817 Samariae,
1011 1771 1160 1816 prae-

261 1827 455 1874 dicabat
470 1827 573 1872 illis
596 1825 860 1871 Christum.

326 1897 373 1939 6.
408 1894 739 1940 Intendebant
784 1895 949 1938 autem
984 1895 1159 1938 turbae

258 1962 363 2020 bis,
393 1975 519 2018 quae
540 1976 569 2006 a
587 1961 819 2019 Philippo
849 1960 1158 2018 dicebantur,

260 2030 562 2075 unanimiter
582 2028 871 2084 audientes,
902 2028 953 2072 et
981 2026 1159 2071 viden-

259 2097 334 2139 tes
355 2095 515 2150 signa,
539 2107 665 2147 quae
685 2092 914 2137 faciebat.

327 2161 371 2202 Ἰ.
406 2158 555 2203 Multi
576 2158 709 2203 enim
729 2171 901 2203 eorum
916 2188 929 2215 ,
960 2158 1044 2213 qui
1064 2158 1156 2202 ha-

257 2227 437 2271 bebant
476 2224 680 2281 spiritus
709 2223 1014 2282 immundos,
1051 2224 1156 2269 cla-

254 2293 445 2337 mantes
465 2304 592 2336 voce
610 2304 793 2349 magna
814 2292 1078 2350 exibantr3

322 2379 367 2421 8.
414 2375 557 2421 multi
600 2376 764 2420 autem
803 2374 1068 2434 paralytici
1106 2378 1157 2421 et

256 2444 415 2490 claudi
440 2443 599 2489 curati
618 2446 775 2488 sunt³.

321 2515 366 2556 9.
400 2512 607 2557 Factum
645 2514 723 2557 est
758 2524 882 2567 ergo
921 2510 1154 2569 gaudium

252 2592 483 2637 magnum
504 2579 557 2623 in
578 2578 664 2623 illa
684 2578 903 2624 civitate.
951 2579 1040 2624 Vir
1061 2592 1153 2624 au-

253 2648 353 2689 tem
374 2647 572 2702 quidam
601 2645 807 2691 nomine
838 2645 1038 2703 Simon,
1068 2646 1153 2702 qui

252 2714 367 2755 ante
386 2715 553 2759 fuerat
570 2714 624 2760 in
644 2713 844 2759 civitate
862 2725 1055 2769 magus,
1070 2726 1151 2758 se-

254 2778 440 2823 ducens
462 2784 662 2837 gentem
673 2779 946 2837 Samariae,
960 2780 1149 2838 dicens,

252 2857 306 2889 se
328 2857 438 2889 esse
458 2846 672 2902 aliquem
691 2861 939 2905 magnum.
952 2845 969 2875 ι

318 2912 398 2956 10.
420 2912 529 2956 -Cui
556 2916 902 2961 auscultabant
928 2928 1102 2960 omnes
1123 2926 1153 2958 a

250 2978 455 3024 minimo
485 2991 641 3034 usque
672 2982 731 3025 ad
752 2982 1019 3027 maximum
1036 3012 1050 3040 ,
1074 2981 1150 3027 di-

300 3082 316 3100 ο
337 3088 370 3109 c.
390 3078 435 3116 9,
453 3077 487 3109 1.
510 3076 579 3114 22,
597 3075 635 3109 4.
683 3082 705 3106 ι’
727 3087 760 3111 c.
779 3081 839 3116 11,
862 3082 919 3114 19.
969 3084 985 3112 ει
1007 3080 1096 3117 me,
1114 3080 1150 3114 5.

249 3128 267 3147 r
288 3132 319 3157 c.
339 3124 383 3162 5,
404 3123 461 3156 16.
524 3125 539 3143 ³
560 3130 593 3153 e.
611 3123 659 3161 3,
678 3124 800 3164 7.14,
818 3125 856 3159 8.
920 3125 939 3148 t
958 3136 991 3158 ο.
1018 3128 1083 3165 13,
1111 3127 1149 3161 a.

250 3171 310 3208 19,
331 3171 388 3203 19.

1245 271 1440 314 centes:
1479 269 1573 315 Hic
1593 273 1672 316 est
1691 271 1848 316 virtus
1871 273 1988 333 Dei,
2021 289 2148 331 quae

1243 339 1451 381 vocatur
1467 335 1674 393 magna!

1310 405 1389 447 11.
1425 403 1766 450 Attendebant
1799 407 1968 452 autem
2003 421 2146 466 eum3

1241 471 1446 526 propter
1467 471 1600 526 quod
1617 471 1776 516 multo
1790 474 2020 530 tempore
2036 489 2144 522 ma-

1241 535 1336 594 giis
1357 537 1460 582 suis
1481 537 1820 584 dementasset
1837 553 1944 585 eos.

1307 605 1385 648 12.
1407 605 1531 650 Cum
1543 617 1668 650 vero
1682 606 2016 653 credidissent
2025 609 2143 654 Phi-

1239 670 1376 726 lippo
1389 670 1763 729 evangelizanti
1779 673 1840 718 de
1853 687 2016 731 regno
2032 676 2141 734 Dei,

1239 738 1294 782 in
1311 737 1518 784 nomine
1547 739 1672 784 Jesu
1701 741 1891 787 Christi
1915 743 2140 800 baptiza-

1239 807 1418 851 bantur
1441 806 1538 850 viri
1556 819 1614 852 ac
1632 806 1900 865 mulieres,

1305 873 1384 916 13.
1422 874 1541 942 tunc
1562 872 1738 919 Simon
1767 878 1818 919 et
1843 875 1956 933 ipse
1977 877 2140 922 credi-

1238 939 1336 996 dit3
1358 941 1408 984 et
1427 953 1537 985 cum
1557 941 1836 997 baptizatus
1857 945 2020 999 esset,
2053 945 2142 988 ad-

1237 1006 1476 1052 haerebat
1494 1007 1743 1064 Philippo.
1778 1009 1966 1054 Videns
1987 1011 2142 1056 etiam

1236 1074 1383 1130 signa
1409 1076 1459 1120 et
1487 1073 1698 1120 virtutes
1728 1076 1966 1122 maximas
2007 1079 2140 1137 fieri,

1236 1143 1441 1199 stupens
1462 1142 1812 1187 admirabatur.

1303 1208 1382 1252 14.
1421 1209 1541 1252 Cum
1553 1211 1718 1254 autem
1731 1208 1983 1254 audissent
1991 1211 2136 1267 Apo-

1235 1273 1370 1332 stoli,
1383 1275 1468 1330 qui
1487 1277 1632 1320 erant
1648 1276 1990 1334 [erosolymis,
2003 1279 2138 1333 quod

1232 1341 1512 1398 recepisset
1540 1343 1766 1389 Samaria
1793 1347 2003 1389 verbum
2019 1345 2134 1402 Dei,

1232 1409 1480 1454 miserunt
1497 1408 1560 1454 ad
1579 1422 1668 1456 eos
1685 1411 1887 1456 Petrum
1907 1416 1961 1456 et
1977 1412 2006 1456 J
2010 1425 2137 1456 oan-

1231 1488 1364 1520 nem.

1299 1545 1378 1587 15.
1417 1541 1518 1594 Qui
1553 1557 1667 1589 cum
1699 1544 1987 1603 venissent,
2019 1560 2136 1592 ora-

1231 1615 1416 1654 verunt
1447 1623 1540 1666 pro
1579 1610 1718 1668 ipsis,
1756 1615 1813 1656 ut
1849 1613 2139 1670 acciperent

1232 1676 1472 1734 Spiritum
1492 1679 1744 1733 sanctum3

1297 1745 1378 1789 16.
1434 1744 1656 1789 nondum
1698 1744 1832 1790 enim
1868 1746 1926 1790 in
1963 1760 2137 1804 quem-

1230 1825 1377 1869 quam
1396 1810 1602 1856 illorum
1621 1815 1848 1871 venerat,
1863 1812 1954 1858 sed
1974 1815 2138 1872 bapti-

1231 1879 1330 1925 zati
1347 1879 1539 1923 tantum
1558 1881 1703 1924 erant
1727 1878 1781 1924 in
1800 1881 2009 1927 nomine
2028 1882 2138 1927 Do-

1227 1946 1351 1991 mini
1369 1946 1400 1990 J
1403 1959 1506 1991 esu.

1295 2013 1375 2057 17.
1414 2014 1557 2058 Tunc
1593 2012 1922 2069 imponebant
1955 2027 2134 2061 manus

1229 2091 1379 2136 super
1399 2079 1516 2124 illos
1529 2110 1543 2138 ,
1567 2082 1617 2125 et
1635 2080 1952 2136 accipiebant
1971 2083 2136 2140 Spiri-

1228 2148 1332 2190 tum
1352 2148 1576 2191 sanctum
1589 2152 1630 2191 ¹⁶.

1293 2215 1373 2257 18.
1397 2214 1518 2257 Cum
1531 2213 1741 2259 vidisset
1759 2216 1924 2259 autem
1939 2216 2134 2273 Simon,

1225 2279 1342 2335 quia
1395 2293 1485 2337 per
1536 2280 1914 2337 impositionem
1957 2296 2134 2328 manus

1225 2347 1585 2403 Apostolorum
1649 2348 1853 2393 daretur
1917 2350 2136 2407 Spiritus

1225 2416 1444 2472 sanctus,
1467 2414 1647 2460 obtulit
1667 2416 1739 2459 eis
1763 2417 2050 2475 pecuniam,

1290 2483 1371 2527 19.
1408 2481 1604 2527 dicens:
1632 2483 1762 2528 Date
1784 2486 1834 2527 et
1860 2484 1986 2529 mihi
2005 2484 2136 2530 hanc

1221 2550 1549 2607 potestatem,
1571 2553 1629 2594 ut
1647 2550 1944 2606 cuicumque
1968 2552 2134 2608 impo-

1223 2628 1373 2661 suero
1403 2629 1596 2674 manus,
1636 2617 1850 2673 accipiat
1889 2618 2136 2675 Spiritum

1223 2684 1464 2727 sanctum.
1533 2685 1713 2729 Petrus
1734 2686 1900 2729 autem
1922 2686 2054 2731 dixit
2073 2686 2135 2731 ad

1223 2761 1358 2795 eum:

1289 2818 1368 2862 20.
1405 2816 1627 2861 Pecunia
1663 2820 1748 2862 tua
1784 2822 1953 2863 tecum
1985 2820 2053 2865 sit
2083 2820 2134 2864 in

1221 2883 1582 2940 perditionem;
1644 2884 1880 2941 quoniam
1945 2886 2135 2931 donum

1219 2950 1318 2995 Dei
1354 2951 1653 2997 existimasti
1700 2952 1916 3009 pecunia
1963 2952 2134 3010 possi-

1221 3016 1329 3062 deri
1341 3024 1379 3062 ν.

1288 3086 1368 3129 21.
1404 3086 1521 3130 Νοιι
1559 3088 1636 3131 est
1659 3085 1749 3132 tibi
1787 3099 1905 3143 pars
1964 3101 2137 3144 neque

1265 3179 1286 3197 ⁸
1307 3184 1339 3209 c.
1362 3177 1420 3215 19,
1439 3175 1474 3209 6.
1523 3180 1543 3198 ²³
1559 3174 1703 3211 Matth.
1724 3179 1784 3216 10,
1804 3177 1837 3211 8.

364 3313 477 3365 Cap.
505 3311 635 3353 vm.
712 3316 752 3352 2.
796 3326 932 3365 super
970 3314 1108 3357 illum.
1183 3322 1224 3360 3.
1267 3318 1430 3361 Saulus
1467 3334 1588 3363 vero.
1666 3328 1706 3364 4.
1741 3326 2132 3377 per-transiebant.

250 3369 291 3405 ‘t-
331 3368 562 3409 exiebant.
640 3369 681 3407 9.
729 3378 935 3416 magnum
974 3372 1208 3421 gaudinum
1246 3373 1352 3415 ibid.
1393 3389 1491 3418 esse
1531 3391 1591 3418 se.

252 3424 317 3461 12.
350 3421 461 3463 Cum
498 3436 627 3473 οπεος
666 3419 771 3463 ibid.
812 3422 899 3463 Dei
932 3427 979 3466 et
1014 3428 1205 3469 nomine.

251 3477 316 3514 16.
348 3477 535 3518 necdum
554 3478 684 3517 enim.

1675 3383 1738 3419 11.
1788 3381 1976 3431 magicis
2015 3380 2132 3420 suis·

1283 3432 1348 3470 14.
1382 3432 1486 3482 quia
1523 3433 1718 3488 recepit;
1757 3434 1865 3476 ibid.
1905 3436 1962 3475 ad
1999 3433 2130 3476 illos.
