2376 3925
306 201 404 245 XX
731 193 1282 242 coMMENTA'Ho
1337 195 1747 241 IsAGooch.

311 331 438 386 cula
479 343 807 401 suppressus
855 333 944 380 est
995 325 1134 380 ordo
1159 323 1565 380 monachorum
1592 323 2061 404 cisterciensium
2100 324 2167 378 in

309 409 584 481 Etruria,
611 409 709 482 qui
736 425 853 463 non
878 425 990 464 uno
1019 407 1182 462 modo
1211 425 1247 462 a
1272 407 1635 481 simplicitate
1662 415 1718 461 et
1737 406 2040 461 severitate
2063 422 2167 460 an-

307 493 574 567 tiquioris
604 489 934 564 disciplinae
960 490 1423 564 degeneraverat.
1512 487 1753 544 Chartae
1792 490 1975 564 igitur
1998 487 2167 542 tabu-

309 575 443 630 larii
469 573 737 630 ditissimi
763 582 820 628 et
843 573 1011 646 pauci
1027 569 1407 627 bibliothecae
1431 571 1653 626 codices
1672 572 2001 644 superstites
2018 572 2169 624 male

310 655 502 713 affecti
538 665 596 711 et
631 655 976 725 detruncati,
1015 650 1337 710 Florentias
1372 656 1436 708 in
1460 651 1799 709 Archivium
1837 650 2171 729 diplomati-

312 758 440 796 cum
467 747 524 794 et
549 741 612 794 in
639 734 1038 792 bibliothecam
1063 734 1529 792 Laurentianam
1569 736 1798 809 perutili
1826 735 2171 811 migratione

310 830 591 879 venerunt
605 859 623 890 ,
667 817 763 873 ubi
786 835 938 872 nunc
967 818 1312 873 liberalitate
1337 826 1396 872 et
1416 816 1770 872 humanitate
1805 835 2030 886 eorum,
2074 817 2173 890 qui

311 907 552 962 salutem
579 901 829 957 civitatis
857 908 1087 970 curant,
1121 901 1251 954 usui
1276 899 1501 973 publico
1524 909 1735 973 patent.
1818 897 2057 954 Factum
2086 907 2173 952 est

308 993 472 1062 jussu
495 983 666 1040 Petri
690 980 994 1059 Leopoldi,
1033 982 1253 1037 decoris
1280 980 1577 1051 Etruriae,
1622 991 1677 1036 et
1711 991 1904 1054 postea
1934 979 2173 1035 Germa-

313 1072 466 1139 niae,
495 1071 655 1140 quus
681 1064 850 1121 rebus
873 1073 1132 1137 praeerat
1157 1066 1387 1120 nomine
1412 1063 1690 1142 Leopoldi
1714 1062 1783 1118 11.
1814 1062 2086 1120 Caesaris.

346 1426 458 1490 111.
516 1425 803 1490 Interior
827 1428 1068 1490 indoles
1099 1427 1345 1490 Codicis
1371 1438 1439 1491 et
1464 1432 1769 1490 versionis
1801 1425 2133 1508 Vulgatae.

439 1563 504 1620 In
530 1563 678 1620 hanc
707 1564 1144 1637 disputationem
1170 1565 1449 1639 delapsus,
1479 1565 1546 1620 de
1574 1582 1641 1619 ea
1665 1573 1825 1638 parte
1850 1564 2003 1633 libri,
2033 1581 2179 1636 quae

318 1649 384 1704 V.
416 1644 485 1703 T.
515 1648 791 1716 continet,
816 1649 971 1703 nulla
994 1648 1169 1703 verba
1193 1648 1454 1703 facienda
1478 1645 1620 1702 mihi
1648 1648 1946 1716 existimo,
1974 1646 2024 1699 si
2050 1646 2178 1718 qui-

319 1732 443 1787 dem
469 1731 572 1785 alii
597 1737 726 1804 post
751 1746 840 1783 me
868 1729 1074 1786 editori
1100 1729 1244 1786 haec
1268 1730 1639 1807 relinquenda
1668 1739 1816 1786 sunt.
1878 1727 2038 1783 Nihil
2060 1729 2180 1802 igi-

317 1825 413 1870 tur
455 1813 523 1868 de
560 1814 906 1869 ornamentis
921 1853 940 1884 ,
979 1812 1126 1868 nihil
1163 1814 1232 1869 de
1272 1814 1717 1889 praefationibus
1743 1812 1952 1885 adjicio
1970 1849 1988 1880 ,
2035 1828 2182 1885 quae

319 1905 450 1954 sunt
477 1914 551 1950 ex
575 1895 684 1950 hoc
713 1913 936 1972 genere.
1021 1895 1165 1952 Mihi
1194 1897 1261 1952 de
1288 1896 1358 1952 N.
1387 1895 1457 1952 T.
1484 1895 1784 1952 dicendum
1811 1903 1913 1949 est.

441 1978 740 2035 Praecedit
773 1977 1183 2054 Prolegomena
1218 1979 1288 2034 N.
1317 1978 1387 2034 T.
1423 1981 1677 2053 pictura,
1721 1987 1899 2034 totam
1940 1975 2182 2050 implens

319 2064 613 2137 paginam,
653 2062 806 2114 circa
832 2078 999 2133 quam
1028 2080 1101 2115 ex
1125 2062 1284 2116 omni
1307 2070 1468 2135 parte
1492 2061 1732 2117 fasciola
1759 2076 1959 2117 crocea
1982 2077 2184 2115 recur-

319 2146 419 2213 rit,
443 2143 729 2217 argenteis
754 2142 944 2214 parvis
975 2159 1275 2216 conspersa
1300 2146 1560 2218 speculis.
1630 2141 1695 2199 In
1721 2143 1907 2199 medio
1936 2143 2184 2198 circum-

289 2283 294 2289 ,
323 2226 591 2281 scribitur
617 2223 834 2293 discus,
869 2226 1047 2281 variis
1078 2226 1361 2281 coloribus
1390 2236 1449 2281 et
1475 2228 1763 2303 argenteis
1790 2226 2029 2281 lamellis
2054 2226 2183 2297 plu-

320 2310 526 2364 rimum
567 2315 891 2362 exornatus.
975 2306 1043 2363 In
1079 2317 1273 2364 centro
1312 2309 1455 2366 disci
1479 2312 1542 2365 in
1567 2309 1741 2365 fundo
1768 2309 2025 2363 caerulco
2053 2325 2184 2362 cae-

326 2393 498 2445 lestes
543 2388 806 2462 sphaeras
841 2390 1021 2446 stellis
1060 2409 1388 2465 conspersas
1418 2410 1612 2448 creare
1637 2392 1863 2449 videtur
1891 2388 2180 2459 Salvator,

327 2491 455 2530 cum
488 2475 784 2545 majestate
829 2473 1029 2529 sedens
1061 2475 1125 2529 in
1160 2473 1459 2547 cathedra,
1494 2494 1595 2531 seu
1622 2476 1763 2530 solio
1794 2492 1921 2528 cum
1946 2472 2181 2546 pulvino

326 2565 696 2632 posterganeo
741 2557 1109 2633 triangularis
1148 2556 1385 2633 figurae.
1461 2556 1702 2613 ›Comam
1735 2556 1997 2612 bifariam
2034 2553 2185 2610 divi-

328 2657 447 2694 sam
473 2640 536 2694 in
559 2638 780 2708 fronte,
809 2649 866 2693 et
889 2649 1018 2713 post
1046 2638 1311 2697 humeros
1342 2658 1671 2697 conversam
1687 2678 1706 2711 ,
1748 2640 2025 2714 simulque
2051 2636 2185 2692 bar-

325 2722 456 2777 bam
481 2724 542 2775 in
568 2724 837 2798 angulum
866 2732 1094 2778 acutum
1121 2722 1472 2779 desinentem
1495 2722 1695 2793 habet3
1746 2730 1913 2795 caput
1936 2719 2183 2776 rotundo

327 2821 608 2878 aureoque
633 2805 958 2862 redimitum
985 2814 1072 2860 est
1099 2805 1413 2862 diademate
1430 2846 1449 2876 ,
1491 2814 1761 2881 argentea
1788 2822 1952 2861 cruce
1978 2803 2182 2858 distin-

329 2896 452 2956 cto,
491 2889 651 2960 cujus
682 2895 871 2943 tamen
907 2906 1058 2944 nunc
1091 2906 1272 2962 pauca
1316 2898 1617 2963 supersunt
1652 2888 1913 2963 vestigia.
1996 2884 2182 2941 Nudis

327 2968 558 3042 pedibus
593 2970 1004 3042 suppedaneum
1037 2974 1244 3044 premit
1259 3012 1278 3040 ,
1319 2972 1601 3047 rubraque
1639 2971 1807 3025 talari
1830 2970 2027 3024 tunica
2056 2986 2184 3023 cor-

327 3051 452 3125 pori
477 3050 747 3105 adstricta
772 3054 1191 3128 praecingitur,
1236 3072 1361 3109 cum
1386 3056 1557 3128 pallio
1581 3054 1825 3109 violacei
1852 3052 2059 3107 coloris
2088 3069 2183 3106 su-

327 3134 688 3207 perimposito
706 3172 724 3202 ,
770 3133 919 3207 quod
959 3152 992 3189 a
1034 3137 1195 3194 laevo
1231 3134 1466 3193 humero
1501 3135 1769 3209 pendens,
1801 3135 1954 3190 circa
1982 3152 2185 3208 corpus

329 3217 595 3271 volvitur.
679 3212 847 3271 Elata
872 3216 1105 3273 dextera
1141 3219 1370 3275 videtur
1393 3217 1727 3275 benedicere
1753 3218 1910 3287 orbi,
1952 3218 2191 3271 sinistra

336 3305 524 3354 autem
549 3313 715 3353 manu
733 3338 751 3367 ,
805 3300 1000 3353 eodem
1037 3311 1302 3373 cooperta
1336 3303 1548 3357 amictu
1568 3340 1587 3371 ,
1634 3301 1884 3355 clausum
1919 3301 2191 3355 volumen

336 3398 472 3435 auro
498 3380 836 3454 insignitum
875 3384 1137 3439 sustinet.
1253 3382 1383 3439 Duo
1422 3384 1559 3438 alati
1599 3384 1817 3457 angeli,
1856 3381 2068 3455 duplici
2102 3389 2190 3436 ta-

335 3462 442 3515 lari
476 3472 634 3517 veste
667 3462 882 3529 induti,
923 3464 1102 3519 altera
1136 3464 1499 3535 subobscuri,
1544 3466 1724 3521 altera
1762 3462 1933 3519 albidi
1960 3463 2193 3533 coloriS,
