2376 3925
671 157 1216 210 MATTHAEUS.
1289 160 1456 211 CAP.
1493 163 1682 211 2228.

2051 161 2116 210 51

224 269 311 310 tes
332 266 383 306 et
402 261 667 309 audientes
697 259 951 307 dicebant:
975 259 1139 306 Eliam
1211 262 1336 320 seph
1373 263 1596 308 involvit
1639 263 1764 310 illud
1810 264 1866 308 in
1902 264 2118 308 sindone

236 330 387 374 vocat
403 326 527 373 iste!

302 397 384 439 48.
418 395 489 439 Et
509 394 753 441 continuo
781 407 993 442 currens
1009 409 1143 442 unus

232 475 303 510 ex
324 463 399 508 eis
420 465 677 520 acceptam
688 463 950 520 spongiam
960 461 1142 521 imple-

228 531 311 576 vit
337 532 487 576 aceto
502 560 517 588 ,
550 531 602 575 et
625 529 863 587 imposuit
886 530 1141 589 arundini,

228 601 286 644 et
307 597 458 643 dabat
478 597 528 642 ei
544 596 729 643 bibere.

299 666 383 710 49.
423 664 593 710 Ceteri
619 676 748 710 vero
779 663 1034 710 dicebant:
1058 664 1141 711 Si·-

226 731 321 778 ne!
360 730 621 777 videamus
634 762 649 790 ,
690 745 757 777 au
792 731 967 777 veniat
998 731 1141 778 Elias

224 799 455 846 liberans
476 797 613 844 eum!

302 868 381 911 50.
416 866 448 911 J
451 879 567 912 esus
598 866 765 912 autem
806 866 991 912 iterum
1034 867 1142 913 cla-

230 946 377 978 mans
396 945 525 979 voce
552 945 764 994 magna,
792 933 961 981 emisit
987 935 1141 992 spiri-

232 1003 355 1046 tum.

305 1070 381 1113 51.
415 1067 486 1113 Et
538 1081 659 1115 ecce
705 1068 914 1116 velum-³
966 1068 1144 1126 templi

233 1135 446 1182 scissum
464 1137 543 1182 est
560 1136 747 1182 induas
765 1139 936 1194 partes
956 1149 986 1182 a
1005 1149 1142 1182 sum-

230 1216 317 1249 mo
334 1216 497 1260 usque
515 1202 769 1262 deorsum,
781 1206 833 1250 et
849 1205 987 1250 terra
1004 1208 1143 1250 mota

232 1273 330 1331 est,
351 1272 406 1316 et
423 1273 597 1329 petrae
618 1271 805 1317 scissae
826 1273 972 1328 sunt;

301 1339 384 1383 52.
422 1340 473 1383 et
481 1340 806 1384 monumenta
820 1340 996 1396 aperta
1006 1339 1141 1397 sunt,

231 1407 287 1452 et
303 1404 463 1451 multa
482 1418 701 1464 corpora
719 1407 1037 1464 Sanctorum,
1058 1405 1144 1463 qui

232 1472 565 1532 dormierant,
586 1476 940 1519 surrexerunt.

304 1541 385 1586 53.
418 1539 487 1586 Et
504 1542 752 1586 exeuntes
764 1539 823 1586 de
840 1553 1141 1588 monumen-

230 1607 303 1654 tis
323 1610 439 1665 post
455 1607 886 1654 resurrectionem
908 1607 1019 1665 ejus
1047 1622 1141 1655 ve-

232 1676 427 1720 nerunt
452 1675 504 1720 in
536 1676 760 1721 sanctam
780 1674 1062 1734 civitatem,
1093 1677 1145 1722 et

235 1746 580 1800 apparuerunt
595 1741 782 1788 multis.

310 1811 392 1854 54.
429 1809 662 1856 Centurio
683 1811 867 1870 autem,
877 1808 1023 1867 etqui
1034 1822 1146 1856 cum

234 1889 306 1924 eo
328 1878 488 1936 erant,
502 1877 840 1924 custodientes
857 1879 890 1923 J
892 1891 1048 1937 esum,
1060 1876 1143 1923 vi-

232 1959 297 1992 so
321 1947 487 1992 terrae
502 1947 669 2006 motu,
697 1947 750 1993 et
768 1945 873 2006 his,
905 1958 1032 2003 qnae
1051 1946 1143 1992 fie-

230 2016 374 2073 bant,
394 2014 670 2061 timuerunt
686 2014 835 2060 valde
848 2045 863 2073 ,
888 2013 1142 2061 dicentes:

231 2083 369 2128 Vere
388 2081 548 2127 Filius
566 2081 664 2127 Dei
684 2083 794 2128 erat
810 2080 932 2128 iste!

304 2151 385 2195 55.
420 2148 585 2194 Erant
612 2151 779 2195 autem
805 2148 875 2195 ibi
900 2148 1142 2195 mulieres

232 2215 422 2262 multae
450 2230 481 2261 a
510 2215 691 2275 longe,
730 2229 858 2273 quae
897 2219 1144 2263 secutaer

234 2286 385 2330 erant
419 2285 451 2329 J
453 2298 595 2330 esum
630 2297 662 2329 a
700 2282 953 2341 Galilaea,
989 2284 1143 2330 mini-

236 2355 457 2398 strantes
478 2350 555 2409 ei;

306 2421 385 2465 56.
421 2418 555 2465 inter
568 2430 689 2475 quas
703 2420 811 2465 erat
821 2418 984 2465 Maria
995 2420 1143 2478 Mag--

235 2485 445 2544 dalene,
476 2488 528 2532 et
554 2486 744 2545 Maria,
764 2487 944 2532 Jacobi
972 2487 1025 2532 et
1048 2487 1143 2532 Jo-

233 2554 364 2611 seph
374 2557 551 2614 mater,
565 2555 617 2600 et
634 2557 793 2600 mater
812 2554 1031 2600 filiorum
1042 2554 1142 2600 Ze-

232 2620 429 2669 bedaei.

307 2690 387 2734 57.
426 2690 549 2735 Cum
584 2691 751 2736 autem
794 2702 915 2737 sero
958 2690 1145 2735 factum

236 2758 401 2813 esset,
429 2757 574 2803 venit
600 2757 797 2815 quidam
824 2756 976 2802 homo
1001 2756 1144 2802 dives

234 2826 303 2869 ab
328 2824 673 2882 Arimathaea,
703 2824 908 2870 nomine
934 2823 1144 2883 Ioseph,

233 2890 327 2949 qui
346 2893 397 2937 et
414 2892 523 2949 ipse
544 2890 816 2949 discipulus
837 2892 947 2936 erat
961 2892 992 2935 J
996 2904 1127 2937 esus.

306 2960 387 3003 58.
423 2958 519 3003 Hic
540 2958 754 3005 accessit
770 2958 833 3003 ad
851 2956 1082 3016 Pilatum,
1096 2958 1147 3004 et

237 3025 389 3084 petiit
416 3038 603 3083 corpus
627 3026 767 3071 Jesu.
837 3025 981 3070 Tunc
1007 3024 1145 3070 Pila-

234 3096 321 3139 tus
336 3093 491 3151 Jussit
506 3092 653 3139 reddi
676 3105 875 3149 corpus.

311 3162 391 3205 59.
426 3160 497 3206 Et
530 3162 741 3217 accepto
779 3170 1014 3217 corpore,
1052 3159 1146 3205 Jo-

288 3253 467 3291 =Exod.
502 3256 563 3291 26.
598 3258 658 3294 31.
695 3264 781 3304 sqq.
839 3254 979 3293 2Par.
1014 3258 1052 3297 3,
1088 3256 1147 3291 14.

236 3300 370 3338 rLue
350 3304 576 3348 c.8,.2.⁸q

353 3449 471 3505 Cap·
503 3446 710 3495 xxvn.
777 3454 846 3493 54
879 3448 969 3493 Dei
1002 3448 1138 3493 filius.

243 3503 357 3547 thia.
417 3510 487 3549 58-
518 3506 651 3561 petit

1209 328 1410 374 munda.

1279 398 1360 440 60.
1394 395 1462 441 Et
1487 397 1658 454 posuit
1683 397 1810 444 illud
1845 398 1899 443 in
1933 410 2117 443 monu-

1210 465 1382 509 mento
1403 476 1496 509 suo
1516 476 1680 523 novo,
1702 465 1834 521 quod
1854 463 2119 511 exciderat

1211 530 1265 575 in
1300 532 1462 588 petra.
1549 529 1620 574 Et
1663 531 1893 578 advolvit
1936 543 2120 577 saxum

1210 610 1447 655 magnum
1475 597 1538 643 ad
1567 597 1752 643 ostium
1785 599 2116 657 monumenti,
2201 615 2222 626 ⁶·

1212 668 1263 710 et
1281 665 1418 711 abiit.

1279 734 1360 778 61.
1393 732 1522 778 Erat
1540 731 2116 790 autemibiMariaMag-

1212 799 1410 858 dalene,
1431 803 1482 845 et
1499 799 1662 846 altera
1679 799 1862 857 Maria,
1883 798 2116 846 sedentes

1211 869 1390 913 contra
1409 867 1709 924 sepulcrum.

1277 935 1357 979 62.
1393 933 1568 980 Altera
1587 937 1754 981 autem
1775 934 1873 994 die,
1893 947 2022 991 quae
2043 938 2121 980 est

1209 1003 1328 1059 post
1370 1003 1718 1062 Parasceven,
1766 1006 2122 1049 convenerunt

1209 1068 1466 1127 principes
1499 1069 1829 1116 Sacerdotnm
1859 1070 1911 1116 et
1936 1069 2118 1115 Phari-

1210 1136 1318 1182 saei
1337 1136 1400 1181 ad
1418 1135 1652 1196 Pilatum,

1279 1204 1359 1248 63.
1398 1203 1650 1250 dicentes:
1678 1203 1918 1250 Domine!
1940 1217 2118 1251 recor-

1212 1270 1316 1315 dati
1335 1283 1523 1330 sumus,
1540 1271 1658 1327 quia
1675 1271 1912 1318 seductor
1931 1271 2019 1317 ille
2040 1271 2117 1317 di-

1210 1337 1320 1383 xit*
1342 1336 1502 1384 adhuc
1523 1337 1869 1385 vivenszl‘ost
1885 1340 1990 1384 tres
2012 1337 2118 1384 dies

1211 1418 1488 1462 resurgam.

1279 1474 1359 1518 64.
1394 1474 1523 1519 Jube
1543 1485 1668 1532 ergo
1686 1473 1932 1521 custodiri
1947 1473 2117 1532 sepul-

1211 1553 1350 1587 crum
1367 1553 1526 1598 usque
1545 1540 1602 1587 in
1630 1541 1762 1588 diem
1788 1541 2020 1601 tertium,
2051 1555 2118 1588 ne

1210 1609 1344 1654 forte
1382 1607 1595 1654 veniant
1630 1608 1863 1666 discipuli
1902 1609 2030 1667 ejus,
2069 1610 2121 1654 et

1210 1676 1442 1721 furentur
1481 1688 1621 1731 eum,
1661 1678 1712 1722 et
1753 1676 1922 1721 dicant
1955 1675 2118 1733 plebi:

1213 1742 1450 1788 Surrexit
1476 1755 1506 1787 a
1531 1742 1770 1798 mortuis3
1813 1744 1865 1787 et
1895 1742 1994 1788 erit
2021 1753 2119 1786 no-

1211 1809 1446 1854 vissimus
1467 1821 1614 1855 error
1632 1808 1782 1867 pejor
1799 1809 1988 1865 priore.

1279 1878 1360 1920 65.
1396 1875 1481 1920 Ait
1515 1876 1618 1921 illis
1655 1875 1872 1920 Pilatus:
1912 1875 2120 1920 Habetis

1213 1940 1512 1991 custodiam!
1550 1941 1638 2001 ite,
1678 1941 1924 1989 custodite
1938 1973 1953 2001 ,
1993 1941 2122 1989 sicut

1211 2010 1377 2059 scitis!

1279 2082 1359 2126 66.
1394 2078 1478 2125 nli
1489 2081 1656 2125 autem
1666 2080 1909 2125 abeuntes
1920 2078 2118 2125 munie-

1209 2150 1330 2194 runt
1355 2147 1667 2206 sepulcrum,
1699 2146 1959 2205 signantes
1988 2146 2118 2204 lapi-

1212 2215 1324 2262 dem
1343 2230 1456 2262 cum
1475 2214 1781 2261 custodibus.

1431 2327 1600 2379 GAP.
1657 2326 1904 2380 XXVIII.

1215 2424 1422 2470 Christus
1457 2428 1699 2470 redivivus
1791 2423 2034 2493 Discipuli
2057 2426 2116 2467 ad

1287 2496 1438 2525 omnes
1456 2488 1676 2526 terramm
1698 2480 1893 2537 populo·
1911 2481 2050 2523 missi.

1280 2578 1327 2622 1.
1361 2578 1620 2636 “Vespere
1680 2578 1842 2622 autem
1907 2575 2114 2632 sabbati,

1213 2657 1339 2703 quae
1376 2644 1587 2691 lucescit
1623 2644 1678 2690 in
1713 2642 1875 2702 prima
1906 2641 2114 2702 sabbati,

1214 2712 1356 2759 venit
1372 2713 1537 2758 Maria
1555 2709 1856 2767 Magdalene
1869 2740 1884 2769 ,
1917 2711 1970 2756 et
1986 2710 2116 2757 alte-

1212 2771 1302 2826 rab
1319 2779 1500 2838 Maria,
1521 2778 1698 2824 videre
1717 2776 2015 2834 sepulcrum.

1281 2847 1328 2891 2.
1363 2846 1432 2891 Et
1461 2842 1600 2892 ecce!
1639 2846 1808 2891 terrae
1842 2848 2009 2892 motus
2037 2847 2117 2891 sa-

1215 2913 1323 2959 ctus
1345 2914 1422 2959 est
1439 2923 1666 2968 magnus.
1734 2912 1960 2970 Angelus
1981 2912 2116 2961 enim

1213 2978 1419 3025 Domini
1457 2977 1716 3025 descendit
1753 2979 1814 3025 de
1850 2980 2024 3039 coelo,
2065 2980 2116 3025 et

1215 3044 1461 3093 accedens
1469 3045 1697 3092 revolvit
1713 3045 1948 3105 lapidem,
1962 3050 2013 3093 et
2032 3058 2114 3091 se-

1216 3114 1363 3159 debat
1383 3126 1534 3171 super
1554 3126 1694 3171 eum;

1262 3214 1335 3245 ἐ.
1370 3212 1431 3252 16,
1467 3212 1526 3247 21.
1589 3215 1667 3247 *m
1701 3211 1847 3247 1-15.
1893 3207 2022 3244 Mare.
2056 3209 2119 3243 16.

1216 3257 1363 3293 1-14.
1394 3256 1497 3293 Luc.
1514 3258 1579 3300 24,
1597 3260 1740 3294 1-12.
1780 3252 1872 3292 Joh.
1895 3257 1957 3297 20,
1975 3255 2118 3290 1-18.

1215 3300 1286 3339 δε.
1305 3304 1365 3346 27,
1381 3306 1441 3342 56.

1209 3425 1278 3494 ᾗ.
1323 3464 1420 3496 cum
1450 3466 1552 3497 sero
1580 3457 1760 3501 autem
1793 3447 1904 3493 ibid.
1941 3445 2120 3491 Arina-
