2376 3925
302 177 370 230 ⁶6
862 169 1216 222 MARCUS.

371 281 453 324 22.
488 279 641 334 furta,
658 264 923 333 avaritiae,
937 273 1212 331 nequitiae,

306 345 479 405 dolus,
500 341 867 401 impudicitiae,
898 340 1076 386 oculus
1104 351 1215 386 ma-

305 414 403 473 lus,
424 409 751 468 blasphemia,
771 408 1023 468 superbia,
1044 406 1214 454 stulti-

306 481 391 526 tia.

374 547 457 592 23.
494 543 677 590 Omnia
694 543 819 590 haec
837 542 969 589 mala
996 543 1057 588 ab
1076 541 1214 586 intus

306 613 615 673 procedunt,
643 613 695 658 et
719 608 1091 657 communicant
1116 608 1215 654 ho-

306 681 509 728 minem.

376 749 457 793 24.
492 746 590 794 'Et
606 745 724 792 inde
746 757 987 802 surgens,
1017 741 1142 789 abiit
1160 741 1217 787 in

308 819 434 862 lines
457 814 583 874 Tyri
603 815 654 858 et
680 811 911 868 Sidonis3
943 813 995 856 et
1011 810 1217 868 ingres-

308 896 393 929 sus
414 879 911 940 domum‚·neminem
930 877 1097 924 voluit
1115 877 1217 923 sci-

308 965 384 1010 re,
407 951 459 995 et
472 961 581 994 non
602 946 768 1005 potuit
787 946 963 992 latere.

377 1019 458 1062 25.
493 1014 680 1061 Mulier
702 1013 837 1060 enim
863 1013 1033 1058 statim
1049 1013 1108 1058 ut
1125 1024 1218 1056 au-

310 1083 439 1130 divit
466 1082 527 1128 de
558 1095 648 1141 eo,
688 1082 832 1139 cujus
866 1080 970 1126 iilia
1004 1079 1222 1126 habebat

310 1149 544 1210 spiritum
561 1148 893 1207 immundum,
923 1147 1153 1207 intravit,
1170 1148 1223 1192 et

308 1216 531 1276 procidit
548 1217 613 1262 ad
630 1215 785 1275 pedes
806 1217 935 1274 ejus.

378 1288 459 1330 26.
493 1283 623 1330 Erat
640 1284 775 1330 enim
793 1283 976 1330 mulier
995 1281 1220 1341 gentilis,

313 1351 722 1412 syrophoenissa
749 1365 965 1410 genere,
996 1353 1049 1396 et
1066 1361 1222 1408 roga·

309 1423 398 1467 bat
416 1434 528 1465 eum
543 1449 557 1477 ,
584 1421 644 1464 ut
670 1418 992 1465 daemonium
1011 1417 1225 1474 ejiceret

314 1488 375 1533 de
396 1486 499 1532 filia
518 1486 645 1543 ejus.
677 1479 683 1487 “

380 1555 461 1598 27.
501 1552 599 1605 Qui
628 1551 761 1598 dixit
790 1551 893 1598 illi:
923 1551 1047 1598 Sine
1080 1549 1223 1608 prius

312 1620 532 1666 saturari
550 1617 705 1666 filios!
735 1632 844 1665 non
878 1621 956 1666 est
974 1617 1109 1664 enim
1127 1619 1224 1664 bo-

310 1702 433 1735 num
460 1700 659 1735 sumere
687 1700 870 1745 panem
896 1687 1143 1746 filiorum,
1172 1686 1228 1732 et

313 1756 515 1802 mittere
536 1754 760 1802 canibus.

382 1825 463 1870 28.
499 1825 566 1868 At
582 1823 673 1870 illa
689 1821 982 1881 respondit,
1013 1821 1066 1867 et
1093 1818 1228 1866 dixit

315 1891 418 1938 illi:
440 1891 641 1951 Utique,
662 1889 906 1938 Domine!
926 1901 1046 1935 nam
1065 1890 1118 1935 et
1136 1899 1225 1934 ca-

313 1959 426 2007 telli
444 1958 715 2008 comedunt
740 1961 833 2006 sub
851 1971 1028 2005 mensa
1046 1956 1108 2002 de
1126 1954 1225 2003 mi-

314 2028 386 2073 cis
406 2039 696 2084 puerorum.

384 2095 462 2138 29.
504 2094 576 2137 Et
602 2093 675 2138 ait
701 2090 806 2137 illi:
842 2091 1061 2147 Propter
1090 2090 1225 2135 hunc

314 2171 603 2205 sermonem
618 2155 771 2204 vade!
803 2156 934 2207 exiit
962 2156 1224 2203 daemoni-

313 2240 399 2273 um
416 2238 447 2271 a
465 2225 567 2271 filia
584 2226 687 2270 tua.

384 2293 463 2338 30.
483 2292 552 2338 Et
570 2306 682 2339 cum
691 2290 899 2337 abiisset
916 2289 1119 2338 domum
1136 2303 1225 2338 ιιι-

316 2374 421 2420 am,
469 2360 672 2407 invenit
715 2358 937 2418 puellam
967 2358 1227 2416 jacentem

316 2442 469 2488 supra
486 2428 691 2487 lectum,
706 2429 759 2473 et
768 2425 1088 2473 daemonium
1106 2426 1225 2473 exi-

315 2498 433 2544 isse.

383 2566 464 2612 31.
499 2564 569 2611 Et
594 2563 779 2611 iterum
807 2561 989 2609 exiens
1018 2560 1079 2609 de
1106 2561 1226 2609 fini-

315 2635 407 2679 bus
434 2632 588 2693 Tyri,
616 2630 761 2678 venit
788 2642 880 2688 per
900 2628 1143 2677 Sidonem
1161 2628 1226 2675 ad

315 2712 455 2747 mate
463 2700 722 2747 Galilaeae
741 2697 874 2744 inter
884 2696 1079 2743 medios
1098 2698 1224 2743 fines

316 2766 652 2824 Decapoleos.

384 2834 466 2879 32.
500 2833 569 2880 Et
586 2834 839 2881 adducunt
866 2832 916 2881 ei
941 2829 1147 2879 surdum
1176 2833 1229 2878 et

316 2903 529 2958 mutum,
568 2903 620 2947 et
658 2902 1055 2959 deprecabantur
1093 2913 1225 2959 eum,

316 2970 375 3015 ut
392 2967 620 3025 imponat
638 2967 714 3013 illi
731 2983 950 3015 manum.

387 3036 467 3081 33.
503 3034 573 3080 Et
598 3036 982 3091 apprehendens
1014 3049 1129 3082 eum
1165 3034 1228 3079 de

316 3106 467 3151 turba
486 3113 734 3161 seorum,
744 3103 881 3149 misit
899 3103 1085 3161 digitos
1106 3114 1227 3149 ιιιοι

368 3208 383 3226 ¹
401 3212 442 3242 v,
460 3202 632 3237 24—31.
662 3196 811 3236 Malui.
828 3200 889 3242 15,
907 3202 1074 3236 21—31.

442 3347 557 3403 Cap.
585 3344 695 3389 VII.
770 3350 842 3389 22.
890 3346 1179 3401 inpudicitia.

1291 168 1463 221 CAP.
1500 171 1552 220 7.
1573 170 1625 219 8.

1282 272 1338 316 ίιι
1357 270 1611 317 auriculas
1641 271 1780 328 ejus;
1809 271 1862 317 et
1890 282 2156 328 exspuens
2167 273 2206 332 t,

1283 339 1452 396 tetigit
1468 337 1696 396 ling-uam
1715 337 1853 396 ejus3

1350 407 1432 452 34.
1469 407 1522 451 et
1557 405 1840 463 suspiciens
1875 404 1932 450 in
1981 405 2206 466 coelum,

1283 473 1547 531 ingemuit,
1587 475 1640 518 et
1663 471 1738 518 ait
1763 471 1868 518 illi:
1903 471 2206 532 Ephpheta!

1285 540 1419 598 quod
1439 542 1534 598 est,
1555 537 1842 596 adaperire.

1351 608 1432 652 35.
1466 606 1536 653 Et
1554 607 1724 653 statim
1739 608 1949 664 apertae
1968 610 2090 653 sunt
2106 620 2206 654 au-

1283 687 1367 722 res
1404 674 1542 733 ejus,
1582 674 1635 721 et
1659 672 1882 720 solutum
1909 677 1992 720 est
2014 675 2203 721 vincu-

1283 742 1389 788 lum
1406 741 1614 800 linguae
1642 740 1782 799 ejus3
1815 743 1868 789 et
1894 741 2203 799 loquebatur

1283 812 1441 856 recte.

1353 878 1434 922 36.
1468 876 1539 922 Et
1556 875 1853 934 praecepitv
1869 875 2001 935 illis,
2033 890 2102 924 ne
2121 877 2204 923 cui

1287 943 1530 992 dicerent.
1568 943 1770 996 Quanto
1783 945 1950 990 autem
1961 943 2038 990 eis
2050 957 2204 1002 prae-

1288 1011 1532 1070 cipiebat,
1561 1012 1706 1057 tanto
1725 1011 1886 1070 magis
1915 1009 2028 1070 plus
2049 1024 2204 1070 prae-

1289 1079 1549 1136 dicabant3

1356 1148 1438 1193 37.
1475 1148 1528 1193 et
1547 1159 1609 1192 eo
1631 1145 1846 1204 amplius
1877 1145 2206 1192 admiraban-

1287 1215 1388 1273 tur,
1411 1213 1663 1260 dicentes:
1693 1213 1832 1260 Bene
1865 1213 2034 1260 omnia
2052 1213 2205 1260 fecit!

1290 1282 1343 1327 et
1369 1281 1550 1328 surdos
1578 1280 1701 1328 fecit
1723 1281 1929 1341 audire,
1959 1282 2009 1328 et
2032 1283 2206 1328 mutos

1289 1348 1446 1406 loqui.

1561 1561 1730 1613 GAP.
1786 1560 1925 1612 VIII.

1388 1663 1480 1701 tem
1496 1672 1642 1715 panes
1653 1665 1700 1702 et
1715 1660 1845 1715 pauci
1855 1657 2070 1715 pisciculi
2089 1661 2207 1704 mul·
2255 1705 2260 1710 ,

1291 1657 1361 1770 {i}
1383 1717 1575 1758 icantur.
1634 1716 1986 1758 Pharisaeorum
2005 1716 2206 1760 fermen-

1291 1774 1401 1814 tum.
1443 1771 1619 1814 Caecus
1639 1773 1806 1816 sensim
1826 1776 2024 1815 curatur.
2073 1772 2206 1816 Petri

1294 1828 1536 1871 confessio·
1589 1827 1852 1928 Τοίὶῗέιιιὶοο
1871 1829 2020 1871 crucis
2047 1842 2206 1872 neces-

1361 1980 1409 2024 1.
1445 1980 1539 2025 ιἸιι
1559 1978 1732 2026 diebus
1753 1978 1876 2039 illis,
1889 1980 2074 2027 iterum
2093 1994 2207 2027 cum

1290 2045 1440 2091 turba
1454 2046 1613 2093 multa
1634 2048 1794 2106 esset,
1823 2061 1923 2095 nec
1941 2047 2206 2107 haberent,

1293 2112 1428 2169 quod
1463 2114 1856 2175 manducarent,
1907 2116 2208 2163 convocatis

1293 2178 1572 2241 discipulis,
1594 2182 1666 2228 ait
1683 2182 1817 2240 illis;

1360 2249 1410 2294 2.
1461 2247 1717 2296 Misereor
1779 2263 1934 2309 super
1984 2250 2206 2298 turbam!

1293 2313 1412 2372 quia
1447 2330 1568 2363 ecce
1602 2317 1708 2374 iam
1742 2317 1914 2364 triduo
1952 2318 2209 2365 sustinent

1291 2396 1390 2442 me,
1402 2396 1499 2429 nec
1508 2384 1714 2444 habent,
1725 2385 1863 2441 quod
1870 2385 2180 2433 manducent
2191 2402 2206 2444 ;

1360 2452 1408 2497 3.
1446 2452 1500 2498 et
1527 2452 1570 2498 si
1599 2451 1840 2499 dimisero
1867 2466 1960 2499 eos
1990 2453 2208 2511 J'ejunos

1292 2517 1348 2563 in
1366 2517 1569 2565 domum
1587 2532 1745 2579 suam,
1763 2520 1998 2567 deficient
2015 2521 2070 2566 in
2089 2522 2208 2579 νίας

1293 2585 1494 2642 quidam
1514 2585 1649 2633 enim
1667 2600 1736 2633 ex
1756 2588 1830 2633 eis
1852 2588 1912 2634 de
1931 2587 2088 2647 longe
2110 2602 2208 2635 ve-

1291 2655 1493 2699 nerunt.

1358 2722 1406 2766 4.
1440 2720 1510 2767 Et
1524 2723 1903 2780 responderunt
1911 2722 1962 2770 ei
1981 2722 2208 2781 discipu-

1292 2786 1331 2832 li
1349 2787 1454 2834 sui:
1475 2789 1618 2836 Unde
1639 2789 1757 2835 illos
1783 2791 1894 2847 quis
1913 2791 2108 2849 poterit
2125 2792 2208 2839 hic

1293 2857 1524 2903 saturare
1544 2858 1757 2915 panibus
1779 2857 1833 2903 in
1854 2857 2168 2905 solitudine?

1363 2925 1409 2969 5.
1445 2924 1513 2969 Et
1540 2925 1883 2983 interrogavit
1910 2938 2027 2972 eos:
2069 2924 2212 2978 Quot

1295 3002 1452 3048 panes
1471 2991 1664 3038 habetis
1676 2992 1698 3038 ἓ
1712 2992 1812 3046 Qui
1829 2992 2098 3039 dixerunt:
2115 2995 2210 3041 Se-

1294 3060 1447 3117 ptem.

1342 3155 1362 3180 ²
1381 3165 1416 3190 ο.
1435 3156 1550 3199 8,,23.
1597 3162 1620 3182 ¹⁸
1635 3154 1782 3195 Matth.
1799 3158 1838 3200 8,
1855 3159 1895 3196 4.

1295 3198 1445 3239 Matth.
1460 3202 1521 3245 15,
1538 3204 1708 3241 32-39.

1961 3163 1981 3183 Π
1995 3166 2040 3192 V·
2059 3162 2144 3195 1¹—-
2156 3162 2213 3194 10.

1285 3351 1356 3391 25.
1405 3349 1535 3403 cujus
1571 3349 1771 3396 hahent
1804 3352 1916 3395 filia·
1995 3354 2067 3395 26.
2121 3356 2218 3396 erat

324 3410 489 3447 autem.
548 3406 619 3446 28.
652 3402 765 3444 dicit
783 3402 851 3451 ei;
870 3400 981 3444 ibid.
996 3403 1075 3443 sub
1098 3415 1255 3447 mensa
1275 3406 1530 3448 comedunt.
1589 3410 1660 3450 29.
1693 3408 1749 3450 de
1768 3408 1882 3453 filia.
1940 3410 2009 3449 30.
2043 3408 2214 3451 exisse·

321 3463 394 3501 32.
428 3460 746 3514 deprecantur.
804 3460 873 3499 33.
907 3454 1135 3500 auriculas
1157 3459 1327 3512 (omiss.
1343 3459 1482 3515 ejus.)
1497 3466 1567 3505 34.
1599 3464 1784 3507 effetha·

332 3516 480 3557 turba.
539 3520 583 3558 4.
611 3515 730 3557 unde
749 3514 865 3558 istos
882 3513 1056 3568 poterit
1076 3513 1177 3565 quis
1196 3512 1283 3556 hic.

1850 3462 1984 3506 VIII.
2016 3467 2060 3505 2.
2083 3476 2217 3519 super

2341 2456 2343 2576 1

2339 2750 2342 2897 Ι

2335 2982 2340 3223 l
