2376 3925
375 140 599 192 EPIST.
637 138 854 190 PAULI
890 139 984 188 AD
1024 141 1465 194 CORINTHIOS
1502 145 1566 196 ll.
1608 145 1755 196 CAP.
1798 145 1845 195 8.

477 297 517 344 C
530 297 574 344 A
585 295 646 344 Ρ.
687 293 828 345 Vlll.

179 392 456 434 Corinthios
501 391 708 434 hortatur
754 389 988 446 apostolus
1035 393 1095 433 ad

179 448 470 498 erogandam
499 448 664 500 stipem
700 448 746 488 in
783 461 888 488 usus
922 459 1094 502 paupe-

271 517 393 552 rum,
425 505 499 555 qui
525 500 846 554 Hierosolymis
866 507 1006 544 erant-

253 597 302 638 1.
341 595 524 640 Notam
551 596 713 640 autem
748 595 958 642 facimus
998 609 1091 640 vo-

177 663 278 718 bis,
321 661 529 706 fratres!
568 663 779 719 gratiam
810 662 925 720 Dei,
965 676 1091 718 quae

178 730 301 774 data
323 731 402 774 est
422 728 725 774 inEcclesiis
744 729 1089 775 Macedoniae.

253 799 300 839 2.
343 794 489 846 Quod
506 795 560 840 in
581 796 738 841 multo
770 796 1090 853 experimen-

177 867 236 907 to
257 861 597 908 tribulationis
607 863 948 908 gabundantia
965 877 1090 920 gau—

179 930 252 975 dii
274 930 498 988 ipsorum
508 929 630 986 fuit3
653 931 702 975 et
713 928 954 974 altissima
965 943 1090 986 pau-

177 999 354 1054 pertas
385 1009 559 1041 eorum
588 997 860 1042 abundavit
881 997 933 1041 in
960 997 1090 1041 divi-

179 1065 282 1108 tias
301 1062 632 1120 simplicitatis
653 1075 828 1107 eorum
839 1055 880 1106 ¹⁵.

255 1131 302 1174 3.
341 1129 470 1183 Quia
518 1129 788 1174 secundum
840 1129 1087 1188 virtutem,

181 1195 528 1242 testimonium
547 1195 648 1240 illis
670 1195 842 1254 reddo,
869 1201 921 1240 et
939 1210 1090 1253 supra

185 1266 422 1308 virtutem
442 1262 718 1308 voluntarii
739 1264 959 1320 fuerunt,

251 1333 298 1374 4.
338 1344 446 1375 cum
457 1330 612 1374 multa
625 1329 981 1376 exhortatione
996 1333 1086 1376 ob-

183 1399 441 1442 secrantes
472 1410 567 1441 nos
597 1397 837 1455 gratiam,
869 1401 919 1442 et
949 1411 1085 1442 com-

181 1464 574 1509 municationem
619 1465 914 1522 ministerii,
954 1465 1088 1521 quod

182 1535 238 1577 fit
257 1532 307 1576 in
331 1533 558 1576 Sanctos.

197 1611 204 1616 ·
251 1601 295 1643 5.
334 1598 399 1642 Et
444 1611 550 1642 non
588 1598 719 1642 sicut
756 1598 1084 1655 speravimus,

182 1666 273 1710 sed
293 1667 452 1709 semet
470 1665 608 1720 ipsos
623 1663 866 1708 dederunt
877 1664 1088 1720 primum

183 1732 423 1788 Domino,
468 1730 645 1774 deinde
685 1729 828 1773 nobis
869 1743 956 1784 per
993 1743 1087 1773 vo-

181 1800 430 1844 luntatem
449 1796 569 1850 Dei3

251 1868 297 1909 6.
335 1863 432 1919 ita,
471 1865 525 1906 ut
561 1875 852 1919 rogaremus
893 1863 1087 1920 Titum3

182 1936 239 1979 ut
268 1929 676 1988 quemadmodum
711 1929 900 1988 coepit,
933 1930 1000 1975 ita
1040 1933 1090 1975 et

183 1999 412 2057 perficiat
439 1998 490 2044 in
525 1997 666 2042 vobis
699 1998 848 2042 etiam
878 1999 1084 2054 gratiam

186 2062 347 2113 istam.

255 2136 301 2177 7.
340 2132 437 2179 Sed
459 2133 586 2177 sicut
604 2132 656 2177 in
678 2132 906 2177 omnibus
927 2135 1083 2177 abun-

186 2200 314 2246 datis
335 2201 454 2258 fide,
485 2204 535 2244 et
563 2212 821 2257 sermone,
852 2201 901 2244 et
920 2200 1085 2245 scien-

185 2268 275 2326 tia,
299 2270 348 2313 et
369 2266 503 2311 omni
523 2266 859 2323 solicitudine,
882 2266 1086 2323 insuper

188 2339 240 2381 et
261 2335 499 2380 charitate
533 2336 699 2377 vestra
727 2333 780 2378 in
801 2346 921 2390 nos,
953 2337 1008 2377 ut
1037 2335 1087 2377 et

183 2404 238 2447 in
259 2403 351 2446 hac
371 2400 532 2458 gratia
551 2399 824 2445 abundetis.

255 2472 298 2513 8.
336 2469 450 2512 Non
487 2467 630 2523 quasi
664 2467 914 2522 imperans
945 2466 1083 2522 dico;

183 2535 274 2581 sed
311 2548 400 2592 per
437 2534 647 2579 aliorum
698 2522 1082 2589 solicitudinem,

183 2604 334 2649 etiam
350 2605 544 2646 vestrae
555 2600 808 2645 charitatis
826 2600 1080 2657 ingenium

183 2674 369 2715 bonum
391 2670 736 2725 comprobans.

251 2739 296 2779 9.
336 2735 482 2781 Scitis
504 2734 634 2779 enim
656 2734 864 2790 gratiam
878 2733 1082 2777 Domini

180 2802 346 2849 nostri
364 2803 395 2847 J
398 2815 484 2847 esu
500 2800 701 2856 Christi,
714 2800 948 2855 quoniam
959 2812 1080 2855 pro-

181 2873 294 2927 pter
316 2882 406 2913 vos
427 2861 641 2925 egenusi
660 2868 818 2910 factus
840 2868 940 2922 est,
971 2880 1078 2910 cum

181 2938 316 2983 esset
342 2936 509 2991 dives,
549 2936 604 2978 ut
632 2932 767 2977 illius
795 2932 966 2988 inopia
990 2944 1078 2977 vos

181 3004 361 3049 divites
384 3000 576 3047 essetis.

223 3104 248 3133 ὅ
266 3102 282 3134 1
305 3096 446 3132 Thess.
467 3102 509 3137 1,
535 3098 569 3133 6.
604 3099 650 3130 2.
676 3098 734 3130 14.
771 3097 794 3129 2
813 3085 954 3128 Theai.
977 3098 1018 3133 1,
1037 3096 1075 3129 4.

178 3143 196 3170 ¹·
217 3151 234 3181 1
257 3144 347 3179 cor.
369 3146 425 3185 16,
444 3148 477 3178 1.
500 3152 585 3187 sqq.
634 3136 650 3166 ι·
668 3141 809 3177 Manli.
830 3143 866 3178 8.
884 3143 944 3175 20.

1974 145 2071 196 289

1234 239 1314 288 10.
1351 245 1417 290 Et
1440 247 1721 292 tonsilium
1757 247 1807 292 in
1848 248 1945 293 hoc
1976 249 2063 304 do;

1163 308 1261 356 hoc
1280 312 1413 356 enim
1438 313 1577 358 vobis
1598 313 1720 359 utile
1742 317 1833 372 est,
1858 315 1943 370 qui
1960 329 2065 360 non

1162 377 1323 422 solum
1347 380 1532 437 facere,
1556 380 1641 424 sed
1662 383 1711 425 et
1732 381 1864 428 velle
1890 382 2061 438 coepi-

1161 443 1251 488 stis
1272 445 1331 490 ab
1352 458 1486 490 anno
1508 446 1693 502 priore.

1229 525 1307 568 11.
1345 525 1487 570 Nunc
1522 538 1641 570 vero
1672 529 1723 571 et
1751 529 1882 573 facto
1909 531 2060 585 perli-

1161 591 1259 635 cite
1272 605 1285 647 3
1298 595 1353 635 ut
1372 591 1783 647 quemadmodum
1802 600 2059 653 promptus

1161 660 1237 702 est
1264 658 1459 703 animus
1498 659 1795 717 voluntatis,
1826 663 1897 706 ita
1926 663 1990 707 sit
2011 665 2061 707 et

1159 725 1449 780 perficiendi
1469 739 1534 770 ex
1555 738 1635 784 eo,
1659 727 1794 782 quod
1811 727 2017 774 habetis.

1227 805 1307 847 12.
1344 805 1398 848 Si
1419 805 1552 849 enim
1574 805 1809 851 voluntas
1830 811 2061 864 prompta

1158 871 1260 926 est,
1291 871 1561 916 secundum
1590 873 1668 930 id,
1700 873 1832 929 quod
1860 867 2057 929 habetk,

1157 939 1361 993 accepta
1399 940 1501 995 est,
1540 953 1644 984 non
1682 941 1954 986 secundum
1989 942 2057 999 id,

1156 1003 1288 1059 quod
1307 1017 1413 1049 non
1432 1005 1594 1050 habet.

1213 1067 1303 1115 13.
1339 1071 1455 1116 Non
1481 1073 1638 1130 enim,
1670 1077 1722 1119 ut
1748 1074 1861 1120 aliis
1890 1077 1955 1121 sit
1972 1090 2055 1122 re-

1156 1137 1357 1195 missio,
1398 1139 1539 1183 vohis
1578 1144 1741 1185 autem
1780 1143 2054 1200 tribulatio,

1157 1203 1245 1248 sed
1266 1217 1333 1250 ex
1350 1205 1651 1260 aequalitate
1664 1199 1696 1250 ².

1224 1287 1303 1332 14.
1339 1288 1398 1331 ln
1426 1290 1681 1345 praesenti
1708 1293 1934 1347 tempore
1966 1307 2054 1337 ve-

1156 1355 1261 1398 stra
1280 1354 1583 1400 abundantia
1612 1356 1812 1401 illorum
1834 1359 2057 1416 inopiam

1155 1421 1411 1478 suppleat;
1434 1424 1489 1466 ut
1508 1425 1557 1467 et
1576 1422 1774 1468 illorum
1798 1427 2056 1470 abundan-

1152 1488 1225 1532 tia
1261 1491 1461 1533 vestrae
1508 1489 1711 1546 inopiae
1750 1493 1815 1536 sit
1851 1493 2053 1550 supple-

1153 1557 1399 1612 mentum,
1432 1558 1487 1600 ut
1504 1558 1588 1602 fiat
1605 1559 1878 1613 aequalitas
1893 1591 1906 1618 ,
1928 1561 2056 1605 sicut

1155 1622 1393 1678 scriptum
1418 1625 1517 1667 est:

1223 1689 1302 1732 15.
1340 1689 1479 1745 „Qui
1504 1689 1736 1747 multum,
1768 1705 1873 1736 non
1896 1695 2054 1738 abun-

1157 1754 1355 1811 „davit:
1380 1758 1431 1798 et
1446 1755 1531 1809 qui
1550 1757 1814 1814 modicum,
1836 1771 1939 1802 non
1961 1761 2054 1804 mi-

1157 1820 1397 1877 „noravit
1407 1827 1445 1848 m
1457 1821 1506 1865 ⁴⁶.

1224 1889 1303 1930 16.
1342 1887 1539 1931 Gratias
1586 1891 1750 1932 autem
1795 1891 1930 1944 Deo,
1971 1894 2055 1947 qui

1157 1953 1293 2000 dedit
1322 1953 1540 1999 eamdem
1573 1955 1938 2003 solicitudinem
1960 1974 2053 2017 pro

1157 2023 1300 2067 vobis
1320 2022 1373 2066 in
1394 2022 1545 2067 corde
1568 2022 1687 2080 Titi,

1223 2104 1302 2147 1⁶1.
1339 2102 1573 2158 quoniam
1614 2104 2015 2152 exhortationem
2029 2114 2055 2137 ἰ

1154 2170 1351 2225 quidem
1373 2170 1618 2226 suscepit;
1640 2172 1726 2216 sed
1749 2186 1859 2218 cum
1878 2176 2051 2220 solici-

1153 2238 1256 2282 tior
1284 2239 1442 2295 esset,
1481 2249 1570 2282 sua
1598 2237 1857 2287 voluntate
1877 2246 2051 2299 prbfe-

1154 2306 1261 2349 ctus
1282 2306 1359 2349 est
1377 2304 1439 2349 ad
1459 2317 1565 2349 vos.

1222 2372 1299 2415 18.
1348 2371 1573 2415 Misimus
1622 2372 1770 2416 etiam
1807 2388 1917 2418 cum
1958 2376 2047 2419 illo

1153 2439 1357 2482 fratrem
1370 2443 1408 2495 ⁰,
1422 2438 1563 2493 cujus
1583 2437 1691 2481 laus
1713 2444 1789 2483 est
1810 2440 1863 2483 in
1875 2440 2047 2485 Evan-

1153 2503 1287 2560 gelio
1310 2516 1399 2559 per
1420 2516 1593 2548 omnes
1613 2504 1883 2550 Ecclesias.

1220 2586 1299 2631 19.
1334 2586 1449 2630 Non
1477 2585 1640 2632 solum
1668 2590 1857 2645 autem,
1888 2590 1975 2634 sed
1998 2594 2049 2637 et

1152 2652 1411 2697 ordinatus
1433 2655 1510 2698 est
1537 2655 1597 2698 ab
1614 2653 1859 2699 Ecclesiis
1880 2668 2045 2703 comes

1150 2720 1574 2777 peregrinationis
1594 2722 1826 2779 nostrae,
1846 2722 1901 2768 in
1919 2723 2047 2771 hanc

1149 2787 1356 2843 gratiam
1373 2816 1386 2842 ,
1418 2799 1544 2841 quae
1570 2786 1882 2834 ministratur
1901 2804 1931 2835 a
1948 2805 2045 2837 no-

1149 2853 1223 2898 bis
1246 2853 1303 2896 ad
1325 2852 1529 2897 Domini
1549 2852 1787 2911 gloriam,
1818 2860 1869 2902 et
1890 2859 2043 2904 desti-

1149 2922 1315 2963 natam
1338 2918 1643 2963 voluntatem
1664 2927 1901 2969 nostram.

1213 2986 1291 3028 20.
1344 2984 1635 3031 Devitantes
1671 2987 1793 3048 hoc,
1830 3004 1896 3036 ne
1934 2993 2043 3047 quis

1188 3091 1209 3119 k
1225 3092 1351 3128 Marc.
1372 3096 1429 3135 12,
1448 3097 1506 3129 43.
1556 3092 1569 3121 l
1586 3094 1677 3131 Act.
1696 3102 1733 3137 4,
1752 3102 1813 3135 34.

1143 3142 1200 3179 16,
1222 3141 1277 3174 18.
1326 3146 1345 3162 ⁷¹
1366 3150 1401 3174 v.
1421 3142 1455 3175 6.
1506 3147 1522 3164 ⁰
1540 3152 1575 3175 v.
1594 3144 1653 3179 22.

1864 3108 1891 3124 ”²
1910 3100 2039 3137 Exod.

295 3290 408 3343 Cap.
439 3287 568 3328 VIII.
628 3292 667 3329 2.
699 3286 831 3338 gaudi
860 3288 1058 3341 ipsorum
1088 3270 1231 3339 (deest
1260 3286 1385 3340 fuit).
1443 3290 1484 3329 ¹1.
1515 3288 1601 3329 Hic
1619 3288 1723 3333 inde
1744 3307 1774 3332 a
1792 3304 1899 3333 voce
1919 3293 2039 3333 insu-

182 3360 264 3401 per
283 3346 505 3402 quaedam
523 3356 654 3384 emm
673 3348 780 3383 sune
799 3342 975 3399 aliaque.
994 3341 1215 3383 recentius
1232 3342 1429 3397 scripta,
1456 3342 1527 3384 ita
1556 3350 1703 3385 tamen
1727 3353 1781 3387 ut
1798 3360 1895 3387 mm
1916 3352 2043 3389 textu.

182 3402 396 3459 impresso
431 3398 692 3440 concinant.
752 3401 818 3438 12.
853 3399 1088 3439 secundum
1121 3396 1234 3449 quod
1265 3410 1348 3438 nou
1382 3397 1517 3439 hahet
1538 3400 1678 3453 (deest
1704 3402 1790 3454 id).
1861 3405 1925 3443 13.
1962 3404 2041 3445 sed

185 3463 228 3499 et
247 3472 323 3500 cx.
386 3457 450 3497 19.
483 3455 529 3495 in
549 3452 630 3495 hac
650 3454 808 3505 gratia.

1591 3514 1638 3553 N
