2376 3925
466 166 886 219 EPISTOLA
929 164 1280 219 JOANle
1324 168 1367 218 1.
1442 168 1592 221 CAP.
1630 173 1679 219 1.

133 272 362 317 mitatem
374 264 393 301 i
451 270 664 316 salutem
714 269 1043 329 arbitremini,

135 339 275 385 sicut
292 340 342 384 et
352 338 674 385 charissimus
693 338 852 383 trater
868 340 1045 383 noster

132 405 327 452 Paulus
354 405 628 451 secundum
655 404 818 450 datam
847 405 944 452 sibi
962 418 1045 451 sa-

133 472 383 531 pientiam
401 472 604 530 scripsit
623 472 784 532 vobis,

211 575 290 619 16.
311 574 442 619 sicut
461 575 512 619 et
528 574 581 618 in
603 573 832 619 omnibus
852 573 1046 631 episto-

133 642 223 699 lis,
245 640 457 698 loquens
477 640 532 685 in
552 640 623 686 eis
645 640 705 685 de
723 640 828 699 his,
857 640 914 686 in
933 640 1046 697 qui-

133 712 235 755 bus
254 710 371 753 sunt
389 707 629 764 quaedam
649 707 873 754 difficilia
892 706 1046 752 intel-

132 776 302 833 lectu,
330 788 458 832 quae
485 775 677 821 indocti
707 776 758 821 et
784 773 1046 820 instabiles

135 844 446 901 depravant,
476 843 606 888 sicut
633 844 684 888 et
703 845 896 888 ceteras
917 842 1048 888 scri-

187 958 205 987 ἕ
221 974 259 998 v.
277 966 313 999 9.
343 960 458 999 Rom.
476 963 513 1005 2,
530 962 571 997 4.

1918 170 2016 220 377

1111 274 1313 329 pturas,
1343 270 1408 317 ad
1434 284 1573 317 suam
1600 272 1825 330 ipsorum
1844 272 2015 331 perdi-

1113 339 1319 384 tionem.

1178 406 1261 451 17.
1294 404 1602 465 vosigitur,
1630 404 1837 453 fiatres!
1867 419 2019 464 prae-

1113 472 1331 520 scientes
1352 472 1624 530 custodite,
1644 487 1710 520 ne
1728 474 2017 531 insipienti-

1109 554 1197 586 um
1233 553 1409 586 errore
1443 539 1661 585 traducti
1707 541 1949 588 excidatis
1986 554 2017 587 a

1111 608 1321 665 propria
1338 606 1584 652 firmitate.

1180 677 1260 719 18.
1298 674 1523 721 Crescite
1544 686 1671 719 vero
1692 673 1744 719 in
1766 674 1944 733 gratia,
1966 678 2018 721 et

1113 741 1166 786 in
1206 741 1500 799 cognitione
1537 740 1745 786 Domini
1770 743 1937 788 nostri
1966 745 2018 788 et

1115 808 1394 854 Salvatoris
1402 809 1432 853 J
1434 821 1523 853 esu
1538 808 1738 853 Christi.
1789 809 1891 865 Ipsi
1901 809 2015 866 glo-

1111 876 1193 921 ria
1211 877 1263 921 et
1278 889 1414 921 nunc
1435 876 1559 921 etin
1584 874 1716 921 diem
1740 876 2016 921 aeternita-

1113 943 1197 989 tis.
1264 942 1441 988 Amen.

809 1120 1352 1170 ψ

221 1288 1025 1377 EPISTOLA

1151 1284 1944 1371 JOANNISL

923 1484 1234 1510 a

465 1604 633 1656 CAP.
688 1605 731 1654 1.

138 1709 172 1751 J
176 1716 350 1750 oannes
371 1715 482 1757 quae
505 1703 559 1744 de
573 1700 754 1744 Christo
769 1704 1051 1756 perceperat,

137 1760 372 1808 facundus
391 1757 632 1811 eloquitur.
682 1756 851 1797 Christi
873 1757 1051 1807 sangui-

223 1830 280 1859 no
299 1818 488 1869 peccata
509 1814 702 1857 omnium
721 1813 981 1865 expiantur.

217 1918 266 1960 1.
305 1887 472 1975 Quod
501 1911 598 1958 fuit
623 1914 683 1958 ab
713 1909 880 1968 initio,
923 1906 1054 1967 quod

141 1981 459 2041 audivimus,
490 1981 623 2038 quod
653 1979 863 2025 vidimus
894 1975 1054 2022 oculis

139 2050 398 2109 nostrisa,
422 2048 557 2106 quod
595 2045 974 2106 perspeximus,
1007 2046 1058 2090 et

140 2131 326 2166 manus
355 2119 562 2163 nostrae
591 2113 1054 2172 contrectaverunt,

145 2189 212 2233 de
235 2177 425 2232 vei-bob
443 2184 609 2242 vitae3

220 2255 267 2297 2.
307 2255 356 2298 et
385 2251 488 2297 vita
524 2250 846 2296 manifestata
874 2250 966 2306 est,
1007 2249 1058 2293 et

145 2321 366 2367 vidimus
380 2351 394 2378 ,
413 2321 462 2364 et
479 2319 748 2375 testamur,
779 2318 830 2361 et
857 2327 1058 2360 annun-

151 2389 342 2434 ciamus
389 2385 534 2432 vobis
580 2385 734 2429 vitam
782 2385 1057 2440 aeternam,

153 2468 286 2514 quae
307 2455 418 2499 erat
435 2451 566 2510 apud
583 2451 784 2496 Patrem
796 2480 811 2507 ‚
835 2450 886 2494 et
903 2461 1059 2506 appa-

149 2523 260 2569 ruit
277 2520 440 2567 nobis.

225 2591 270 2634 3.
310 2587 458 2641 Quod
470 2585 684 2632 vidimus
698 2586 750 2630 et
761 2582 1058 2644 audivimus,

153 2655 518 2703 annunciamus
567 2652 737 2711 vobis3
782 2655 840 2698 ut
883 2655 934 2699 et
968 2665 1064 2698 vos

1118 1600 1377 1659 gaudeatis
1390 1632 1405 1660 ,
1444 1602 1495 1647 et
1528 1602 1761 1660 gaudium
1804 1605 2023 1649 vestrum

1119 1668 1186 1713 sit
1205 1667 1410 1725 plenum
1420 1676 1456 1713 ι’.

1188 1736 1237 1778 5.
1271 1733 1340 1779 Et
1389 1734 1513 1779 haec
1568 1736 1644 1779 est
1678 1737 2023 1797 annunciatio,

1121 1814 1269 1857 quam
1288 1799 1567 1846 audivimus
1586 1803 1648 1847 ab
1661 1814 1741 1859 eo,
1756 1803 1805 1848 et
1824 1816 2025 1849 annun-

1122 1867 1311 1913 ciamus
1332 1868 1497 1913 vobis:
1521 1868 1769 1923 Quoniam
1779 1869 1917 1915 Deus
1934 1871 2027 1917 lux

1123 1936 1227 1994 est,
1268 1936 1321 1980 et
1343 1936 1583 1982 tenebrae
1612 1934 1665 1980 in
1695 1948 1755 1982 eo
1784 1949 1891 1982 non
1910 1941 2029 1984 suut

1121 2001 1274 2048 ullae.

1192 2071 1238 2114 6.
1277 2069 1330 2116 Si
1351 2068 1652 2129 dixerimus,
1682 2073 1919 2128 quoniam
1938 2086 2027 2119 so-

1125 2137 1357 2183 cietatem
1384 2137 1623 2182 habemus
1645 2152 1754 2184 cum
1774 2151 1867 2198 eo3
1896 2143 1948 2186 et
1972 2141 2027 2186 in

1123 2203 1349 2251 tenebris
1378 2204 1711 2264 ambulamus,
1740 2208 2029 2268 mentimur,

1125 2275 1176 2318 et
1197 2272 1462 2318 veritatem
1480 2285 1586 2318 non
1606 2272 1829 2320 facimus.

1194 2341 1241 2384 ’7.
1278 2339 1335 2384 Si
1369 2341 1535 2384 autem
1572 2340 1625 2384 in
1658 2340 1770 2386 luce
1808 2340 2031 2388 ambula-

1125 2419 1254 2464 mus,
1276 2406 1407 2452 sicut
1426 2406 1603 2463 etipse
1625 2410 1702 2451 est
1718 2407 1772 2453 in
1789 2407 1919 2466 luce,
1944 2421 2030 2454 so-

1129 2473 1361 2519 cietatem
1380 2472 1618 2518 habemus
1638 2472 1700 2517 ad
1718 2473 1961 2532 invicem;
1982 2478 2035 2522 et

1129 2539 1339 2596 sanguis
1365 2539 1488 2584 Jesu
1520 2538 1733 2599 Christi,
1758 2539 1879 2586 Filii
1904 2541 2031 2600 ejus,

1130 2605 1369 2652 emundat
1386 2619 1481 2650 nos
1502 2608 1562 2651 ab
1576 2607 1715 2652 omni
1733 2611 1957 2664 peccato.

1200 2675 1245 2719 8.
1271 2674 1325 2720 Si
1346 2673 1638 2732 dixerimus,
1657 2675 1893 2730 quoniam
1913 2687 2033 2732 pec-

155 2725 453 2771 societatem
493 2721 718 2767 habeatis
771 2719 1062 2777 nobiscum3
1133 2744 1294 2786 catum
1315 2753 1419 2786 non
1438 2739 1700 2799 habemus,
1721 2741 1817 2798 ipsi
1835 2755 1931 2788 nos
1952 2757 2035 2789 se-

156 2797 209 2839 et
241 2790 458 2837 societas
487 2791 662 2834 nostra
691 2787 756 2833 sit
784 2801 896 2833 cum
914 2786 1064 2832 Patre
1134 2808 1383 2867 ducimus,
1415 2809 1466 2853 et
1485 2807 1671 2854 veritas
1690 2808 1743 2852 in
1762 2811 1909 2856 nobis
1929 2824 2036 2857 non

158 2863 210 2905 et
231 2871 342 2905 cum
361 2856 493 2902 Filio
517 2857 626 2912 ejus
645 2856 675 2900 J
678 2868 766 2900 eu
789 2854 1006 2899 Christo.

226 2928 275 2971 4.
311 2925 380 2970 Et
396 2924 522 2969 haec
542 2922 802 2968 scribimus
823 2921 966 2968 vobis
979 2951 993 2980 ,
1011 2921 1070 2966 ut

203 3026 226 3044 ⁸
247 3020 339 3058 Joh.
354 3025 413 3063 19,
431 3023 492 3058 3⁵.
539 3018 556 3046 ὃ
572 3018 663 3056 Joh.
681 3023 718 3054 1.

1135 2878 1227 2922 est.

1203 2944 1249 2987 9.
1288 2941 1342 2988 Si
1363 2942 1689 2988 confiteamur
1706 2947 1912 3000 peccata
1940 2959 2037 2990 no-

1182 3024 1199 3044 ‘
1215 3015 1305 3054 Joh.
1325 3020 1384 3058 15,
1404 3021 1464 3053 11.

280 3169 395 3225 Cap.
441 3168 530 3212 111.
607 3171 674 3210 15.
715 3166 1023 3217 arbitramini3
1059 3163 1169 3209 ibid.
1209 3165 1477 3208 carissimus.
1556 3170 1623 3210 16.
1671 3168 1893 3224 epistulis.
1971 3172 2037 3210 17.

163 3226 434 3272 transducti.
494 3228 560 3266 18.
591 3224 704 3266 etin
725 3223 814 3264 die.

283 3281 397 3336 Cap.
426 3279 464 3321 Ι.
526 3284 565 3322 1.
598 3279 716 3335 quod
736 3278 989 3320 audivimus
1007 3279 1056 3320 et
1081 3276 1296 3326 vidimus3
1325 3275 1433 3320 ibid.
1454 3281 1767 3322 tentaverunt.
1826 3283 1866 3321 2.
1895 3284 1941 3321 et
1961 3280 2041 3320 ad-

165 3339 427 3382 nuntiamus
446 3337 587 3377 vobis.
646 3339 687 3377 3.
718 3334 1056 3383 adnuntiamus-3
1083 3331 1196 3376 ibid.
1216 3337 1264 3375 et
1282 3347 1378 3376 cum
1398 3331 1494 3376 filio
1515 3336 1635 3388 (cum
1656 3335 1799 3378 literis
1818 3333 2042 3377 minmcu·

169 3395 270 3450 lis).
326 3397 368 3434 4.
399 3395 445 3434 et
472 3391 581 3433 haec
600 3391 860 3446 scripsimus
878 3389 1010 3432 vobis
1027 3394 1078 3431 ut
1097 3388 1305 3440 gaudium
1325 3393 1527 3432 nostrum
1556 3391 1615 3432 sit
1635 3390 1831 3445 plenum.
1890 3395 1931 3432 5.
1964 3391 2044 3430 ad·

168 3450 400 3494 nuntiatio
431 3458 562 3501 quam
589 3447 793 3489 audimus
819 3446 876 3486 ab
906 3457 960 3487 eo
987 3449 1034 3488 et
1051 3444 1367 3487 adnuntiamus
1385 3446 1529 3488 vobis.
1606 3449 1647 3488 6.
1679 3450 1726 3488 et
1743 3459 1832 3488 non
1852 3445 2045 3489 facinus

171 3507 429 3550 veritatem·
487 3505 528 3545 ⁴1.
558 3503 770 3556 mundar,
786 3500 896 3546 ibid.
919 3501 1037 3545 omni
1056 3504 1219 3556 penato
1240 3501 1408 3555 (omiss.
1430 3499 1526 3554 ab).

1552 3559 1639 3612 02
