2376 3925
353 269 456 365 Im
485 306 731 385 Verlage
767 307 865 363 des
900 304 1421 365 Unterzeichneten
1456 310 1586 366 sind
1620 311 1813 367 ferner
1851 312 2095 368 erschie-

217 408 364 463 nen,
388 391 508 447 und
534 390 713 447 durch
739 392 850 447 alle
873 386 1402 468 Buchhandlungen
1426 410 1500 447 zu
1526 392 1735 451 haben:

221 546 492 604 n'ffn'fflffi
517 545 736 601 ΠἾΝὌΞ
763 545 942 600 nvn.
984 533 1188 596 Biblia
1212 534 1527 597 Hebraica
1561 556 1624 601 ad
1664 558 1875 614 optimas
1915 558 2095 605 editio·-

363 636 455 670 nes
491 622 730 681 imprimis
760 622 1008 669 Everardi
1046 634 1144 667 van
1184 622 1273 668 der
1309 624 1517 681 Hooght
1546 636 1613 669 ex
1645 625 1945 671 recensione
1970 627 2098 683 Aug.

361 690 550 736 Halmii
587 702 844 747 expressa.
913 690 1175 736 Praefatus
1214 691 1291 736 est
1316 690 1441 736 Ern.
1470 690 1557 737 Fr.
1588 691 1699 737 Car.
1728 692 2096 739 Rosenmiiller.

363 758 535 804 Editio
555 759 862 816 stereotypa.
931 758 1013 802 12.
1081 757 1112 800 2
1135 756 1275 801 Thlr.

219 852 435 917 Biblia
459 852 771 915 Hebraica
791 884 858 919 ex
888 872 1188 919 recensione
1215 872 1344 929 Aug.
1371 872 1560 918 Halmii
1588 886 1699 919 cum
1717 850 1995 935 Vulgata
2018 874 2098 919 in-

364 940 740 1053 {ezrprzget'tlijiiiilne1
745 939 905 1064 &agna
924 939 1088 986 denuo
1110 939 1257 986 edita.
1310 939 1481 986 Editio
1500 942 1805 1000 stereotypa.
1870 942 1900 984 2
1922 940 2098 987 Theile

218 1103 371 1181 Ess,
397 1102 688 1163 Leander
711 1123 856 1179 van,
883 1099 1087 1163 Vetus
1114 1098 1591 1163 Testamentum
1613 1122 1865 1184 graece,
1892 1134 1959 1168 ex
1978 1134 2097 1168 ver-

364 1189 508 1235 sione
545 1188 701 1234 Lxx.
739 1189 1095 1247 interpretum,
1133 1188 1199 1234 ad
1231 1188 1489 1246 exemplar
1526 1188 1775 1246 originale
1800 1189 2098 1235 Vaticanum

364 1257 596 1303 accurate
616 1256 816 1302 editum.
886 1258 932 1300 8.
967 1256 1084 1312 maj.
1151 1256 1258 1300 Aut·
1279 1255 1447 1301 weiss.
1472 1254 1694 1314 Druckp.
1723 1257 1754 1300 2
1776 1256 1916 1301 Thlr.
1936 1256 1999 1301 16
2021 1269 2095 1313 gr.

421 1319 517 1361 Auf
531 1318 886 1361 franziisischem
903 1317 1253 1372 Schreibpapier
1270 1320 1295 1359 3
1316 1316 1448 1360 Thlr.
1470 1322 1523 1361 12
1541 1332 1606 1371 gr.

216 1410 515 1472 Lexicon
548 1404 928 1469 Hebraicum
962 1413 1028 1467 et
1064 1404 1469 1468 Chaldaicum
1501 1407 1568 1467 in
1609 1404 1805 1469 libros
1843 1405 2097 1470 Veteris

310 1488 701 1552 Testamenti
717 1536 735 1567 ‚
764 1509 941 1557 ordine
963 1507 1303 1568 etymologico
1324 1507 1653 1566 compositum
1666 1538 1681 1567 ,
1712 1508 1767 1555 in
1784 1522 1928 1555 usum
1947 1510 2097 1557 scho-

355 1578 518 1623 larum
539 1578 692 1623 edidit
710 1577 781 1624 M.
799 1578 861 1622 E.
880 1577 939 1621 F.
959 1576 1203 1633 Leopold.
1273 1576 1336 1620 16
1359 1588 1433 1633 gr.

217 1672 447 1748 Fiirst,
495 1668 611 1733 Dr.
649 1669 879 1747 Julius,
930 1668 1427 1732 Concordantiae
1465 1668 1802 1733 Librorum
1843 1670 2097 1733 Veteris

310 1750 704 1816 Testamenti
739 1750 1074 1812 Sacrorum
1113 1750 1465 1812 Hebraicae
1501 1762 1686 1830 atque
1724 1751 2096 1815 Chaldaicae

366 1840 637 1888 secundum
655 1839 935 1885 litterarum
955 1837 1184 1883 ordinem
1204 1839 1256 1883 et
1271 1837 1633 1884 vocabulorum
1662 1839 1886 1897 origines
1917 1840 2095 1886 distin-

359 1913 437 1956 cte
461 1907 787 1964 ordinateque
809 1905 1106 1964 dispositae,
1134 1903 1308 1950 lexico
1336 1904 1595 1961 utriusque
1613 1904 1819 1965 linguae
1836 1908 1941 1951 tum
1958 1908 2099 1953 rabi·-

359 1977 476 2022 nico
495 1977 600 2021 tum
617 1974 777 2021 latino
790 2004 804 2032 ,
823 1973 922 2020 hoc
942 1975 1035 2032 est,
1056 1972 1479 2031 interpretatione
1499 1973 1721 2019 omnium
1738 1975 2098 2021 vocabulorum

362 2042 611 2101 completa
627 2040 992 2100 locupletatae,
1013 2041 1160 2097 atque
1178 2040 1442 2098 fructibus,
1463 2053 1589 2097 quos
1607 2040 1837 2088 instituta
1855 2045 1905 2088 et
1922 2046 2097 2088 nostra

363 2112 414 2158 et
429 2112 626 2168 patrum
645 2108 889 2156 memoria
906 2107 1188 2166 linguarum
1213 2107 1535 2154 orientalium
1564 2107 1888 2167 investigatio
1909 2123 1967 2156 ac
1987 2109 2096 2156 col-

356 2179 481 2224 latio
501 2177 757 2235 praebuit,
786 2175 1032 2222 industrie
1053 2175 1355 2233 comparatis
1375 2177 1426 2222 et
1453 2175 1697 2236 conditis,
1724 2176 2098 2224 accuratissima

360 2258 470 2292 cum
490 2243 752 2301 diligentia
771 2242 1048 2289 absolutae.
1093 2242 1265 2290 Editio
1286 2245 1576 2302 stereotypa
1594 2245 1623 2288 1
1646 2272 1672 2280 -
1692 2245 1754 2289 1⁰
1773 2244 2094 2302 Abtheilung.

359 2308 391 2356 εὶ
410 2315 438 2358 1
463 2309 602 2355 Thlr.
623 2311 687 2354 12
708 2322 783 2366 gr.

221 2407 434 2483 Fiirst,
453 2402 565 2466 Dr.
577 2401 799 2480 Julius,
813 2401 1268 2484 Lehrgebiiude
1287 2404 1397 2465 der
1416 2404 1841 2467 aramiiischen
1860 2405 2096 2468 Idiome

359 2493 449 2540 mit
475 2493 645 2548 Bezug
682 2490 772 2535 auf
806 2489 885 2535 die
913 2489 1482 2536 Indo-Germanischen
1520 2491 1791 2548 Sprachen.
1862 2492 2095 2539 Chaldai-

361 2561 480 2607 sche
519 2556 842 2603 Grammatik.
908 2557 1052 2602 Auch
1085 2558 1236 2602 unter
1274 2556 1384 2602 dem
1413 2557 1571 2602 Titel:
1608 2558 1970 2604 Formenlehre
2008 2560 2096 2606 der

361 2625 713 2676 chaldaischen
733 2623 1056 2671 Grammatik.
1092 2637 1167 2683 gr.
1188 2625 1237 2669 8.
1273 2625 1301 2668 1
1326 2623 1465 2669 Thlr.
1486 2626 1515 2669 8
1536 2637 1611 2682 gr.

226 2718 693 2801 Uhlemann,D.
710 2719 900 2799 Frid.‚
922 2719 1351 2782 Institutiones
1368 2718 1649 2801 Linguae
1668 2718 2097 2782 Samaritanae

364 2825 430 2858 ex
448 2807 805 2866 antiquissimis
823 2806 1160 2853 monumentis
1181 2808 1354 2853 erutae
1375 2807 1425 2852 et
1441 2805 1692 2865 digestae,
1713 2805 1927 2864 integris
1945 2821 2095 2865 para-

363 2878 633 2934 digmatum
684 2874 866 2921 tabulis
921 2873 1267 2928 iudicibusque
1322 2873 1623 2930 adornatae3
1673 2873 1847 2930 quibus
1902 2875 2099 2922 accedit

363 2941 763 2990 Chrestomathia
791 2941 1104 2988 Samaritana
1130 2939 1399 2986 maximam
1424 2939 1681 2986 Geneseos
1708 2943 1902 2998 partem
1930 2943 1982 2989 et
2011 2955 2095 2988 se-

362 3011 496 3058 lecta
519 3008 828 3065 reliquorum
868 3006 1198 3054 Pentateuchi
1245 3006 1491 3054 librorum
1534 3007 1695 3064 capita
1738 3008 2093 3067 complectens,

359 3077 496 3125 notis
517 3074 702 3122 criticis
722 3076 773 3121 et
791 3074 1064 3133 exegeticis
1084 3073 1334 3121 illustrata
1351 3076 1402 3120 et
1411 3073 1670 3122 Glossario
1691 3074 2009 3134 locupletata.
2044 3079 2090 3121 8.

1225 3283 1435 3350 Karl
1488 3285 1931 3351 Tauebm’tz.
