2376 3925
789 146 1183 200 JOANNES.
1258 151 1426 202 CAP.
1467 153 1515 203 6.
1538 155 1586 204 7.

242 252 309 296 de
338 251 435 297 hoc
463 251 700 308 discipuli
726 251 864 310 ejuS,
904 251 1032 298 dixit
1050 251 1150 299 eis:

240 319 357 363 Hoc
379 330 467 364 vos
489 317 835 364 scandalizat?

313 385 389 430 63.
436 385 495 432 Si
531 398 659 444 ergo
704 384 928 430 videritis
964 384 1153 430 Filium

238 452 463 498 hominis
493 451 899 512 ascendentem,
928 452 1016 499 ubi
1042 454 1154 498 erat

237 519 415 576 prius?

308 587 390 630 64.
429 585 647 643 Spiritus
667 587 768 644 est,
794 585 880 643 qui
901 585 1149 644 vivificat3

238 665 363 700 caro
426 665 540 698 non
600 653 808 711 prodest
866 653 1149 710 quidquam.

235 721 427 778 Verba,
440 732 569 776 quae
588 733 683 778 ego
702 720 903 767 locutus
925 734 1035 768 sum
1053 734 1151 767 vo-

237 788 335 846 bis,
356 786 565 844 spiritus
585 790 637 834 et
654 787 759 833 vita
778 790 909 833 sunt.

309 855 389 898 65.
428 853 529 900 Sed
546 856 665 900 sunt
682 854 881 912 quidam
900 867 967 902 ex
984 854 1147 914 vobis,

238 921 330 978 qui
345 933 451 966 non
472 920 697 968 credunt.
763 915 995 968 Sciebatl’
1014 922 1151 968 enim

238 991 303 1033 ab
342 987 485 1034 initio
514 990 681 1048 Jesus,
713 989 799 1046 qui
836 990 1008 1034 essent
1040 1002 1151 1034 non

240 1054 504 1101 credentes
517 1086 533 1114 ,
567 1055 621 1102 et
638 1055 749 1113 quis
768 1055 1045 1102 traditurus
1064 1068 1147 1102 es-

240 1124 324 1167 set
340 1135 465 1167 eum.
535 1155 539 1158 -

310 1191 389 1234 66.
424 1189 495 1234 Et
511 1189 729 1236 dicebat:
742 1190 1023 1248 Propterea
1042 1189 1149 1236 dixi

238 1255 387 1300 vobis
402 1286 417 1314 ‚
439 1255 583 1312 quiac
606 1269 757 1303 nemo
777 1258 949 1316 potest
966 1257 1146 1303 venire

236 1323 301 1368 ad
318 1336 401 1368 me
413 1353 428 1382 ,
451 1323 550 1368 nisi
568 1324 722 1369 fuerit
742 1325 792 1370 ei
811 1323 978 1369 datum
998 1336 1029 1369 a
1046 1325 1147 1371 Pa-

235 1393 317 1434 tre
336 1403 470 1435 meo.

304 1458 389 1502 67.
405 1457 489 1502 Ex
507 1456 603 1503 hoc
624 1456 768 1504 multi
783 1457 1147 1516 discipulorum

238 1525 354 1582 ejus
384 1523 617 1569 abierunt
638 1526 808 1581 retro;
840 1526 891 1571 et
914 1526 1145 1582 jamnon

235 1590 460 1637 camillo
482 1590 815 1636 ambulabant.

304 1659 384 1703 68.
419 1656 565 1704 Dixit
597 1669 721 1714 ergo
750 1658 899 1702 Iesus
924 1658 989 1704 ad
1018 1658 1146 1703 duo-

236 1724 425 1771 decim:
474 1723 727 1778 Numquid
776 1725 827 1768 et
864 1737 955 1770 vos
992 1724 1146 1770 vultis

233 1791 411 1839 abire‘.⁸

296 1860 381 1904 69.
417 1855 702 1914 Respondit
736 1868 860 1914 ergo
892 1855 942 1902 ei
969 1855 1147 1903 Simon

228 1927 441 1973 Petrus:
480 1923 726 1983 Domine,
765 1923 829 1969 ad
865 1937 1012 1982 quem
1049 1923 1145 1971 ibi-

230 1994 377 2039 mus?
412 1994 582 2039 Verba
609 1992 744 2038 vitae
778 1993 1019 2039 aeternae
1049 1992 1145 2038 ha-

232 2059 349 2108 bes!

298 2128 379 2172 7⁰.
415 2127 485 2173 Et
500 2140 597 2173 nos
624 2126 949 2186 credidimus,
980 2129 1033 2173 et
1051 2140 1141 2173 co-

228 2194 529 2254 gnovimus,
568 2193 686 2251 quia
719 2196 776 2239 tu
814 2207 868 2240 es
908 2194 1137 2241 Christus

222 2262 392 2309 Filius
412 2261 524 2307 Dei.

297 2329 380 2375 71.
414 2328 693 2386 Respondit
712 2329 785 2375 eis
796 2329 971 2375 Jesus:
992 2328 1138 2374 Non-

222 2410 295 2443 ne
328 2409 426 2454 ego
457 2408 548 2441 vos
578 2395 839 2442 duodecim
867 2396 1034 2454 elegi?
1071 2395 1141 2441 Et

224 2476 295 2510 ex
320 2462 463 2510 vobis
484 2476 611 2509 unus
632 2462 860 2509 diabolus
881 2462 980 2509 est!

296 2531 379 2575 ⁶12.
415 2530 626 2577 Dicebat
652 2532 819 2577 autem
843 2530 876 2575 J
880 2530 1025 2577 udam
1053 2528 1137 2577 Si-

218 2596 395 2643 monis
415 2597 733 2657 Iscariotem3
763 2597 845 2645 hic
873 2598 1009 2644 enim
1026 2598 1138 2644 erat

218 2664 500 2710 traditurus
530 2679 670 2725 eum,
704 2678 815 2712 oum
842 2668 979 2713 esset
1004 2677 1135 2711 unus

222 2744 297 2777 ex
322 2731 595 2778 duodecim.

501 2924 672 2982 CAP.
733 2928 851 2979 Vll.

219 3026 435 3069 Christus
453 3026 576 3069 festo
596 3024 907 3081 scenopegiae
928 3025 1129 3069 Judaeos

210 3082 528 3125 institutione·
560 3082 725 3125 imbuit
740 3110 754 3132 ‚
802 3081 1129 3125 calumniantes

261 3180 284 3197 ⁴²
306 3183 341 3207 c.
360 3174 398 3213 3,
416 3174 474 3209 13.
515 3170 643 3209 Marc.
660 3173 721 3214 16,
740 3175 798 3209 19.
854 3170 871 3198 ὗ
890 3169 940 3208 cf.
960 3182 991 3207 c.
1009 3174 1047 3213 2,
1067 3172 1126 3209 2⁵.

208 3226 229 3244 ⁶
250 3217 303 3255 «ff.
323 3227 366 3253 v.
384 3221 445 3255 37.
462 3219 528 3255 44.

338 3362 451 3419 Cap.
490 3362 573 3405 VI.
650 3368 719 3408 65.
761 3367 838 3419 qui
866 3372 1021 3409 essent
1046 3368 1284 3412 credentes
1315 3371 1486 3427 (omiss.
1513 3374 1642 3426 non).

2031 159 2130 209 155

1217 249 1464 300 redarguit.
1509 249 1655 294 Varia
1674 253 1729 296 de
1749 267 1804 297 eo
1823 255 1959 298 dicta.
2015 256 2130 298 Pre-

1222 302 1418 347 hendere
1443 318 1532 348 non
1550 308 1718 374 audent
1737 311 1936 354 ministri
1952 316 2129 354 tantum

1593 377 1752 406 'Virum-

1287 421 1335 465 1.
1371 420 1494 467 Post
1512 421 1636 468 haec
1660 427 1826 471 autem
1844 427 2130 473 ambulabat

1218 486 1252 531 J
1253 500 1368 532 esus
1386 488 1440 532 in
1455 488 1745 550 Galilaeam,
1758 506 1864 538 non
1885 494 2018 540 enim
2032 507 2128 539 vo-

1219 553 1356 600 lebat
1374 554 1430 600 in
1448 557 1479 601 J
1483 556 1694 602 udaeam
1713 560 1966 606 ambulare
1981 574 1996 619 3
2010 561 2127 619 quia

1220 623 1534 678 quaerebant
1577 637 1694 670 eum
1734 625 1919 672 sudaei
1963 629 2126 674 inter-

1217 689 1386 734 ficere.

1284 757 1331 801 2.
1365 755 1494 803 Erat
1511 759 1678 804 autem
1697 758 1751 804 in
1771 761 2007 817 proximo
2022 761 2126 808 dies

1217 822 1376 869 festus
1396 823 1426 867 J
1429 823 1706 871 udaeorum
1718 857 1732 886 ‚
1755 821 2126 886 Scenopegiad.

1285 891 1332 934 3.
1359 889 1616 936 Dixerunt
1634 895 1802 940 autem
1813 894 1876 940 ad
1889 908 2004 940 eum
2021 897 2128 940 fra-

1217 958 1354 1015 trese
1375 957 1512 1013 ejus:
1545 960 1732 1006 Transi
1760 961 1878 1007 hinc
1892 992 1907 1020 ‚
1930 964 1983 1008 et
2001 962 2128 1008 vade

1217 1023 1270 1068 in
1282 1024 1542 1084 Judaeum,
1553 1027 1612 1072 ut
1631 1029 1682 1072 et
1700 1027 1935 1086 discipuli
1953 1029 2029 1075 tui
2048 1030 2127 1076 vi-

1219 1091 1370 1136 deant
1388 1104 1544 1148 opera
1561 1094 1665 1152 tua,
1686 1108 1813 1151 quae
1833 1097 1974 1142 facis.

1282 1160 1331 1202 4.
1382 1158 1544 1205 Nemo
1593 1161 1777 1218 quippe
1825 1163 1880 1208 in
1924 1164 2125 1210 occulto

1217 1223 1334 1280 quid
1354 1224 1502 1284 facit,
1534 1229 1586 1272 et
1605 1228 1804 1283 quaerit
1830 1230 1939 1286 ipse
1959 1231 2012 1274 in
2033 1244 2125 1289 pa-

1215 1291 1316 1336 lam
1337 1305 1476 1350 esse3
1497 1291 1544 1338 si
1561 1292 1686 1340 haec
1705 1295 1850 1356 faci,
1859 1297 2126 1343 manifesta

1215 1360 1267 1404 te
1291 1358 1456 1415 ipsum
1472 1361 1678 1408 mundo.

1283 1427 1331 1470 5.
1373 1425 1552 1484 Neque
1598 1429 1735 1476 enim
1778 1431 1964 1477 fratres
2013 1433 2123 1488 eJ'us

1216 1493 1490 1538 credebant
1507 1494 1562 1540 in
1585 1509 1716 1542 eum.

1281 1561 1328 1606 6.
1363 1559 1502 1606 Dicit
1521 1574 1644 1620 ergo
1667 1563 1741 1610 eis
1760 1564 1934 1612 Jesus:
1969 1567 2121 1611 Tem-

1213 1639 1307 1682 pus
1353 1619 1567 1674 meums
1610 1631 1837 1678 nondum
1887 1632 2120 1689 advenit3

1212 1695 1409 1750 tempus
1447 1696 1616 1741 autem
1653 1699 1878 1744 vestrum
1925 1711 2123 1755 semper

1217 1760 1294 1804 est
1313 1762 1556 1815 paratum.

1283 1825 1330 1870 7.
1365 1825 1484 1872 Non
1509 1829 1682 1884 potest
1706 1831 1920 1876 mundus
1952 1831 2121 1878 odisse

1214 1904 1309 1938 vos
1325 1906 1340 1949 3
1359 1905 1442 1938 me
1460 1896 1629 1940 autem
1647 1895 1756 1941 odit
1769 1911 1782 1954 ;
1796 1897 1912 1953 quia
1924 1911 2021 1956 ego
2042 1903 2120 1944 te-

1213 1959 1504 2006 stimonium
1521 1961 1764 2021 perhibeo
1777 1964 1838 2011 de
1856 1966 1966 2026 illo,
1987 1968 2121 2023 quod

1212 2040 1370 2085 opera
1390 2028 1499 2086 ejus
1517 2029 1650 2077 mala
1669 2033 1801 2078 sunt.

1277 2096 1325 2140 8.
1359 2096 1467 2142 Vos
1496 2098 1754 2145 ascendite
1781 2100 1844 2146 ad
1872 2101 2004 2147 diem
2039 2104 2118 2149 fe·-

1209 2164 1340 2209 stum
1357 2162 1511 2224 hunc,
1524 2178 1621 2224 ego
1631 2168 1800 2213 autem
1817 2182 1923 2214 non
1934 2182 2115 2217 ascen-

1210 2230 1273 2277 do
1315 2230 1378 2277 ad
1416 2231 1546 2277 diem
1571 2234 1756 2280 festum
1785 2235 1958 2294 istum3
1998 2238 2116 2293 quia

1205 2310 1372 2343 meum
1391 2300 1584 2357 tempus
1611 2302 1838 2349 nondum
1855 2303 2116 2361 impletum

1208 2365 1300 2409 est.

1274 2434 1320 2477 9.
1355 2433 1494 2480 Haec
1547 2448 1660 2481 cum
1713 2436 1948 2495 dixisset,
2003 2438 2113 2494 ipse

1203 2500 1390 2545 mansit
1407 2500 1462 2546 in
1481 2501 1723 2549 Galilaea.

1271 2567 1352 2612 10.
1388 2567 1455 2613 Ut
1471 2571 1637 2615 autem
1648 2568 1988 2617 ascenderunt
2005 2572 2110 2618 fra-

1202 2634 1308 2679 tres
1341 2632 1478 2694 ejus,
1515 2638 1636 2682 tunc
1665 2639 1717 2682 et
1745 2638 1854 2694 ipse
1883 2638 2112 2686 ascendit

1202 2699 1266 2745 ad
1295 2700 1426 2747 diem
1459 2704 1645 2749 festmn
1682 2716 1790 2747 non
1822 2704 2104 2765 manifeste,

1201 2768 1292 2814 sed
1311 2768 1455 2825 quasi
1475 2769 1530 2814 in
1551 2768 1769 2815 occulto.

1267 2836 1349 2879 11.
1402 2835 1582 2881 Judaei
1631 2848 1754 2893 ergo
1799 2843 2107 2894 quaerebant

1201 2913 1313 2946 eum
1331 2900 1386 2946 in
1406 2901 1486 2947 die
1505 2902 1719 2961 festo,et
1737 2902 1990 2953 dicebant:
2010 2909 2105 2954 Ubi

1199 2968 1278 3013 est
1294 2966 1414 3013 ille?

1264 3035 1344 3079 12.
1380 3034 1449 3079 Et
1471 3044 1731 3084 murmureP
1755 3040 1966 3087 multum
1993 3044 2104 3086 erat

1196 3098 1250 3146 in
1267 3102 1414 3147 turba
1435 3100 1495 3147 de
1516 3116 1594 3149 eo.
1642 3105 1854 3158 Quidam
1873 3108 2008 3155 enim
2027 3107 2103 3152 di-

1240 3173 1262 3201 ἅ
1277 3173 1412 3211 Levit.
1431 3180 1490 3222 23,
1507 3182 1570 3217 34.
1618 3186 1635 3206 ⁸
1651 3180 1795 3219 Matth.
1810 3187 1870 3223 13,
1889 3184 1946 3219 ⁵5.
2003 3178 2031 3213 f
2050 3181 2102 3216 cs.

1193 3231 1232 3257 v.
1250 3224 1287 3259 8.
1332 3226 1360 3257 ὅ
1377 3222 1428 3261 cf.
1445 3235 1487 3260 v.
1505 3228 1568 3263 41.
1585 3228 1650 3264 43.
1669 3232 1706 3270 9,
1728 3232 1786 3265 16.

1719 3378 1745 3415 7
1748 3379 1789 3416 2.
1836 3373 2102 3419 Isciariotis.

210 3420 330 3463 VII.
392 3424 431 3462 1.
463 3419 580 3462 Post
596 3418 709 3463 haee
722 3421 1091 3477 (omiss.autem).
1148 3428 1193 3465 4.
1224 3424 1410 3481 aliquid.
1468 3431 1510 3470 7.
1543 3430 1650 3482 quia
1671 3428 1740 3483 (in
1755 3428 1898 3483 fine).
1959 3434 2000 3472 8.
2023 3444 2103 3484 ego

211 3490 310 3519 non
330 3476 545 3519 ascendo.
604 3480 669 3519 12.
702 3492 899 3520 murmur
918 3477 1087 3521 multus
1110 3479 1165 3521 de
1186 3493 1240 3522 eo
1260 3486 1373 3525 erat.
