2376 3925
322 144 420 193 132

389 248 471 290 46.
506 245 763 292 Attendite
806 259 837 290 a
884 243 1096 291 Scribis!
1145 242 1230 299 qui

324 312 507 357 volunt
549 312 804 358 ambulare
847 312 902 357 in
951 311 1123 369 stolis,
1180 311 1232 354 et

327 381 496 424 amant
530 379 861 424 salutationes
907 380 960 424 in
998 380 1139 436 foro,
1180 380 1233 422 et

324 447 510 502 primas
549 447 808 492 cathedras
845 447 899 492 in
936 444 1228 504 synagogis,

326 516 377 558 et
393 513 584 570 primos
594 513 867 560 discubitus
882 513 934 559 in
949 512 1200 557 conviviis
1215 525 1229 568 ς

392 597 473 641 47.
493 597 579 654 qui
599 597 847 643 devorant
866 597 1040 642 domos
1056 595 1231 640 vidua-

323 676 461 722 rum,
492 665 785 710 simulantes
809 663 1016 721 longam
1036 663 1231 708 oratio-

324 744 455 776 nem.
508 732 576 776 Hi
595 731 843 789 accipient
863 730 1232 776 damnationem

322 799 586 856 maJorem.

594 961 761 1012 CAP.
814 961 960 1015 XXI.

326 1075 397 1116 De
446 1075 583 1115 vidua
633 1075 718 1115 duo
775 1076 947 1117 minuta
996 1075 1252 1121 offerente..

326 1127 510 1184 Templi
539 1134 587 1172 et
613 1131 739 1172 urbis
766 1129 1014 1174 Ierusalem
1043 1133 1234 1179 eversio,

324 1185 575 1227 incolarum
594 1190 745 1228 terrae
764 1187 969 1230 Judaeae
990 1189 1235 1242 captivitas

320 1246 373 1283 et
402 1241 624 1296 dispersio
660 1243 1000 1298 praedicuntur.
1060 1244 1131 1286 De
1172 1245 1234 1284 si-

325 1297 425 1348 guis
443 1297 673 1350 judicium
700 1300 1093 1341 antecedentibus.
1150 1298 1234 1340 Vi-

456 1353 687 1404 gilandum
708 1360 755 1398 et
776 1355 991 1396 orandum
1013 1359 1100 1396 est.

396 1460 441 1503 1.
476 1459 801 1515 'Respiciens
814 1461 982 1505 autem
990 1460 1115 1505 vidit
1127 1473 1234 1518 eos,

328 1525 413 1580 qui
431 1525 697 1570 mittebant
721 1538 934 1572 munera
962 1539 1051 1571 sua.
1070 1527 1120 1570 in
1144 1540 1235 1584 gs.-

329 1591 696 1651 zophylacium,
720 1591 917 1640 divites.

396 1661 441 1704 2.
483 1659 623 1705 Vidit·
668 1662 835 1709 autem
882 1663 933 1707 et
976 1661 1236 1718 quamdam

330 1726 531 1772 viduam
559 1729 920 1785 pauperculam
955 1729 1238 1774 mittentem

328 1808 449 1841 aera
466 1795 660 1841 minuta
680 1795 797 1842 duo.

397 1864 443 1909 3.
478 1863 547 1908 Et
572 1863 725 1910 dixit:
763 1867 899 1913 Vere
928 1865 1040 1912 dico
1071 1865 1235 1924 vobis,

329 1931 445 1987 quia
497 1931 647 1977 vidua
690 1933 817 1979 haec
862 1946 1078 1993 pauper,
1123 1932 1236 1991 plus

328 2010 476 2053 quam
496 2012 672 2044 omnes
690 2000 848 2046 misit!

396 2067 443 2108 4.
479 2065 607 2109 Nam
629 2079 805 2112 omnes
822 2067 877 2111 hi
889 2080 955 2113 ex
974 2067 1235 2112 abundan-

326 2130 367 2174 ti
394 2130 491 2175 sibi
514 2130 763 2176 miserunt
788 2132 842 2176 in
870 2146 1082 2178 munera
1106 2134 1234 2191 Dei;

327 2196 454 2241 haec
475 2198 642 2241 autem
663 2211 729 2244 ex
750 2211 832 2256 ec,
856 2199 990 2256 quod
1011 2200 1151 2247 deest
1170 2201 1234 2247 il-

324 2262 383 2321 li,
423 2275 621 2309 omnem
658 2264 847 2312 victum
882 2280 1051 2329 suum,
1090 2282 1236 2326 quem

326 2331 517 2390 habuit,
537 2330 689 2377 misit.

396 2402 443 2445 5.
478 2399 578 2446 ⁸Et
618 2400 913 2457 quibusdam
956 2402 1235 2451 dicentibus

329 2468 389 2515 de
409 2467 627 2528 templo,
657 2470 791 2526 quod
819 2470 966 2518 bonis
985 2472 1235 2530 lapidibus

329 2538 381 2581 et
399 2536 545 2582 donis
568 2539 800 2583 ornatum
821 2540 971 2599 esset,
995 2540 1148 2586 dixit:

396 2624 442 2667 6.
478 2622 634 2681 Haec,
656 2635 784 2679 quae
803 2622 1005 2682 videtis,
1029 2624 1237 2670 venient

329 2687 461 2746 dies,
493 2690 546 2735 in
576 2690 753 2747 quibus
780 2702 889 2736 non
917 2690 1235 2747 relinquetur

324 2752 455 2810 lapis
477 2770 629 2813 super
647 2757 889 2818 lapidem,
912 2757 997 2816 qui
1016 2772 1124 2803 non
1144 2757 1233 2804 de-

328 2821 567 2866 struatur.

394 2888 441 2931 7.
476 2888 931 2949 Interrogaverunt
966 2897 1132 2940 autem
1167 2893 1234 2939 il-

326 2954 447 3013 lum,
470 2953 694 3002 dicentes
706 2960 1036 3020 :Praeceptor
1048 2960 1059 3007 Ξ
1073 2974 1234 3019 quan-

372 3070 393 3090 *
409 3074 448 3100 v.
474 3065 600 3098 1—4.
656 3064 785 3105 Mare.
810 3073 873 3113 12,
898 3072 947 3106 41
964 3072 1093 3105 --44.
1158 3076 1234 3104 ην.

324 3112 488 3195 3:336.
535 3108 683 3149 Mal-th.
707 3115 779 3157 24,
805 3118 829 3150 1
845 3135 892 3143 —-
907 3119 971 3154 36.
1021 3116 1147 3155 Marc.
1173 3118 1234 3159 13,

883 141 1167 194 LUCAS.
1242 137 1411 190 CAP.
1452 141 1534 187 2⁰.
1557 139 1638 188 21.

1300 241 1362 286 do
1384 240 1507 285 haec
1538 242 1710 299 erunt,
1747 243 1798 286 et
1821 240 1958 296 quod
1986 241 2216 301 signum,

1300 321 1411 354 cum
1429 307 1539 352 fieri
1557 307 1830 364 incipient}

1367 377 1411 418 8.
1451 374 1549 426 Qui
1569 373 1720 419 dixit:
1740 373 1919 420 Videte
1933 404 1948 434 ,
1969 389 2037 421 ne
2059 377 2215 422 sedu-

1300 440 1504 487 camini!
1545 440 1718 486 multit
1747 441 1880 487 enim
1911 443 2126 489 venient
2163 445 2216 490 in

1298 509 1504 555 nomine
1522 521 1656 567 meo,
1680 507 1931 569 dicentes,
1961 511 2078 566 quia
2093 511 2216 569 Ego

1299 589 1436 634 sum,
1473 578 1523 621 et
1539 577 1734 632 tempus
1756 577 2216 638 appropinquavit3

1299 643 1460 689 nolite
1482 655 1606 700 ergo
1626 643 1702 688 ire
1723 645 1842 701 post
1861 643 1974 690 eos!

1368 729 1415 772 9.
1453 727 1575 772 Cum
1596 728 1764 772 autem
1779 727 2044 774 audieritis
2062 742 2216 786 prae-

1301 794 1369 840 lia
1397 797 1448 840 et
1475 793 1778 853 seditiones,
1807 795 1973 842 nolite
1998 799 2215 854 terreri;

1304 863 1509 920 oportet
1535 861 1750 918 primum
1788 861 1915 909 haec
1943 864 2084 922 fieri,
2123 864 2214 910 sed

1304 929 1525 974 nondum
1547 928 1716 974 statim
1734 929 1864 974 finis.
1891 977 1898 982 ,

1371 997 1452 1040 10.
1490 997 1633 1040 Tunc
1655 995 1850 1042 dicebat
1867 995 1993 1042 illis:
2027 999 2219 1056 Surget

1305 1076 1429 1120 gens
1461 1064 1638 1108 contra
1665 1065 1890 1122 gentem,
1918 1065 1970 1108 et
1996 1063 2218 1124 regnum

1303 1131 1546 1176 adversus
1565 1143 1807 1189 regnum:

1374 1199 1451 1242 11.
1501 1199 1553 1242 et
1594 1200 1771 1243 terrae
1826 1201 1989 1243 motus
2040 1203 2222 1258 magni

1305 1268 1455 1310 erunt
1473 1277 1564 1321 per
1583 1263 1716 1322 loca,
1738 1267 1790 1309 et
1810 1265 2150 1326 pestilentiae,
2169 1273 2223 1314 et

1304 1334 1462 1378 fames
1496 1334 1822 1388 terroresque
1861 1332 1922 1378 de
1954 1333 2130 1394 coelo,
2171 1339 2224 1381 et

1304 1400 1450 1456 signa
1468 1412 1652 1457 magna
1671 1401 1834 1444 erunt.

1372 1484 1452 1527 12.
1491 1483 1591 1528 Sed
1618 1485 1734 1528 ante
1753 1483 1877 1528 haec
1898 1485 2076 1530 omnia
2093 1485 2216 1542 inji-

1305 1547 1443 1596 cient
1455 1550 1598 1596 vobis
1617 1563 1794 1595 manus
1816 1562 1947 1609 suas,
1963 1554 2016 1596 et
2037 1565 2215 1608 perse-

1305 1619 1520 1672 quentur
1533 1647 1547 1675 ,
1568 1616 1825 1662 tradentes
1845 1617 1898 1662 in
1925 1631 2216 1678 synagogas

1306 1686 1357 1729 et
1385 1684 1667 1742 custodias,
1698 1683 1961 1731 trahentes
1985 1686 2050 1731 ad
2069 1701 2215 1746 reges

1307 1754 1358 1797 et
1409 1751 1696 1810 praesides,
1756 1755 1973 1810 propter
2032 1767 2216 1800 nomen

1303 1833 1486 1866 meum.

1373 1888 1452 1932 13.
1491 1886 1767 1944 Continget
1795 1889 1964 1934 autem
1995 1890 2138 1936 vobis
2165 1891 2216 1935 in

1303 1954 1662 2001 testimonium.

1371 2038 1452 2081 14.
1486 2034 1670 2081 Ponite
1716 2047 1842 2093 ergo
1881 2036 1934 2081 in
1983 2038 2215 2085 cordibus

1304 2104 1506 2162 vestris,
1527 2116 1634 2149 non
1651 2104 2028 2164 praemeditari,
2042 2120 2213 2163 quem*

1303 2170 1569 2216 admodum
1585 2170 1940 2228 respondeatis
1955 2187 1969 2229 ;

1370 2254 1451 2298 15.
1489 2264 1586 2309 ego
1608 2250 1742 2297 enim
1762 2251 1891 2297 dabo
1913 2253 2058 2299 vobis
2082 2267 2140 2299 os
2167 2258 2216 2300 et

1304 2320 1628 2378 sapientiam,
1679 2319 1761 2365 cui
1794 2326 1940 2366 nonu
1974 2323 2215 2379 poterunt

1301 2387 1542 2433 resistere
1573 2388 1625 2433 et
1655 2387 2008 2435 contradicere
2039 2402 2212 2435 omnes

1304 2454 1586 2501 adversarii
1603 2454 1780 2500 vestri.

1370 2537 1451 2581 16.
1489 2534 1780 2581 Trademini
1799 2538 2008 2583 autema
2026 2550 2210 2594 paren-

1302 2602 1452 2661 tibus,
1474 2605 1524 2648 et
1542 2604 1800 2662 fratribus,
1825 2606 1876 2649 et
1896 2604 2145 2662 cognatis,
2163 2608 2213 2649 et

1303 2670 1474 2715 amicis
1487 2701 1502 2729 ,
1533 2672 1584 2715 et
1607 2672 1770 2716 morte
1789 2670 2009 2717 afficient
2028 2684 2093 2717 ex
2117 2685 2208 2716 vo-

1303 2738 1403 2793 bis3

1372 2806 1450 2850 17.
1487 2806 1538 2849 et
1551 2804 1690 2850 er'itis
1705 2804 1820 2849 odio
1836 2806 2067 2853 omnibus
2087 2819 2209 2863 pro-

1301 2874 1412 2929 pter
1432 2885 1619 2917 nomen
1637 2886 1830 2929 meum3

1371 2940 1450 2983 18.
1488 2941 1538 2984 et
1566 2938 1812 2996 capillus⁹
1834 2938 1897 2984 de
1927 2940 2089 2998 capite
2121 2954 2209 2985 ve-

1302 3007 1408 3051 stro
1431 3019 1537 3052 non
1555 3006 1754 3063 peribit.

1346 3113 1475 3149 ιἈεὶ.
1502 3117 1540 3155 5,
1567 3116 1626 3151 36.
1656 3124 1729 3161 sqq

1733 3140 1743 3151 .
1783 3116 1808 3149 2
1825 3113 1973 3152 Thess.
1999 3119 2037 3157 2,
2065 3121 2104 3153 9.
2127 3127 2214 3163 sqq.

1301 3168 1324 3187 ὓ
1339 3159 1432 3197 Act.
1449 3162 1486 3202 6,
1504 3164 1564 3196 10.

1611 3166 1632 3185 ⁹
1647 3160 1749 3198 Luc.
1767 3163 1827 3203 12,
1847 3165 1880 3199 7.

446 3302 558 3357 Cap.
592 3300 729 3345 XXI.
804 3308 846 3347 4.
895 3318 958 3346 ex
994 3306 1404 3365 abundantia,(sed
1439 3314 1690 3351 correctum
1741 3318 1808 3353 est
1824 3312 1896 3354 in:
1923 3311 2213 3365 abundanti).

329 3364 371 3401 5.
393 3359 627 3415 lapidibus
645 3359 791 3400 bonis.
850 3362 890 3400 8.
910 3361 977 3401 ire
998 3367 1102 3413 post
1121 3361 1242 3404 illos.

1303 3368 1343 3405 9.
1368 3364 1446 3404 sed
1468 3378 1558 3405 non
1577 3365 1745 3407 statim.
1807 3369 1874 3408 11.
1895 3371 2042 3409 terrae
2061 3373 2215 3409 motus

328 3417 475 3466 magni
501 3414 670 3466 (omiss.
692 3413 776 3467 et).
836 3416 903 3455 12.
923 3415 1167 3457 tradentes
1198 3419 1256 3458 ad
1285 3430 1416 3469 reges
1444 3424 1491 3461 et
1519 3420 1577 3461 ad
1597 3420 1834 3474 praesides
1857 3421 1979 3477 (sic).
2039 3425 2109 3463 15.
2145 3424 2214 3465 cui

334 3480 421 3509 non
440 3472 657 3523 poterint.
