<?xml version="1.0" encoding="UTF-8"?>
<!DOCTYPE html PUBLIC "-//W3C//DTD XHTML 1.0 Transitional//EN"
    "http://www.w3.org/TR/xhtml1/DTD/xhtml1-transitional.dtd">
<html xmlns="http://www.w3.org/1999/xhtml" xml:lang="en" lang="en">
 <head>
  <title>
</title>
<meta http-equiv="Content-Type" content="text/html;charset=utf-8" />
  <meta name='ocr-system' content='tesseract 3.04.00' />
  <meta name='ocr-capabilities' content='ocr_page ocr_carea ocr_par ocr_line ocrx_word'/>
</head>
<body>
  <div class='ocr_page' id='page_1' title='image "./novumtestamentu01flecgoog_0293.png"; bbox 0 0 2376 3925; ppageno 0'>
   <div class='ocr_carea' id='block_1_1' title="bbox 496 156 1822 214">
    <p class='ocr_par' dir='ltr' id='par_1_1' title="bbox 496 156 1822 214">
     <span class='ocr_line' id='line_1_1' title="bbox 496 156 1822 214; baseline 0.002 -6"><span class='ocrx_word' id='word_1_1' title='bbox 496 157 767 210; x_wconf 79' lang='lat' dir='ltr'>ACTUS</span> <span class='ocrx_word' id='word_1_2' title='bbox 819 156 1472 210; x_wconf 80' lang='lat' dir='ltr'><strong>APOSTOLORUM.</strong></span> <span class='ocrx_word' id='word_1_3' title='bbox 1529 159 1700 210; x_wconf 79' lang='lat' dir='ltr'>CAP.</span> <span class='ocrx_word' id='word_1_4' title='bbox 1737 163 1822 214; x_wconf 83' lang='lat'><strong>21.</strong></span> 
     </span>
    </p>
   </div>
   <div class='ocr_carea' id='block_1_2' title="bbox 205 260 1113 722">
    <p class='ocr_par' dir='ltr' id='par_1_2' title="bbox 205 260 1113 722">
     <span class='ocr_line' id='line_1_2' title="bbox 208 260 1112 318; baseline -0.002 -10"><span class='ocrx_word' id='word_1_5' title='bbox 208 263 468 318; x_wconf 84' lang='lat' dir='ltr'><strong>dacorum,</strong></span> <span class='ocrx_word' id='word_1_6' title='bbox 490 260 799 318; x_wconf 85' lang='lat' dir='ltr'><strong>dicens,non</strong></span> <span class='ocrx_word' id='word_1_7' title='bbox 819 260 1001 307; x_wconf 87' lang='lat' dir='ltr'><strong>debere</strong></span> <span class='ocrx_word' id='word_1_8' title='bbox 1022 273 1112 306; x_wconf 87' lang='lat' dir='ltr'><strong>eos</strong></span> 
     </span>
     <span class='ocr_line' id='line_1_3' title="bbox 208 327 1113 386; baseline -0.002 -10"><span class='ocrx_word' id='word_1_9' title='bbox 208 327 571 376; x_wconf 78' lang='lat' dir='ltr'><strong>circumcidere</strong></span> <span class='ocrx_word' id='word_1_10' title='bbox 606 327 739 373; x_wconf 81' lang='lat' dir='ltr'><strong>filios</strong></span> <span class='ocrx_word' id='word_1_11' title='bbox 774 340 911 386; x_wconf 86' lang='lat' dir='ltr'><strong>suos,</strong></span> <span class='ocrx_word' id='word_1_12' title='bbox 948 341 1113 385; x_wconf 88' lang='lat' dir='ltr'><strong>neque</strong></span> 
     </span>
     <span class='ocr_line' id='line_1_4' title="bbox 206 394 1113 453; baseline -0.004 -9"><span class='ocrx_word' id='word_1_13' title='bbox 206 395 489 444; x_wconf 84' lang='lat' dir='ltr'><strong>secundum</strong></span> <span class='ocrx_word' id='word_1_14' title='bbox 506 394 921 442; x_wconf 86' lang='lat' dir='ltr'><strong>consuetudinem</strong></span> <span class='ocrx_word' id='word_1_15' title='bbox 937 394 1113 453; x_wconf 83' lang='lat' dir='ltr'><strong>ingre-</strong></span> 
     </span>
     <span class='ocr_line' id='line_1_5' title="bbox 277 528 1113 586; baseline 0.001 -11"><span class='ocrx_word' id='word_1_16' title='bbox 277 532 360 576; x_wconf 83' lang='lat'><strong>22.</strong></span> <span class='ocrx_word' id='word_1_17' title='bbox 416 528 553 583; x_wconf 73' lang='lat' dir='ltr'><strong>Quid</strong></span> <span class='ocrx_word' id='word_1_18' title='bbox 602 541 725 586; x_wconf 78' lang='lat' dir='ltr'><strong>ergo</strong></span> <span class='ocrx_word' id='word_1_19' title='bbox 780 531 889 575; x_wconf 67' lang='lat' dir='ltr'><strong>est?</strong></span> <span class='ocrx_word' id='word_1_20' title='bbox 941 529 1113 586; x_wconf 87' lang='lat' dir='ltr'><strong>utique</strong></span> 
     </span>
     <span class='ocr_line' id='line_1_6' title="bbox 207 596 1112 655; baseline 0.001 -12"><span class='ocrx_word' id='word_1_21' title='bbox 207 598 416 655; x_wconf 87' lang='lat' dir='ltr'><strong>oportet</strong></span> <span class='ocrx_word' id='word_1_22' title='bbox 428 596 704 643; x_wconf 86' lang='lat' dir='ltr'><strong>convenire</strong></span> <span class='ocrx_word' id='word_1_23' title='bbox 718 597 1085 644; x_wconf 77' lang='lat' dir='ltr'><strong>multitudinem</strong></span> <span class='ocrx_word' id='word_1_24' title='bbox 1098 611 1112 654; x_wconf 75' lang='grc' dir='ltr'><strong>ς</strong></span> 
     </span>
     <span class='ocr_line' id='line_1_7' title="bbox 205 664 1031 722; baseline 0.001 -11"><span class='ocrx_word' id='word_1_25' title='bbox 205 665 421 712; x_wconf 87' lang='lat' dir='ltr'><strong>audient</strong></span> <span class='ocrx_word' id='word_1_26' title='bbox 438 664 573 710; x_wconf 83' lang='lat' dir='ltr'><strong>enim</strong></span> <span class='ocrx_word' id='word_1_27' title='bbox 590 665 639 709; x_wconf 91' lang='lat' dir='ltr'><strong>te</strong></span> <span class='ocrx_word' id='word_1_28' title='bbox 658 665 1031 722; x_wconf 84' lang='lat' dir='ltr'><strong>supervenisse.</strong></span> 
     </span>
    </p>
   </div>
   <div class='ocr_carea' id='block_1_3' title="bbox 202 744 1122 1676">
    <p class='ocr_par' dir='ltr' id='par_1_3' title="bbox 208 744 1115 936">
     <span class='ocr_line' id='line_1_8' title="bbox 276 744 1115 804; baseline 0 -14"><span class='ocrx_word' id='word_1_29' title='bbox 276 745 360 790; x_wconf 81' lang='lat'><strong>23.</strong></span> <span class='ocrx_word' id='word_1_30' title='bbox 396 744 509 790; x_wconf 81' lang='lat' dir='ltr'><strong>Hoc</strong></span> <span class='ocrx_word' id='word_1_31' title='bbox 528 757 651 802; x_wconf 86' lang='lat' dir='ltr'><strong>ergo</strong></span> <span class='ocrx_word' id='word_1_32' title='bbox 672 747 769 804; x_wconf 83' lang='lat' dir='ltr'><strong>fac,</strong></span> <span class='ocrx_word' id='word_1_33' title='bbox 783 745 916 801; x_wconf 89' lang='lat' dir='ltr'><strong>quod</strong></span> <span class='ocrx_word' id='word_1_34' title='bbox 926 745 1017 792; x_wconf 86' lang='lat' dir='ltr'><strong>tibi</strong></span> <span class='ocrx_word' id='word_1_35' title='bbox 1036 744 1115 790; x_wconf 88' lang='lat' dir='ltr'><strong>di-</strong></span> 
     </span>
     <span class='ocr_line' id='line_1_9' title="bbox 209 811 1114 870; baseline -0.003 -11"><span class='ocrx_word' id='word_1_36' title='bbox 209 813 397 859; x_wconf 87' lang='lat' dir='ltr'><strong>cimus:</strong></span> <span class='ocrx_word' id='word_1_37' title='bbox 428 811 558 858; x_wconf 87' lang='lat' dir='ltr'><strong>Sunt</strong></span> <span class='ocrx_word' id='word_1_38' title='bbox 586 811 733 858; x_wconf 88' lang='lat' dir='ltr'><strong>nobis</strong></span> <span class='ocrx_word' id='word_1_39' title='bbox 760 812 863 858; x_wconf 85' lang='lat' dir='ltr'><strong>viri</strong></span> <span class='ocrx_word' id='word_1_40' title='bbox 882 814 1114 870; x_wconf 84' lang='lat' dir='ltr'><strong>quatuor,</strong></span> 
     </span>
     <span class='ocr_line' id='line_1_10' title="bbox 208 878 910 936; baseline 0 -12"><span class='ocrx_word' id='word_1_41' title='bbox 208 882 387 926; x_wconf 79' lang='lat' dir='ltr'><strong>votum</strong></span> <span class='ocrx_word' id='word_1_42' title='bbox 404 878 647 925; x_wconf 85' lang='lat' dir='ltr'><strong>habentes</strong></span> <span class='ocrx_word' id='word_1_43' title='bbox 668 891 819 936; x_wconf 83' lang='lat' dir='ltr'><strong>super</strong></span> <span class='ocrx_word' id='word_1_44' title='bbox 838 892 910 924; x_wconf 89' lang='lat' dir='ltr'><strong>se.</strong></span> 
     </span>
    </p>

    <p class='ocr_par' dir='ltr' id='par_1_4' title="bbox 206 945 1118 1339">
     <span class='ocr_line' id='line_1_11' title="bbox 280 945 1117 1005; baseline 0 -15"><span class='ocrx_word' id='word_1_45' title='bbox 280 948 361 991; x_wconf 76' lang='lat'><strong>24.</strong></span> <span class='ocrx_word' id='word_1_46' title='bbox 392 945 486 991; x_wconf 86' lang='lat' dir='ltr'><strong>His</strong></span> <span class='ocrx_word' id='word_1_47' title='bbox 530 946 797 1003; x_wconf 85' lang='lat' dir='ltr'><strong>assumptis</strong></span> <span class='ocrx_word' id='word_1_48' title='bbox 810 977 824 1005; x_wconf 92' lang='lat'><strong>,</strong></span> <span class='ocrx_word' id='word_1_49' title='bbox 862 945 1117 992; x_wconf 83' lang='lat' dir='ltr'><strong>sanctifica</strong></span> 
     </span>
     <span class='ocr_line' id='line_1_12' title="bbox 208 1011 1115 1070; baseline -0.003 -11"><span class='ocrx_word' id='word_1_50' title='bbox 208 1016 267 1059; x_wconf 85' lang='lat' dir='ltr'><strong>te</strong></span> <span class='ocrx_word' id='word_1_51' title='bbox 292 1025 401 1059; x_wconf 84' lang='lat' dir='ltr'><strong>cum</strong></span> <span class='ocrx_word' id='word_1_52' title='bbox 428 1011 557 1068; x_wconf 84' lang='lat' dir='ltr'><strong>illis3</strong></span> <span class='ocrx_word' id='word_1_53' title='bbox 590 1015 642 1058; x_wconf 88' lang='lat' dir='ltr'><strong>et</strong></span> <span class='ocrx_word' id='word_1_54' title='bbox 666 1013 900 1070; x_wconf 81' lang='lat' dir='ltr'><strong>impende</strong></span> <span class='ocrx_word' id='word_1_55' title='bbox 920 1012 976 1057; x_wconf 89' lang='lat' dir='ltr'><strong>in</strong></span> <span class='ocrx_word' id='word_1_56' title='bbox 994 1011 1115 1070; x_wconf 84' lang='lat' dir='ltr'><strong>illis,</strong></span> 
     </span>
     <span class='ocr_line' id='line_1_13' title="bbox 206 1072 1115 1138; baseline -0.003 -12"><span class='ocrx_word' id='word_1_57' title='bbox 206 1083 271 1126; x_wconf 82' lang='lat' dir='ltr'><strong>ut</strong></span> <span class='ocrx_word' id='word_1_58' title='bbox 280 1079 458 1126; x_wconf 84' lang='lat' dir='ltr'><strong>radant</strong></span> <span class='ocrx_word' id='word_1_59' title='bbox 466 1092 557 1136; x_wconf 84' lang='lat' dir='ltr'><strong>cap</strong></span> <span class='ocrx_word' id='word_1_60' title='bbox 562 1072 672 1136; x_wconf 76' lang='lat' dir='ltr'><strong>ita⁶;</strong></span> <span class='ocrx_word' id='word_1_61' title='bbox 687 1081 737 1125; x_wconf 89' lang='lat' dir='ltr'><strong>et</strong></span> <span class='ocrx_word' id='word_1_62' title='bbox 749 1080 912 1125; x_wconf 86' lang='lat' dir='ltr'><strong>scient</strong></span> <span class='ocrx_word' id='word_1_63' title='bbox 922 1091 1115 1138; x_wconf 88' lang='lat' dir='ltr'><strong>omnes,</strong></span> 
     </span>
     <span class='ocr_line' id='line_1_14' title="bbox 208 1144 1118 1206; baseline -0.002 -14"><span class='ocrx_word' id='word_1_64' title='bbox 208 1148 353 1206; x_wconf 81' lang='lat' dir='ltr'><strong>quia,</strong></span> <span class='ocrx_word' id='word_1_65' title='bbox 375 1159 501 1204; x_wconf 79' lang='lat' dir='ltr'><strong>quae</strong></span> <span class='ocrx_word' id='word_1_66' title='bbox 521 1146 583 1192; x_wconf 85' lang='lat' dir='ltr'><strong>de</strong></span> <span class='ocrx_word' id='word_1_67' title='bbox 606 1149 657 1192; x_wconf 89' lang='lat' dir='ltr'><strong>te</strong></span> <span class='ocrx_word' id='word_1_68' title='bbox 676 1145 968 1205; x_wconf 81' lang='lat' dir='ltr'><strong>audierunt,</strong></span> <span class='ocrx_word' id='word_1_69' title='bbox 989 1144 1118 1190; x_wconf 82' lang='lat' dir='ltr'><strong>falsa</strong></span> 
     </span>
     <span class='ocr_line' id='line_1_15' title="bbox 208 1213 1117 1274; baseline -0.003 -13"><span class='ocrx_word' id='word_1_70' title='bbox 208 1217 354 1274; x_wconf 86' lang='lat' dir='ltr'><strong>sunt,</strong></span> <span class='ocrx_word' id='word_1_71' title='bbox 383 1215 473 1260; x_wconf 89' lang='lat' dir='ltr'><strong>sed</strong></span> <span class='ocrx_word' id='word_1_72' title='bbox 497 1213 720 1260; x_wconf 86' lang='lat' dir='ltr'><strong>ambulas</strong></span> <span class='ocrx_word' id='word_1_73' title='bbox 748 1215 799 1260; x_wconf 89' lang='lat' dir='ltr'><strong>et</strong></span> <span class='ocrx_word' id='word_1_74' title='bbox 816 1213 925 1271; x_wconf 88' lang='lat' dir='ltr'><strong>ipse</strong></span> <span class='ocrx_word' id='word_1_75' title='bbox 946 1214 1117 1259; x_wconf 88' lang='lat' dir='ltr'><strong>custo-</strong></span> 
     </span>
     <span class='ocr_line' id='line_1_16' title="bbox 210 1281 558 1339; baseline -0.003 -11"><span class='ocrx_word' id='word_1_76' title='bbox 210 1281 359 1328; x_wconf 86' lang='lat' dir='ltr'><strong>diens</strong></span> <span class='ocrx_word' id='word_1_77' title='bbox 376 1282 558 1339; x_wconf 85' lang='lat' dir='ltr'><strong>legem.</strong></span> 
     </span>
    </p>

    <p class='ocr_par' dir='ltr' id='par_1_5' title="bbox 202 1347 1122 1676">
     <span class='ocr_line' id='line_1_17' title="bbox 278 1347 1117 1408; baseline 0 -14"><span class='ocrx_word' id='word_1_78' title='bbox 278 1351 364 1395; x_wconf 81' lang='lat'><strong>25.</strong></span> <span class='ocrx_word' id='word_1_79' title='bbox 398 1348 477 1394; x_wconf 87' lang='lat' dir='ltr'><strong>De</strong></span> <span class='ocrx_word' id='word_1_80' title='bbox 496 1347 573 1394; x_wconf 81' lang='lat' dir='ltr'><strong>his</strong></span> <span class='ocrx_word' id='word_1_81' title='bbox 587 1349 770 1408; x_wconf 89' lang='lat' dir='ltr'><strong>autem,</strong></span> <span class='ocrx_word' id='word_1_82' title='bbox 786 1349 871 1405; x_wconf 86' lang='lat' dir='ltr'><strong>qui</strong></span> <span class='ocrx_word' id='word_1_83' title='bbox 886 1347 1117 1394; x_wconf 86' lang='lat' dir='ltr'><strong>credide-</strong></span> 
     </span>
     <span class='ocr_line' id='line_1_18' title="bbox 204 1415 1118 1475; baseline -0.003 -12"><span class='ocrx_word' id='word_1_84' title='bbox 204 1418 332 1463; x_wconf 87' lang='lat' dir='ltr'><strong>runt</strong></span> <span class='ocrx_word' id='word_1_85' title='bbox 352 1429 419 1462; x_wconf 85' lang='lat' dir='ltr'><strong>ex</strong></span> <span class='ocrx_word' id='word_1_86' title='bbox 436 1415 695 1475; x_wconf 74' lang='lat' dir='ltr'><strong>Gentibus,</strong></span> <span class='ocrx_word' id='word_1_87' title='bbox 711 1428 807 1461; x_wconf 87' lang='lat' dir='ltr'><strong>nos</strong></span> <span class='ocrx_word' id='word_1_88' title='bbox 828 1415 1118 1474; x_wconf 75' lang='lat' dir='ltr'><strong>scripsimus</strong></span> 
     </span>
     <span class='ocr_line' id='line_1_19' title="bbox 202 1483 1117 1543; baseline -0.002 -13"><span class='ocrx_word' id='word_1_89' title='bbox 202 1483 493 1542; x_wconf 82' lang='lat' dir='ltr'><strong>judicantes</strong></span> <span class='ocrx_word' id='word_1_90' title='bbox 506 1514 521 1543; x_wconf 87' lang='lat'><strong>,</strong></span> <span class='ocrx_word' id='word_1_91' title='bbox 562 1485 615 1528; x_wconf 89' lang='lat' dir='ltr'><strong>ut</strong></span> <span class='ocrx_word' id='word_1_92' title='bbox 643 1483 931 1530; x_wconf 85' lang='lat' dir='ltr'><strong>abstineant</strong></span> <span class='ocrx_word' id='word_1_93' title='bbox 964 1496 1019 1528; x_wconf 88' lang='lat' dir='ltr'><strong>se</strong></span> <span class='ocrx_word' id='word_1_94' title='bbox 1057 1484 1117 1528; x_wconf 85' lang='lat' dir='ltr'><strong>ab</strong></span> 
     </span>
     <span class='ocr_line' id='line_1_20' title="bbox 204 1550 1122 1608; baseline -0.003 -11"><span class='ocrx_word' id='word_1_95' title='bbox 204 1551 363 1597; x_wconf 85' lang='lat' dir='ltr'><strong>idolis</strong></span> <span class='ocrx_word' id='word_1_96' title='bbox 382 1550 639 1596; x_wconf 87' lang='lat' dir='ltr'><strong>immolato</strong></span> <span class='ocrx_word' id='word_1_97' title='bbox 653 1581 667 1604; x_wconf 92' lang='lat'><strong>,</strong></span> <span class='ocrx_word' id='word_1_98' title='bbox 696 1552 749 1596; x_wconf 89' lang='lat' dir='ltr'><strong>et</strong></span> <span class='ocrx_word' id='word_1_99' title='bbox 764 1550 1010 1607; x_wconf 82' lang='lat' dir='ltr'><strong>sanguine</strong></span> <span class='ocrx_word' id='word_1_100' title='bbox 1024 1579 1039 1608; x_wconf 90' lang='lat'>‚</span> <span class='ocrx_word' id='word_1_101' title='bbox 1069 1551 1122 1595; x_wconf 88' lang='lat' dir='ltr'><strong>et</strong></span> 
     </span>
     <span class='ocr_line' id='line_1_21' title="bbox 205 1617 953 1676; baseline -0.001 -13"><span class='ocrx_word' id='word_1_102' title='bbox 205 1617 477 1676; x_wconf 79' lang='lat' dir='ltr'><strong>suffocato,</strong></span> <span class='ocrx_word' id='word_1_103' title='bbox 500 1619 551 1662; x_wconf 87' lang='lat' dir='ltr'><strong>et</strong></span> <span class='ocrx_word' id='word_1_104' title='bbox 566 1617 907 1662; x_wconf 73' lang='lat' dir='ltr'><strong>fornicatione</strong></span> <span class='ocrx_word' id='word_1_105' title='bbox 915 1622 953 1662; x_wconf 60' lang='grc' dir='ltr'><strong>θ.</strong></span> 
     </span>
    </p>
   </div>
   <div class='ocr_carea' id='block_1_4' title="bbox 202 1693 1124 2093">
    <p class='ocr_par' dir='ltr' id='par_1_6' title="bbox 202 1693 1124 2093">
     <span class='ocr_line' id='line_1_22' title="bbox 279 1693 1121 1753; baseline -0.005 -10"><span class='ocrx_word' id='word_1_106' title='bbox 279 1699 361 1743; x_wconf 84' lang='grc'><strong>26.</strong></span> <span class='ocrx_word' id='word_1_107' title='bbox 400 1699 546 1742; x_wconf 86' lang='lat' dir='ltr'><strong>Tune</strong></span> <span class='ocrx_word' id='word_1_108' title='bbox 592 1695 805 1753; x_wconf 89' lang='lat' dir='ltr'><strong>Paulus,</strong></span> <span class='ocrx_word' id='word_1_109' title='bbox 854 1693 1121 1752; x_wconf 76' lang='lat' dir='ltr'><strong>assumptis</strong></span> 
     </span>
     <span class='ocr_line' id='line_1_23' title="bbox 210 1761 1123 1825; baseline -0.007 -13"><span class='ocrx_word' id='word_1_110' title='bbox 210 1765 355 1825; x_wconf 88' lang='lat' dir='ltr'><strong>viris,</strong></span> <span class='ocrx_word' id='word_1_111' title='bbox 371 1765 581 1821; x_wconf 87' lang='lat' dir='ltr'><strong>postera</strong></span> <span class='ocrx_word' id='word_1_112' title='bbox 601 1761 681 1806; x_wconf 90' lang='lat' dir='ltr'><strong>die</strong></span> <span class='ocrx_word' id='word_1_113' title='bbox 700 1761 989 1818; x_wconf 82' lang='lat' dir='ltr'><strong>purificatus</strong></span> <span class='ocrx_word' id='word_1_114' title='bbox 1010 1774 1123 1807; x_wconf 85' lang='lat' dir='ltr'><strong>cum</strong></span> 
     </span>
     <span class='ocr_line' id='line_1_24' title="bbox 202 1819 1123 1891; baseline -0.009 -12"><span class='ocrx_word' id='word_1_115' title='bbox 202 1831 329 1891; x_wconf 86' lang='lat' dir='ltr'><strong>illis,</strong></span> <span class='ocrx_word' id='word_1_116' title='bbox 372 1827 587 1875; x_wconf 84' lang='lat' dir='ltr'><strong>intravit</strong></span> <span class='ocrx_word' id='word_1_117' title='bbox 622 1828 675 1872; x_wconf 89' lang='lat' dir='ltr'><strong>in</strong></span> <span class='ocrx_word' id='word_1_118' title='bbox 713 1819 993 1884; x_wconf 55' lang='lat' dir='ltr'><strong>templum&amp;</strong></span> <span class='ocrx_word' id='word_1_119' title='bbox 1027 1840 1123 1872; x_wconf 86' lang='lat' dir='ltr'><strong>an·-</strong></span> 
     </span>
     <span class='ocr_line' id='line_1_25' title="bbox 203 1894 1124 1953; baseline -0.009 -7"><span class='ocrx_word' id='word_1_120' title='bbox 203 1897 461 1946; x_wconf 81' lang='lat' dir='ltr'><strong>nuncians</strong></span> <span class='ocrx_word' id='word_1_121' title='bbox 526 1894 869 1953; x_wconf 79' lang='lat' dir='ltr'><strong>expletionem</strong></span> <span class='ocrx_word' id='word_1_122' title='bbox 931 1894 1124 1939; x_wconf 88' lang='lat' dir='ltr'><strong>dierum</strong></span> 
     </span>
     <span class='ocr_line' id='line_1_26' title="bbox 203 1961 1122 2026; baseline -0.007 -12"><span class='ocrx_word' id='word_1_123' title='bbox 203 1962 605 2026; x_wconf 79' lang='lat' dir='ltr'><strong>purificationis,</strong></span> <span class='ocrx_word' id='word_1_124' title='bbox 651 1964 813 2009; x_wconf 89' lang='lat' dir='ltr'><strong>donec</strong></span> <span class='ocrx_word' id='word_1_125' title='bbox 851 1961 1122 2008; x_wconf 83' lang='lat' dir='ltr'><strong>offerretur</strong></span> 
     </span>
     <span class='ocr_line' id='line_1_27' title="bbox 203 2030 1087 2093; baseline -0.005 -12"><span class='ocrx_word' id='word_1_126' title='bbox 203 2048 303 2093; x_wconf 91' lang='lat' dir='ltr'><strong>pro</strong></span> <span class='ocrx_word' id='word_1_127' title='bbox 322 2045 632 2089; x_wconf 87' lang='lat' dir='ltr'><strong>unoquoque</strong></span> <span class='ocrx_word' id='word_1_128' title='bbox 654 2044 830 2076; x_wconf 87' lang='lat' dir='ltr'><strong>eorum</strong></span> <span class='ocrx_word' id='word_1_129' title='bbox 852 2030 1039 2077; x_wconf 88' lang='lat' dir='ltr'><strong>oblatio</strong></span> <span class='ocrx_word' id='word_1_130' title='bbox 1051 2035 1087 2076; x_wconf 72' lang='lat'><strong>‘-</strong></span> 
     </span>
    </p>
   </div>
   <div class='ocr_carea' id='block_1_5' title="bbox 203 2111 1121 2498">
    <p class='ocr_par' dir='ltr' id='par_1_7' title="bbox 203 2111 1121 2498">
     <span class='ocr_line' id='line_1_28' title="bbox 278 2111 1119 2169; baseline -0.001 -10"><span class='ocrx_word' id='word_1_131' title='bbox 278 2115 362 2160; x_wconf 74' lang='lat'><strong>27.</strong></span> <span class='ocrx_word' id='word_1_132' title='bbox 405 2112 537 2158; x_wconf 92' lang='lat' dir='ltr'><strong>Dum</strong></span> <span class='ocrx_word' id='word_1_133' title='bbox 580 2113 748 2158; x_wconf 88' lang='lat' dir='ltr'><strong>autem</strong></span> <span class='ocrx_word' id='word_1_134' title='bbox 784 2113 975 2169; x_wconf 81' lang='lat' dir='ltr'><strong>septem</strong></span> <span class='ocrx_word' id='word_1_135' title='bbox 1014 2111 1119 2158; x_wconf 86' lang='lat' dir='ltr'><strong>dies</strong></span> 
     </span>
     <span class='ocr_line' id='line_1_29' title="bbox 207 2178 1121 2239; baseline -0.007 -10"><span class='ocrx_word' id='word_1_136' title='bbox 207 2180 700 2239; x_wconf 79' lang='lat' dir='ltr'><strong>consummarentur,</strong></span> <span class='ocrx_word' id='word_1_137' title='bbox 724 2178 793 2239; x_wconf 87' lang='lat' dir='ltr'><strong>hi,</strong></span> <span class='ocrx_word' id='word_1_138' title='bbox 814 2178 901 2235; x_wconf 90' lang='lat' dir='ltr'><strong>qui</strong></span> <span class='ocrx_word' id='word_1_139' title='bbox 921 2178 980 2224; x_wconf 89' lang='lat' dir='ltr'><strong>de</strong></span> <span class='ocrx_word' id='word_1_140' title='bbox 1000 2179 1121 2224; x_wconf 89' lang='lat' dir='ltr'><strong>Asia</strong></span> 
     </span>
     <span class='ocr_line' id='line_1_30' title="bbox 209 2245 1119 2305; baseline -0.007 -8"><span class='ocrx_word' id='word_1_141' title='bbox 209 2251 363 2297; x_wconf 84' lang='lat' dir='ltr'><strong>erant</strong></span> <span class='ocrx_word' id='word_1_142' title='bbox 381 2246 587 2305; x_wconf 73' lang='lat' dir='ltr'><strong>sudaei,</strong></span> <span class='ocrx_word' id='word_1_143' title='bbox 609 2261 720 2293; x_wconf 89' lang='lat' dir='ltr'><strong>cum</strong></span> <span class='ocrx_word' id='word_1_144' title='bbox 740 2245 987 2291; x_wconf 84' lang='lat' dir='ltr'><strong>vidissent</strong></span> <span class='ocrx_word' id='word_1_145' title='bbox 1008 2260 1119 2291; x_wconf 86' lang='lat' dir='ltr'><strong>eum</strong></span> 
     </span>
     <span class='ocr_line' id='line_1_31' title="bbox 203 2314 1117 2374; baseline -0.004 -11"><span class='ocrx_word' id='word_1_146' title='bbox 203 2319 265 2363; x_wconf 88' lang='lat' dir='ltr'><strong>in</strong></span> <span class='ocrx_word' id='word_1_147' title='bbox 285 2314 492 2374; x_wconf 83' lang='lat' dir='ltr'><strong>templo,</strong></span> <span class='ocrx_word' id='word_1_148' title='bbox 513 2314 903 2360; x_wconf 80' lang='lat' dir='ltr'><strong>concitaverunt</strong></span> <span class='ocrx_word' id='word_1_149' title='bbox 919 2326 1117 2359; x_wconf 90' lang='lat' dir='ltr'><strong>omnem</strong></span> 
     </span>
     <span class='ocr_line' id='line_1_32' title="bbox 206 2380 1117 2443; baseline -0.003 -14"><span class='ocrx_word' id='word_1_150' title='bbox 206 2382 471 2443; x_wconf 88' lang='lat' dir='ltr'><strong>populum,</strong></span> <span class='ocrx_word' id='word_1_151' title='bbox 489 2384 540 2427; x_wconf 90' lang='lat' dir='ltr'><strong>et</strong></span> <span class='ocrx_word' id='word_1_152' title='bbox 550 2381 838 2439; x_wconf 86' lang='lat' dir='ltr'><strong>injecerunt</strong></span> <span class='ocrx_word' id='word_1_153' title='bbox 857 2380 904 2426; x_wconf 91' lang='lat' dir='ltr'><strong>ei</strong></span> <span class='ocrx_word' id='word_1_154' title='bbox 921 2393 1117 2441; x_wconf 84' lang='lat' dir='ltr'><strong>manus,</strong></span> 
     </span>
     <span class='ocr_line' id='line_1_33' title="bbox 206 2450 511 2498; baseline -0.01 -1"><span class='ocrx_word' id='word_1_155' title='bbox 206 2450 511 2498; x_wconf 81' lang='lat' dir='ltr'><strong>clamantes:</strong></span> 
     </span>
    </p>
   </div>
   <div class='ocr_carea' id='block_1_6' title="bbox 204 2526 1120 2913">
    <p class='ocr_par' dir='ltr' id='par_1_8' title="bbox 204 2526 1120 2913">
     <span class='ocr_line' id='line_1_34' title="bbox 278 2526 1117 2587; baseline -0.001 -12"><span class='ocrx_word' id='word_1_156' title='bbox 278 2532 361 2575; x_wconf 87' lang='lat'><strong>28.</strong></span> <span class='ocrx_word' id='word_1_157' title='bbox 394 2529 507 2575; x_wconf 90' lang='lat' dir='ltr'><strong>Viri</strong></span> <span class='ocrx_word' id='word_1_158' title='bbox 536 2528 825 2587; x_wconf 71' lang='lat' dir='ltr'><strong>Israelitae,</strong></span> <span class='ocrx_word' id='word_1_159' title='bbox 858 2526 1117 2586; x_wconf 80' lang='lat' dir='ltr'><strong>adjuvate!</strong></span> 
     </span>
     <span class='ocr_line' id='line_1_35' title="bbox 205 2596 1119 2656; baseline -0.003 -11"><span class='ocrx_word' id='word_1_160' title='bbox 205 2599 293 2645; x_wconf 85' lang='lat' dir='ltr'><strong>hic</strong></span> <span class='ocrx_word' id='word_1_161' title='bbox 313 2598 391 2644; x_wconf 89' lang='lat' dir='ltr'><strong>est</strong></span> <span class='ocrx_word' id='word_1_162' title='bbox 407 2596 575 2656; x_wconf 88' lang='lat' dir='ltr'><strong>homo,</strong></span> <span class='ocrx_word' id='word_1_163' title='bbox 589 2596 675 2654; x_wconf 88' lang='lat' dir='ltr'><strong>qui</strong></span> <span class='ocrx_word' id='word_1_164' title='bbox 692 2596 935 2642; x_wconf 84' lang='lat' dir='ltr'><strong>adversus</strong></span> <span class='ocrx_word' id='word_1_165' title='bbox 953 2609 1119 2655; x_wconf 89' lang='lat' dir='ltr'><strong>popu-</strong></span> 
     </span>
     <span class='ocr_line' id='line_1_36' title="bbox 204 2663 1118 2723; baseline -0.002 -12"><span class='ocrx_word' id='word_1_166' title='bbox 204 2666 339 2723; x_wconf 88' lang='lat' dir='ltr'><strong>lum,</strong></span> <span class='ocrx_word' id='word_1_167' title='bbox 378 2665 429 2710; x_wconf 89' lang='lat' dir='ltr'><strong>et</strong></span> <span class='ocrx_word' id='word_1_168' title='bbox 462 2663 655 2723; x_wconf 80' lang='lat' dir='ltr'><strong>legem,</strong></span> <span class='ocrx_word' id='word_1_169' title='bbox 694 2665 747 2711; x_wconf 88' lang='lat' dir='ltr'><strong>et</strong></span> <span class='ocrx_word' id='word_1_170' title='bbox 780 2663 949 2709; x_wconf 87' lang='lat' dir='ltr'><strong>locum</strong></span> <span class='ocrx_word' id='word_1_171' title='bbox 984 2663 1118 2709; x_wconf 85' lang='lat' dir='ltr'><strong>hunc</strong></span> 
     </span>
     <span class='ocr_line' id='line_1_37' title="bbox 208 2730 1119 2789; baseline -0.007 -10"><span class='ocrx_word' id='word_1_172' title='bbox 208 2744 391 2779; x_wconf 90' lang='lat' dir='ltr'><strong>omnes</strong></span> <span class='ocrx_word' id='word_1_173' title='bbox 408 2732 592 2787; x_wconf 87' lang='lat' dir='ltr'><strong>ubique</strong></span> <span class='ocrx_word' id='word_1_174' title='bbox 612 2731 819 2789; x_wconf 87' lang='lat' dir='ltr'><strong>docens,</strong></span> <span class='ocrx_word' id='word_1_175' title='bbox 838 2730 1049 2789; x_wconf 82' lang='lat' dir='ltr'><strong>insuper</strong></span> <span class='ocrx_word' id='word_1_176' title='bbox 1069 2731 1119 2777; x_wconf 87' lang='lat' dir='ltr'><strong>et</strong></span> 
     </span>
     <span class='ocr_line' id='line_1_38' title="bbox 209 2796 1120 2854; baseline -0.004 -9"><span class='ocrx_word' id='word_1_177' title='bbox 209 2798 442 2845; x_wconf 83' lang='lat' dir='ltr'><strong>Gentiles</strong></span> <span class='ocrx_word' id='word_1_178' title='bbox 471 2798 671 2843; x_wconf 83' lang='lat' dir='ltr'><strong>induxit</strong></span> <span class='ocrx_word' id='word_1_179' title='bbox 696 2798 751 2843; x_wconf 91' lang='lat' dir='ltr'><strong>in</strong></span> <span class='ocrx_word' id='word_1_180' title='bbox 780 2796 1046 2854; x_wconf 89' lang='lat' dir='ltr'><strong>templum,</strong></span> <span class='ocrx_word' id='word_1_181' title='bbox 1069 2798 1120 2841; x_wconf 88' lang='lat' dir='ltr'><strong>et</strong></span> 
     </span>
     <span class='ocr_line' id='line_1_39' title="bbox 210 2854 1083 2913; baseline -0.007 0"><span class='ocrx_word' id='word_1_182' title='bbox 210 2865 426 2913; x_wconf 84' lang='lat' dir='ltr'><strong>violavit</strong></span> <span class='ocrx_word' id='word_1_183' title='bbox 443 2867 667 2911; x_wconf 83' lang='lat' dir='ltr'><strong>sanctum</strong></span> <span class='ocrx_word' id='word_1_184' title='bbox 688 2864 857 2911; x_wconf 87' lang='lat' dir='ltr'><strong>locum</strong></span> <span class='ocrx_word' id='word_1_185' title='bbox 874 2854 1083 2909; x_wconf 85' lang='lat' dir='ltr'><strong>istums.</strong></span> 
     </span>
    </p>
   </div>
   <div class='ocr_carea' id='block_1_7' title="bbox 174 2942 1118 3140">
    <p class='ocr_par' dir='ltr' id='par_1_9' title="bbox 174 2942 1118 3140">
     <span class='ocr_line' id='line_1_40' title="bbox 174 2942 1116 2999; baseline -0.006 -6"><span class='ocrx_word' id='word_1_186' title='bbox 174 2982 182 2989; x_wconf 85' lang='lat'><em>.</em></span> <span class='ocrx_word' id='word_1_187' title='bbox 276 2949 359 2993; x_wconf 81' lang='lat'><strong>29.</strong></span> <span class='ocrx_word' id='word_1_188' title='bbox 411 2946 659 2992; x_wconf 74' lang='lat' dir='ltr'><strong>Viderunt</strong></span> <span class='ocrx_word' id='word_1_189' title='bbox 710 2943 844 2989; x_wconf 89' lang='lat' dir='ltr'><strong>enim</strong></span> <span class='ocrx_word' id='word_1_190' title='bbox 892 2942 1116 2999; x_wconf 81' lang='lat' dir='ltr'><strong>Trophi-</strong></span> 
     </span>
     <span class='ocr_line' id='line_1_41' title="bbox 205 3010 1118 3070; baseline -0.007 -9"><span class='ocrx_word' id='word_1_191' title='bbox 205 3019 387 3061; x_wconf 70' lang='lat' dir='ltr'><strong>mume</strong></span> <span class='ocrx_word' id='word_1_192' title='bbox 410 3012 687 3070; x_wconf 86' lang='lat' dir='ltr'><strong>Ephesium</strong></span> <span class='ocrx_word' id='word_1_193' title='bbox 702 3011 759 3057; x_wconf 89' lang='lat' dir='ltr'><strong>in</strong></span> <span class='ocrx_word' id='word_1_194' title='bbox 778 3010 981 3056; x_wconf 73' lang='lat' dir='ltr'><strong>civitate</strong></span> <span class='ocrx_word' id='word_1_195' title='bbox 1004 3024 1118 3056; x_wconf 87' lang='lat' dir='ltr'><strong>eum</strong></span> 
     </span>
     <span class='ocr_line' id='line_1_42' title="bbox 206 3079 1118 3140; baseline -0.004 -13"><span class='ocrx_word' id='word_1_196' title='bbox 206 3083 343 3140; x_wconf 85' lang='lat' dir='ltr'><strong>ipso,</strong></span> <span class='ocrx_word' id='word_1_197' title='bbox 363 3094 513 3138; x_wconf 90' lang='lat' dir='ltr'><strong>quem</strong></span> <span class='ocrx_word' id='word_1_198' title='bbox 530 3079 939 3137; x_wconf 86' lang='lat' dir='ltr'><strong>aestimaverunt,</strong></span> <span class='ocrx_word' id='word_1_199' title='bbox 952 3090 1118 3135; x_wconf 85' lang='lat' dir='ltr'><strong>quon-</strong></span> 
     </span>
    </p>
   </div>
   <div class='ocr_carea' id='block_1_8' title="bbox 200 3184 1117 3325">
    <p class='ocr_par' dir='ltr' id='par_1_10' title="bbox 200 3184 1117 3325">
     <span class='ocr_line' id='line_1_43' title="bbox 254 3184 1116 3230; baseline -0.005 -6"><span class='ocrx_word' id='word_1_200' title='bbox 254 3190 329 3225; x_wconf 63' lang='lat' dir='ltr'><strong>bc.</strong></span> <span class='ocrx_word' id='word_1_201' title='bbox 356 3191 428 3230; x_wconf 89' lang='lat'><strong>18,</strong></span> <span class='ocrx_word' id='word_1_202' title='bbox 455 3192 515 3225; x_wconf 87' lang='lat'><strong>18.</strong></span> <span class='ocrx_word' id='word_1_203' title='bbox 582 3190 735 3227; x_wconf 72' lang='lat' dir='ltr'><strong>⁸c.15,</strong></span> <span class='ocrx_word' id='word_1_204' title='bbox 764 3188 825 3222; x_wconf 79' lang='lat'><strong>20·</strong></span> <span class='ocrx_word' id='word_1_205' title='bbox 890 3184 1060 3223; x_wconf 66' lang='lat' dir='ltr'><strong>dicor.</strong></span> <span class='ocrx_word' id='word_1_206' title='bbox 1079 3189 1116 3228; x_wconf 84' lang='grc'><strong>9,</strong></span> 
     </span>
     <span class='ocr_line' id='line_1_44' title="bbox 206 3230 1117 3279; baseline -0.007 -6"><span class='ocrx_word' id='word_1_207' title='bbox 206 3239 382 3273; x_wconf 77' lang='lat'><strong>19—23.</strong></span> <span class='ocrx_word' id='word_1_208' title='bbox 449 3242 466 3261; x_wconf 67' lang='grc' dir='ltr'><strong><em>θ</em></strong></span> <span class='ocrx_word' id='word_1_209' title='bbox 482 3234 607 3270; x_wconf 83' lang='lat' dir='ltr'><strong>Num.</strong></span> <span class='ocrx_word' id='word_1_210' title='bbox 624 3238 693 3277; x_wconf 80' lang='lat'><strong>31,</strong></span> <span class='ocrx_word' id='word_1_211' title='bbox 716 3236 782 3270; x_wconf 70' lang='lat'><strong>23.</strong></span> <span class='ocrx_word' id='word_1_212' title='bbox 803 3242 887 3279; x_wconf 81' lang='lat' dir='ltr'><strong>sqq.</strong></span> <span class='ocrx_word' id='word_1_213' title='bbox 950 3230 978 3265; x_wconf 65' lang='grc' dir='ltr'><em>ἰ</em></span> <span class='ocrx_word' id='word_1_214' title='bbox 993 3233 1117 3269; x_wconf 77' lang='lat' dir='ltr'><strong>Dent.</strong></span> 
     </span>
     <span class='ocr_line' id='line_1_45' title="bbox 200 3282 581 3325; baseline -0.01 -5"><span class='ocrx_word' id='word_1_215' title='bbox 200 3286 265 3325; x_wconf 79' lang='lat'><strong>23,</strong></span> <span class='ocrx_word' id='word_1_216' title='bbox 284 3286 322 3319; x_wconf 88' lang='grc'><strong>3.</strong></span> <span class='ocrx_word' id='word_1_217' title='bbox 370 3287 397 3315; x_wconf 74' lang='grc' dir='ltr'><strong><em>ε</em></strong></span> <span class='ocrx_word' id='word_1_218' title='bbox 416 3293 448 3317; x_wconf 85' lang='lat' dir='ltr'><strong>c.</strong></span> <span class='ocrx_word' id='word_1_219' title='bbox 466 3285 528 3322; x_wconf 82' lang='lat'><strong>20,</strong></span> <span class='ocrx_word' id='word_1_220' title='bbox 544 3282 581 3316; x_wconf 79' lang='lat'><strong>4.</strong></span> 
     </span>
    </p>
   </div>
   <div class='ocr_carea' id='block_1_9' title="bbox 1989 135 2090 214">
    <p class='ocr_par' dir='ltr' id='par_1_11' title="bbox 1989 135 2090 214">
     <span class='ocr_line' id='line_1_46' title="bbox 1989 135 2090 214; baseline 0.02 -2"><span class='ocrx_word' id='word_1_221' title='bbox 1989 135 2090 214; x_wconf 74' lang='lat'><strong>225</strong></span> 
     </span>
    </p>
   </div>
   <div class='ocr_carea' id='block_1_10' title="bbox 1181 261 2093 723">
    <p class='ocr_par' dir='ltr' id='par_1_12' title="bbox 1181 261 2093 374">
     <span class='ocr_line' id='line_1_47' title="bbox 1181 261 2093 321; baseline 0.003 -13"><span class='ocrx_word' id='word_1_222' title='bbox 1181 261 1280 308; x_wconf 87' lang='lat' dir='ltr'><strong>iam</strong></span> <span class='ocrx_word' id='word_1_223' title='bbox 1333 261 1390 307; x_wconf 89' lang='lat' dir='ltr'><strong>in</strong></span> <span class='ocrx_word' id='word_1_224' title='bbox 1439 262 1682 321; x_wconf 89' lang='lat' dir='ltr'><strong>templum</strong></span> <span class='ocrx_word' id='word_1_225' title='bbox 1721 263 2093 312; x_wconf 81' lang='lat' dir='ltr'><strong>introduxisset</strong></span> 
     </span>
     <span class='ocr_line' id='line_1_48' title="bbox 1181 327 1384 374; baseline 0 0"><span class='ocrx_word' id='word_1_226' title='bbox 1181 327 1384 374; x_wconf 86' lang='lat' dir='ltr'><strong>Paulus.</strong></span> 
     </span>
    </p>

    <p class='ocr_par' dir='ltr' id='par_1_13' title="bbox 1181 397 2090 723">
     <span class='ocr_line' id='line_1_49' title="bbox 1250 397 2088 454; baseline 0.006 -13"><span class='ocrx_word' id='word_1_227' title='bbox 1250 397 1331 442; x_wconf 82' lang='lat'><strong>3⁰.</strong></span> <span class='ocrx_word' id='word_1_228' title='bbox 1385 397 1744 454; x_wconf 74' lang='lat' dir='ltr'><strong>commotaque</strong></span> <span class='ocrx_word' id='word_1_229' title='bbox 1789 401 1868 446; x_wconf 86' lang='lat' dir='ltr'><strong>est</strong></span> <span class='ocrx_word' id='word_1_230' title='bbox 1909 400 2088 446; x_wconf 84' lang='lat' dir='ltr'><strong>civitas</strong></span> 
     </span>
     <span class='ocr_line' id='line_1_50' title="bbox 1181 464 2087 524; baseline 0.006 -16"><span class='ocrx_word' id='word_1_231' title='bbox 1181 464 1318 521; x_wconf 84' lang='lat' dir='ltr'><strong>tota,</strong></span> <span class='ocrx_word' id='word_1_232' title='bbox 1349 465 1401 509; x_wconf 87' lang='lat' dir='ltr'><strong>et</strong></span> <span class='ocrx_word' id='word_1_233' title='bbox 1427 465 1560 510; x_wconf 80' lang='lat' dir='ltr'><strong>faeta</strong></span> <span class='ocrx_word' id='word_1_234' title='bbox 1587 466 1664 510; x_wconf 87' lang='lat' dir='ltr'><strong>est</strong></span> <span class='ocrx_word' id='word_1_235' title='bbox 1691 467 1962 512; x_wconf 89' lang='lat' dir='ltr'><strong>concursio</strong></span> <span class='ocrx_word' id='word_1_236' title='bbox 1989 480 2087 524; x_wconf 87' lang='lat' dir='ltr'><strong>po-</strong></span> 
     </span>
     <span class='ocr_line' id='line_1_51' title="bbox 1181 530 2086 593; baseline 0.007 -18"><span class='ocrx_word' id='word_1_237' title='bbox 1181 530 1304 587; x_wconf 82' lang='lat' dir='ltr'><strong>puli.</strong></span> <span class='ocrx_word' id='word_1_238' title='bbox 1338 530 1406 576; x_wconf 89' lang='lat' dir='ltr'><strong>Et</strong></span> <span class='ocrx_word' id='word_1_239' title='bbox 1415 530 1848 588; x_wconf 78' lang='lat' dir='ltr'><strong>apprehendentes</strong></span> <span class='ocrx_word' id='word_1_240' title='bbox 1857 534 2086 593; x_wconf 84' lang='lat' dir='ltr'><strong>Paulum,</strong></span> 
     </span>
     <span class='ocr_line' id='line_1_52' title="bbox 1182 597 2090 660; baseline 0.007 -18"><span class='ocrx_word' id='word_1_241' title='bbox 1182 597 1450 644; x_wconf 77' lang='lat' dir='ltr'><strong>trahebant</strong></span> <span class='ocrx_word' id='word_1_242' title='bbox 1469 611 1583 644; x_wconf 90' lang='lat' dir='ltr'><strong>eum</strong></span> <span class='ocrx_word' id='word_1_243' title='bbox 1596 601 1743 644; x_wconf 85' lang='lat' dir='ltr'><strong>extra</strong></span> <span class='ocrx_word' id='word_1_244' title='bbox 1759 601 1998 657; x_wconf 89' lang='lat' dir='ltr'><strong>templum</strong></span> <span class='ocrx_word' id='word_1_245' title='bbox 2010 616 2024 660; x_wconf 90' lang='lat'>;</span> <span class='ocrx_word' id='word_1_246' title='bbox 2037 605 2090 648; x_wconf 88' lang='lat' dir='ltr'><strong>et</strong></span> 
     </span>
     <span class='ocr_line' id='line_1_53' title="bbox 1184 664 1927 723; baseline 0.004 -14"><span class='ocrx_word' id='word_1_247' title='bbox 1184 664 1352 710; x_wconf 90' lang='lat' dir='ltr'><strong>statim</strong></span> <span class='ocrx_word' id='word_1_248' title='bbox 1373 665 1574 712; x_wconf 85' lang='lat' dir='ltr'><strong>clausae</strong></span> <span class='ocrx_word' id='word_1_249' title='bbox 1593 667 1711 712; x_wconf 88' lang='lat' dir='ltr'><strong>sunt</strong></span> <span class='ocrx_word' id='word_1_250' title='bbox 1723 666 1927 723; x_wconf 83' lang='lat' dir='ltr'><strong>januae.</strong></span> 
     </span>
    </p>
   </div>
   <div class='ocr_carea' id='block_1_11' title="bbox 1183 744 2092 1542">
    <p class='ocr_par' dir='ltr' id='par_1_14' title="bbox 1184 744 2088 991">
     <span class='ocr_line' id='line_1_54' title="bbox 1251 744 2088 798; baseline 0.006 -8"><span class='ocrx_word' id='word_1_251' title='bbox 1251 745 1333 790; x_wconf 85' lang='grc'><strong>31.</strong></span> <span class='ocrx_word' id='word_1_252' title='bbox 1370 744 1741 798; x_wconf 75' lang='lat' dir='ltr'><strong>Quaerentibus</strong></span> <span class='ocrx_word' id='word_1_253' title='bbox 1779 749 1948 794; x_wconf 86' lang='lat' dir='ltr'><strong>autem</strong></span> <span class='ocrx_word' id='word_1_254' title='bbox 1975 762 2088 795; x_wconf 87' lang='lat' dir='ltr'><strong>eum</strong></span> 
     </span>
     <span class='ocr_line' id='line_1_55' title="bbox 1185 810 2086 871; baseline 0.006 -15"><span class='ocrx_word' id='word_1_255' title='bbox 1185 810 1444 871; x_wconf 87' lang='lat' dir='ltr'><strong>occidere,</strong></span> <span class='ocrx_word' id='word_1_256' title='bbox 1473 812 1765 859; x_wconf 88' lang='lat' dir='ltr'><strong>nunciatum</strong></span> <span class='ocrx_word' id='word_1_257' title='bbox 1789 816 1868 860; x_wconf 86' lang='lat' dir='ltr'><strong>est</strong></span> <span class='ocrx_word' id='word_1_258' title='bbox 1883 815 2086 861; x_wconf 87' lang='lat' dir='ltr'><strong>tribuno</strong></span> 
     </span>
     <span class='ocr_line' id='line_1_56' title="bbox 1184 878 2088 932; baseline 0.006 -9"><span class='ocrx_word' id='word_1_259' title='bbox 1184 878 1436 923; x_wconf 82' lang='lat' dir='ltr'><strong>cohortis:</strong></span> <span class='ocrx_word' id='word_1_260' title='bbox 1475 879 1604 932; x_wconf 73' lang='lat' dir='ltr'><strong>Quia</strong></span> <span class='ocrx_word' id='word_1_261' title='bbox 1629 882 1738 926; x_wconf 85' lang='lat' dir='ltr'><strong>tota</strong></span> <span class='ocrx_word' id='word_1_262' title='bbox 1763 882 2088 928; x_wconf 81' lang='lat' dir='ltr'><strong>confunditur</strong></span> 
     </span>
     <span class='ocr_line' id='line_1_57' title="bbox 1184 945 1475 991; baseline -0.003 -1"><span class='ocrx_word' id='word_1_263' title='bbox 1184 945 1475 991; x_wconf 82' lang='lat' dir='ltr'><strong>Ierusalem.</strong></span> 
     </span>
    </p>

    <p class='ocr_par' dir='ltr' id='par_1_15' title="bbox 1183 1010 2092 1337">
     <span class='ocr_line' id='line_1_58' title="bbox 1253 1010 2089 1073; baseline 0.007 -17"><span class='ocrx_word' id='word_1_264' title='bbox 1253 1010 1332 1057; x_wconf 81' lang='lat'><strong>32.</strong></span> <span class='ocrx_word' id='word_1_265' title='bbox 1371 1011 1470 1065; x_wconf 76' lang='lat' dir='ltr'><strong>Qui</strong></span> <span class='ocrx_word' id='word_1_266' title='bbox 1489 1013 1655 1059; x_wconf 85' lang='lat' dir='ltr'><strong>statim</strong></span> <span class='ocrx_word' id='word_1_267' title='bbox 1668 1016 1934 1073; x_wconf 79' lang='lat' dir='ltr'><strong>assumptis</strong></span> <span class='ocrx_word' id='word_1_268' title='bbox 1953 1016 2089 1062; x_wconf 88' lang='lat' dir='ltr'><strong>mili-</strong></span> 
     </span>
     <span class='ocr_line' id='line_1_59' title="bbox 1183 1078 2090 1140; baseline 0.004 -15"><span class='ocrx_word' id='word_1_269' title='bbox 1183 1078 1316 1125; x_wconf 80' lang='lat' dir='ltr'><strong>tibus</strong></span> <span class='ocrx_word' id='word_1_270' title='bbox 1344 1081 1394 1124; x_wconf 89' lang='lat' dir='ltr'><strong>et</strong></span> <span class='ocrx_word' id='word_1_271' title='bbox 1423 1081 1829 1140; x_wconf 82' lang='lat' dir='ltr'><strong>centurionibus,</strong></span> <span class='ocrx_word' id='word_1_272' title='bbox 1869 1083 2090 1130; x_wconf 82' lang='lat' dir='ltr'><strong>decurrit</strong></span> 
     </span>
     <span class='ocr_line' id='line_1_60' title="bbox 1185 1145 2088 1200; baseline 0.008 -11"><span class='ocrx_word' id='word_1_273' title='bbox 1185 1146 1248 1190; x_wconf 82' lang='lat' dir='ltr'><strong>ad</strong></span> <span class='ocrx_word' id='word_1_274' title='bbox 1268 1145 1400 1191; x_wconf 89' lang='lat' dir='ltr'><strong>illos.</strong></span> <span class='ocrx_word' id='word_1_275' title='bbox 1472 1147 1570 1200; x_wconf 75' lang='lat' dir='ltr'><strong>Qui</strong></span> <span class='ocrx_word' id='word_1_276' title='bbox 1601 1161 1713 1194; x_wconf 87' lang='lat' dir='ltr'><strong>cum</strong></span> <span class='ocrx_word' id='word_1_277' title='bbox 1731 1148 1977 1195; x_wconf 80' lang='lat' dir='ltr'><strong>vidissent</strong></span> <span class='ocrx_word' id='word_1_278' title='bbox 1993 1152 2088 1196; x_wconf 89' lang='lat' dir='ltr'><strong>tri-</strong></span> 
     </span>
     <span class='ocr_line' id='line_1_61' title="bbox 1184 1213 2092 1273; baseline 0.004 -14"><span class='ocrx_word' id='word_1_279' title='bbox 1184 1215 1389 1272; x_wconf 89' lang='lat' dir='ltr'><strong>bunum,</strong></span> <span class='ocrx_word' id='word_1_280' title='bbox 1427 1215 1480 1259; x_wconf 88' lang='lat' dir='ltr'><strong>et</strong></span> <span class='ocrx_word' id='word_1_281' title='bbox 1513 1213 1726 1273; x_wconf 86' lang='lat' dir='ltr'><strong>milites,</strong></span> <span class='ocrx_word' id='word_1_282' title='bbox 1765 1221 2092 1263; x_wconf 84' lang='lat' dir='ltr'><strong>cessaverunt</strong></span> 
     </span>
     <span class='ocr_line' id='line_1_62' title="bbox 1184 1280 1696 1337; baseline 0 -11"><span class='ocrx_word' id='word_1_283' title='bbox 1184 1281 1452 1337; x_wconf 82' lang='lat' dir='ltr'><strong>percutere</strong></span> <span class='ocrx_word' id='word_1_284' title='bbox 1472 1280 1696 1327; x_wconf 84' lang='lat' dir='ltr'><strong>Paulum.</strong></span> 
     </span>
    </p>

    <p class='ocr_par' dir='ltr' id='par_1_16' title="bbox 1186 1347 2092 1542">
     <span class='ocr_line' id='line_1_63' title="bbox 1255 1347 2089 1397; baseline 0.006 -5"><span class='ocrx_word' id='word_1_285' title='bbox 1255 1348 1337 1392; x_wconf 85' lang='grc'><strong>33.</strong></span> <span class='ocrx_word' id='word_1_286' title='bbox 1383 1349 1526 1393; x_wconf 84' lang='lat' dir='ltr'><strong>Tunc</strong></span> <span class='ocrx_word' id='word_1_287' title='bbox 1570 1347 1816 1395; x_wconf 85' lang='lat' dir='ltr'><strong>accedens</strong></span> <span class='ocrx_word' id='word_1_288' title='bbox 1859 1351 2089 1397; x_wconf 84' lang='lat' dir='ltr'><strong>tribunus</strong></span> 
     </span>
     <span class='ocr_line' id='line_1_64' title="bbox 1186 1413 2092 1474; baseline 0.006 -15"><span class='ocrx_word' id='word_1_289' title='bbox 1186 1413 1521 1470; x_wconf 81' lang='lat' dir='ltr'><strong>apprehendit</strong></span> <span class='ocrx_word' id='word_1_290' title='bbox 1551 1427 1690 1474; x_wconf 85' lang='lat' dir='ltr'><strong>eum,</strong></span> <span class='ocrx_word' id='word_1_291' title='bbox 1729 1418 1780 1462; x_wconf 88' lang='lat' dir='ltr'><strong>et</strong></span> <span class='ocrx_word' id='word_1_292' title='bbox 1801 1416 1956 1474; x_wconf 81' lang='lat' dir='ltr'><strong>jussit</strong></span> <span class='ocrx_word' id='word_1_293' title='bbox 1980 1431 2092 1464; x_wconf 90' lang='lat' dir='ltr'><strong>eum</strong></span> 
     </span>
     <span class='ocr_line' id='line_1_65' title="bbox 1187 1475 2090 1542; baseline 0.006 -17"><span class='ocrx_word' id='word_1_294' title='bbox 1187 1480 1391 1539; x_wconf 86' lang='lat' dir='ltr'><strong>alligari</strong></span> <span class='ocrx_word' id='word_1_295' title='bbox 1421 1483 1612 1528; x_wconf 86' lang='lat' dir='ltr'><strong>catenis</strong></span> <span class='ocrx_word' id='word_1_296' title='bbox 1625 1475 1654 1511; x_wconf 74' lang='lat'><strong>&#39;¹</strong></span> <span class='ocrx_word' id='word_1_297' title='bbox 1683 1483 1900 1542; x_wconf 81' lang='lat' dir='ltr'><strong>duabus3</strong></span> <span class='ocrx_word' id='word_1_298' title='bbox 1933 1487 1984 1530; x_wconf 88' lang='lat' dir='ltr'><strong>et</strong></span> <span class='ocrx_word' id='word_1_299' title='bbox 2009 1485 2090 1530; x_wconf 88' lang='lat' dir='ltr'><strong>in-</strong></span> 
     </span>
    </p>
   </div>
   <div class='ocr_carea' id='block_1_12' title="bbox 1186 1549 2092 1660">
    <p class='ocr_par' dir='ltr' id='par_1_17' title="bbox 1186 1549 2092 1660">
     <span class='ocr_line' id='line_1_66' title="bbox 1186 1549 2092 1659; baseline 0.006 -66"><span class='ocrx_word' id='word_1_300' title='bbox 1186 1549 1498 1659; x_wconf 59' lang='lat' dir='ltr'><strong>terrotgabat,</strong></span> <span class='ocrx_word' id='word_1_301' title='bbox 1513 1550 1623 1606; x_wconf 87' lang='lat' dir='ltr'><strong>quis</strong></span> <span class='ocrx_word' id='word_1_302' title='bbox 1644 1552 1793 1610; x_wconf 87' lang='lat' dir='ltr'><strong>esset,</strong></span> <span class='ocrx_word' id='word_1_303' title='bbox 1808 1554 1860 1597; x_wconf 89' lang='lat' dir='ltr'><strong>et</strong></span> <span class='ocrx_word' id='word_1_304' title='bbox 1878 1551 1995 1608; x_wconf 87' lang='lat' dir='ltr'><strong>quid</strong></span> <span class='ocrx_word' id='word_1_305' title='bbox 2013 1554 2092 1598; x_wconf 85' lang='lat' dir='ltr'><strong>fe-</strong></span> 
     </span>
     <span class='ocr_line' id='line_1_67' title="bbox 1191 1628 1358 1660; baseline 0 0"><span class='ocrx_word' id='word_1_306' title='bbox 1191 1628 1319 1660; x_wconf 70' lang='lat' dir='ltr'><strong>cisse</strong></span> <span class='ocrx_word' id='word_1_307' title='bbox 1345 1648 1358 1660; x_wconf 91' lang='lat'><strong>.</strong></span> 
     </span>
    </p>
   </div>
   <div class='ocr_carea' id='block_1_13' title="bbox 1186 1681 2096 2277">
    <p class='ocr_par' dir='ltr' id='par_1_18' title="bbox 1186 1681 2096 1938">
     <span class='ocr_line' id='line_1_68' title="bbox 1259 1681 2096 1732; baseline 0.008 -7"><span class='ocrx_word' id='word_1_308' title='bbox 1259 1681 1339 1726; x_wconf 80' lang='lat'><strong>34.</strong></span> <span class='ocrx_word' id='word_1_309' title='bbox 1367 1681 1471 1727; x_wconf 80' lang='lat' dir='ltr'><strong>Alii</strong></span> <span class='ocrx_word' id='word_1_310' title='bbox 1489 1684 1654 1728; x_wconf 86' lang='lat' dir='ltr'><strong>autem</strong></span> <span class='ocrx_word' id='word_1_311' title='bbox 1666 1683 1801 1729; x_wconf 85' lang='lat' dir='ltr'><strong>aliud</strong></span> <span class='ocrx_word' id='word_1_312' title='bbox 1815 1685 2096 1732; x_wconf 85' lang='lat' dir='ltr'><strong>clamabant</strong></span> 
     </span>
     <span class='ocr_line' id='line_1_69' title="bbox 1191 1747 2096 1808; baseline 0.008 -17"><span class='ocrx_word' id='word_1_313' title='bbox 1191 1747 1250 1791; x_wconf 89' lang='lat' dir='ltr'><strong>in·</strong></span> <span class='ocrx_word' id='word_1_314' title='bbox 1279 1749 1442 1794; x_wconf 75' lang='lat' dir='ltr'><strong>turba·</strong></span> <span class='ocrx_word' id='word_1_315' title='bbox 1515 1747 1586 1793; x_wconf 87' lang='lat' dir='ltr'><strong>Et</strong></span> <span class='ocrx_word' id='word_1_316' title='bbox 1631 1763 1743 1794; x_wconf 86' lang='lat' dir='ltr'><strong>eum</strong></span> <span class='ocrx_word' id='word_1_317' title='bbox 1779 1763 1886 1796; x_wconf 85' lang='lat' dir='ltr'><strong>non</strong></span> <span class='ocrx_word' id='word_1_318' title='bbox 1923 1757 2096 1808; x_wconf 84' lang='lat' dir='ltr'><strong>posset</strong></span> 
     </span>
     <span class='ocr_line' id='line_1_70' title="bbox 1191 1815 2092 1878; baseline 0.007 -20"><span class='ocrx_word' id='word_1_319' title='bbox 1191 1815 1383 1859; x_wconf 84' lang='lat' dir='ltr'><strong>certum</strong></span> <span class='ocrx_word' id='word_1_320' title='bbox 1393 1827 1707 1872; x_wconf 80' lang='lat' dir='ltr'><strong>cognoscere</strong></span> <span class='ocrx_word' id='word_1_321' title='bbox 1719 1829 1841 1873; x_wconf 83' lang='lat' dir='ltr'><strong>prae</strong></span> <span class='ocrx_word' id='word_1_322' title='bbox 1859 1819 2092 1878; x_wconf 87' lang='lat' dir='ltr'><strong>tumultu,</strong></span> 
     </span>
     <span class='ocr_line' id='line_1_71' title="bbox 1186 1878 1877 1938; baseline 0.004 -13"><span class='ocrx_word' id='word_1_323' title='bbox 1186 1878 1342 1938; x_wconf 85' lang='lat' dir='ltr'><strong>jussit</strong></span> <span class='ocrx_word' id='word_1_324' title='bbox 1361 1879 1475 1925; x_wconf 82' lang='lat' dir='ltr'><strong>duci</strong></span> <span class='ocrx_word' id='word_1_325' title='bbox 1493 1894 1606 1926; x_wconf 89' lang='lat' dir='ltr'><strong>eum</strong></span> <span class='ocrx_word' id='word_1_326' title='bbox 1625 1881 1678 1926; x_wconf 90' lang='lat' dir='ltr'><strong>in</strong></span> <span class='ocrx_word' id='word_1_327' title='bbox 1697 1885 1877 1928; x_wconf 85' lang='lat' dir='ltr'><strong>castra.</strong></span> 
     </span>
    </p>

    <p class='ocr_par' dir='ltr' id='par_1_19' title="bbox 1186 1946 2094 2142">
     <span class='ocr_line' id='line_1_72' title="bbox 1259 1946 2092 2012; baseline 0.008 -20"><span class='ocrx_word' id='word_1_328' title='bbox 1259 1947 1341 1993; x_wconf 83' lang='grc'><strong>35.</strong></span> <span class='ocrx_word' id='word_1_329' title='bbox 1375 1946 1564 1994; x_wconf 87' lang='lat' dir='ltr'><strong>Etcum</strong></span> <span class='ocrx_word' id='word_1_330' title='bbox 1575 1947 1801 1997; x_wconf 76' lang='lat' dir='ltr'><strong>venisset</strong></span> <span class='ocrx_word' id='word_1_331' title='bbox 1813 1950 1876 1996; x_wconf 83' lang='lat' dir='ltr'><strong>ad</strong></span> <span class='ocrx_word' id='word_1_332' title='bbox 1889 1952 2092 2012; x_wconf 82' lang='lat' dir='ltr'><strong>gradus,</strong></span> 
     </span>
     <span class='ocr_line' id='line_1_73' title="bbox 1191 2013 2094 2075; baseline 0.004 -13"><span class='ocrx_word' id='word_1_333' title='bbox 1191 2013 1422 2075; x_wconf 75' lang='lat' dir='ltr'><strong>contigit,</strong></span> <span class='ocrx_word' id='word_1_334' title='bbox 1435 2017 1491 2061; x_wconf 89' lang='lat' dir='ltr'><strong>ut</strong></span> <span class='ocrx_word' id='word_1_335' title='bbox 1509 2018 1798 2074; x_wconf 84' lang='lat' dir='ltr'><strong>portaretur</strong></span> <span class='ocrx_word' id='word_1_336' title='bbox 1817 2019 2094 2066; x_wconf 83' lang='lat' dir='ltr'><strong>amilitibus</strong></span> 
     </span>
     <span class='ocr_line' id='line_1_74' title="bbox 1186 2082 1727 2142; baseline 0.004 -14"><span class='ocrx_word' id='word_1_337' title='bbox 1186 2084 1398 2141; x_wconf 88' lang='lat' dir='ltr'><strong>propter</strong></span> <span class='ocrx_word' id='word_1_338' title='bbox 1416 2082 1518 2129; x_wconf 84' lang='lat' dir='ltr'><strong>vim</strong></span> <span class='ocrx_word' id='word_1_339' title='bbox 1535 2084 1727 2142; x_wconf 87' lang='lat' dir='ltr'><strong>populi.</strong></span> 
     </span>
    </p>

    <p class='ocr_par' dir='ltr' id='par_1_20' title="bbox 1188 2151 2092 2277">
     <span class='ocr_line' id='line_1_75' title="bbox 1257 2151 2092 2207; baseline 0.008 -12"><span class='ocrx_word' id='word_1_340' title='bbox 1257 2152 1336 2195; x_wconf 86' lang='grc'><strong>36.</strong></span> <span class='ocrx_word' id='word_1_341' title='bbox 1373 2151 1686 2207; x_wconf 88' lang='lat' dir='ltr'><strong>Sequebatur</strong></span> <span class='ocrx_word' id='word_1_342' title='bbox 1703 2153 1840 2199; x_wconf 84' lang='lat' dir='ltr'><strong>enim</strong></span> <span class='ocrx_word' id='word_1_343' title='bbox 1865 2154 2092 2202; x_wconf 89' lang='lat' dir='ltr'><strong>multitu-</strong></span> 
     </span>
     <span class='ocr_line' id='line_1_76' title="bbox 1188 2216 2056 2277; baseline 0.009 -15"><span class='ocrx_word' id='word_1_344' title='bbox 1188 2216 1254 2263; x_wconf 88' lang='lat' dir='ltr'><strong>do</strong></span> <span class='ocrx_word' id='word_1_345' title='bbox 1273 2218 1466 2277; x_wconf 87' lang='lat' dir='ltr'><strong>populi,</strong></span> <span class='ocrx_word' id='word_1_346' title='bbox 1488 2218 1730 2267; x_wconf 78' lang='lat' dir='ltr'><strong>clamans:</strong></span> <span class='ocrx_word' id='word_1_347' title='bbox 1752 2221 1902 2269; x_wconf 87' lang='lat' dir='ltr'><strong>Tolle</strong></span> <span class='ocrx_word' id='word_1_348' title='bbox 1921 2222 2056 2269; x_wconf 89' lang='lat' dir='ltr'><strong>eum!</strong></span> 
     </span>
    </p>
   </div>
   <div class='ocr_carea' id='block_1_14' title="bbox 1186 2299 2093 2552">
    <p class='ocr_par' dir='ltr' id='par_1_21' title="bbox 1186 2299 2093 2552">
     <span class='ocr_line' id='line_1_77' title="bbox 1255 2299 2092 2359; baseline 0.008 -17"><span class='ocrx_word' id='word_1_349' title='bbox 1255 2300 1336 2343; x_wconf 72' lang='lat'><strong>37.</strong></span> <span class='ocrx_word' id='word_1_350' title='bbox 1369 2299 1439 2343; x_wconf 89' lang='lat' dir='ltr'><strong>Et</strong></span> <span class='ocrx_word' id='word_1_351' title='bbox 1457 2314 1569 2345; x_wconf 88' lang='lat' dir='ltr'><strong>cum</strong></span> <span class='ocrx_word' id='word_1_352' title='bbox 1587 2301 1838 2359; x_wconf 84' lang='lat' dir='ltr'><strong>coepisset</strong></span> <span class='ocrx_word' id='word_1_353' title='bbox 1855 2302 2028 2351; x_wconf 88' lang='lat' dir='ltr'><strong>induci</strong></span> <span class='ocrx_word' id='word_1_354' title='bbox 2039 2304 2092 2350; x_wconf 86' lang='lat' dir='ltr'><strong>in</strong></span> 
     </span>
     <span class='ocr_line' id='line_1_78' title="bbox 1188 2366 2093 2426; baseline 0.007 -16"><span class='ocrx_word' id='word_1_355' title='bbox 1188 2366 1354 2411; x_wconf 86' lang='lat' dir='ltr'><strong>castra</strong></span> <span class='ocrx_word' id='word_1_356' title='bbox 1379 2366 1591 2426; x_wconf 89' lang='lat' dir='ltr'><strong>Paulus,</strong></span> <span class='ocrx_word' id='word_1_357' title='bbox 1622 2368 1742 2414; x_wconf 87' lang='lat' dir='ltr'><strong>dicit</strong></span> <span class='ocrx_word' id='word_1_358' title='bbox 1768 2370 1996 2415; x_wconf 87' lang='lat' dir='ltr'><strong>tribuno:</strong></span> <span class='ocrx_word' id='word_1_359' title='bbox 2038 2372 2093 2416; x_wconf 90' lang='lat' dir='ltr'><strong>Si</strong></span> 
     </span>
     <span class='ocr_line' id='line_1_79' title="bbox 1186 2430 2091 2491; baseline 0.006 -14"><span class='ocrx_word' id='word_1_360' title='bbox 1186 2430 1308 2478; x_wconf 89' lang='lat' dir='ltr'><strong>licet</strong></span> <span class='ocrx_word' id='word_1_361' title='bbox 1341 2434 1462 2480; x_wconf 87' lang='lat' dir='ltr'><strong>mihi</strong></span> <span class='ocrx_word' id='word_1_362' title='bbox 1499 2432 1640 2491; x_wconf 88' lang='lat' dir='ltr'><strong>loqui</strong></span> <span class='ocrx_word' id='word_1_363' title='bbox 1686 2434 1874 2491; x_wconf 87' lang='lat' dir='ltr'><strong>aliquid</strong></span> <span class='ocrx_word' id='word_1_364' title='bbox 1909 2435 1973 2480; x_wconf 89' lang='lat' dir='ltr'><strong>ad</strong></span> <span class='ocrx_word' id='word_1_365' title='bbox 2005 2438 2091 2482; x_wconf 63' lang='lat' dir='ltr'><strong>te?</strong></span> 
     </span>
     <span class='ocr_line' id='line_1_80' title="bbox 1192 2499 1864 2552; baseline 0.001 -7"><span class='ocrx_word' id='word_1_366' title='bbox 1192 2499 1289 2552; x_wconf 73' lang='lat' dir='ltr'><strong>Qui</strong></span> <span class='ocrx_word' id='word_1_367' title='bbox 1308 2499 1460 2547; x_wconf 81' lang='lat' dir='ltr'><strong>dixit:</strong></span> <span class='ocrx_word' id='word_1_368' title='bbox 1483 2500 1675 2547; x_wconf 81' lang='lat' dir='ltr'><strong>Graece</strong></span> <span class='ocrx_word' id='word_1_369' title='bbox 1693 2502 1864 2547; x_wconf 65' lang='lat' dir='ltr'><strong>nosti?</strong></span> 
     </span>
    </p>
   </div>
   <div class='ocr_carea' id='block_1_15' title="bbox 1183 2584 2089 3247">
    <p class='ocr_par' dir='ltr' id='par_1_22' title="bbox 1184 2584 2089 2897">
     <span class='ocr_line' id='line_1_81' title="bbox 1255 2584 2089 2647; baseline 0.005 -18"><span class='ocrx_word' id='word_1_370' title='bbox 1255 2584 1334 2629; x_wconf 87' lang='grc'><strong>38.</strong></span> <span class='ocrx_word' id='word_1_371' title='bbox 1378 2584 1564 2631; x_wconf 88' lang='lat' dir='ltr'><strong>Nonne</strong></span> <span class='ocrx_word' id='word_1_372' title='bbox 1609 2587 1664 2632; x_wconf 88' lang='lat' dir='ltr'><strong>tu</strong></span> <span class='ocrx_word' id='word_1_373' title='bbox 1700 2597 1754 2631; x_wconf 88' lang='lat' dir='ltr'><strong>es</strong></span> <span class='ocrx_word' id='word_1_374' title='bbox 1792 2585 2089 2647; x_wconf 81' lang='lat' dir='ltr'><strong>Aegyptius,</strong></span> 
     </span>
     <span class='ocr_line' id='line_1_82' title="bbox 1186 2649 2089 2707; baseline 0.006 -12"><span class='ocrx_word' id='word_1_375' title='bbox 1186 2649 1406 2707; x_wconf 89' lang='lat' dir='ltr'><strong>quiante</strong></span> <span class='ocrx_word' id='word_1_376' title='bbox 1433 2650 1527 2697; x_wconf 85' lang='lat' dir='ltr'><strong>hos</strong></span> <span class='ocrx_word' id='word_1_377' title='bbox 1555 2652 1660 2698; x_wconf 86' lang='lat' dir='ltr'><strong>dies</strong></span> <span class='ocrx_word' id='word_1_378' title='bbox 1681 2652 1944 2697; x_wconf 88' lang='lat' dir='ltr'><strong>tumultum</strong></span> <span class='ocrx_word' id='word_1_379' title='bbox 1963 2667 2089 2699; x_wconf 89' lang='lat' dir='ltr'><strong>eon-</strong></span> 
     </span>
     <span class='ocr_line' id='line_1_83' title="bbox 1186 2717 2089 2775; baseline 0.004 -12"><span class='ocrx_word' id='word_1_380' title='bbox 1186 2717 1368 2775; x_wconf 86' lang='lat' dir='ltr'><strong>citasti,</strong></span> <span class='ocrx_word' id='word_1_381' title='bbox 1407 2719 1459 2763; x_wconf 87' lang='lat' dir='ltr'><strong>et</strong></span> <span class='ocrx_word' id='word_1_382' title='bbox 1494 2718 1712 2764; x_wconf 88' lang='lat' dir='ltr'><strong>eduxisti</strong></span> <span class='ocrx_word' id='word_1_383' title='bbox 1748 2717 1802 2762; x_wconf 84' lang='lat' dir='ltr'><strong>in</strong></span> <span class='ocrx_word' id='word_1_384' title='bbox 1839 2717 2089 2767; x_wconf 87' lang='lat' dir='ltr'><strong>desertum</strong></span> 
     </span>
     <span class='ocr_line' id='line_1_84' title="bbox 1186 2780 2088 2841; baseline 0.006 -11"><span class='ocrx_word' id='word_1_385' title='bbox 1186 2787 1404 2841; x_wconf 87' lang='lat' dir='ltr'><strong>quatuor</strong></span> <span class='ocrx_word' id='word_1_386' title='bbox 1419 2780 1605 2830; x_wconf 57' lang='lat' dir='ltr'><strong>millias</strong></span> <span class='ocrx_word' id='word_1_387' title='bbox 1629 2784 1855 2833; x_wconf 83' lang='lat' dir='ltr'><strong>virorum</strong></span> <span class='ocrx_word' id='word_1_388' title='bbox 1873 2786 2088 2835; x_wconf 84' lang='lat' dir='ltr'><strong>sicario-</strong></span> 
     </span>
     <span class='ocr_line' id='line_1_85' title="bbox 1184 2851 1329 2897; baseline -0.007 0"><span class='ocrx_word' id='word_1_389' title='bbox 1184 2851 1329 2897; x_wconf 61' lang='lat' dir='ltr'><strong>rum?</strong></span> 
     </span>
    </p>

    <p class='ocr_par' dir='ltr' id='par_1_23' title="bbox 1183 2916 2086 3247">
     <span class='ocr_line' id='line_1_86' title="bbox 1256 2916 2086 2971; baseline 0.007 -8"><span class='ocrx_word' id='word_1_390' title='bbox 1256 2919 1334 2964; x_wconf 87' lang='grc'><strong>39.</strong></span> <span class='ocrx_word' id='word_1_391' title='bbox 1369 2916 1438 2963; x_wconf 91' lang='lat' dir='ltr'><strong>Et</strong></span> <span class='ocrx_word' id='word_1_392' title='bbox 1475 2916 1601 2963; x_wconf 86' lang='lat' dir='ltr'><strong>dixit</strong></span> <span class='ocrx_word' id='word_1_393' title='bbox 1636 2918 1698 2963; x_wconf 89' lang='lat' dir='ltr'><strong>ad</strong></span> <span class='ocrx_word' id='word_1_394' title='bbox 1735 2933 1848 2967; x_wconf 89' lang='lat' dir='ltr'><strong>eum</strong></span> <span class='ocrx_word' id='word_1_395' title='bbox 1875 2921 2086 2971; x_wconf 87' lang='lat' dir='ltr'><strong>Paulus:</strong></span> 
     </span>
     <span class='ocr_line' id='line_1_87' title="bbox 1183 2984 2085 3049; baseline 0.008 -18"><span class='ocrx_word' id='word_1_396' title='bbox 1183 2984 1298 3043; x_wconf 88' lang='lat' dir='ltr'><strong>Ego</strong></span> <span class='ocrx_word' id='word_1_397' title='bbox 1326 2984 1477 3029; x_wconf 89' lang='lat' dir='ltr'><strong>homo</strong></span> <span class='ocrx_word' id='word_1_398' title='bbox 1499 2997 1607 3029; x_wconf 84' lang='lat' dir='ltr'><strong>sum</strong></span> <span class='ocrx_word' id='word_1_399' title='bbox 1631 2986 1828 3042; x_wconf 86' lang='lat' dir='ltr'><strong>quidem</strong></span> <span class='ocrx_word' id='word_1_400' title='bbox 1845 2990 2085 3049; x_wconf 72' lang='lat' dir='ltr'><strong>Iudaeus,</strong></span> 
     </span>
     <span class='ocr_line' id='line_1_88' title="bbox 1185 3050 2086 3114; baseline 0.007 -17"><span class='ocrx_word' id='word_1_401' title='bbox 1185 3066 1216 3097; x_wconf 86' lang='lat' dir='ltr'><strong>a</strong></span> <span class='ocrx_word' id='word_1_402' title='bbox 1236 3054 1396 3098; x_wconf 87' lang='lat' dir='ltr'><strong>Tarso</strong></span> <span class='ocrx_word' id='word_1_403' title='bbox 1421 3050 1641 3110; x_wconf 88' lang='lat' dir='ltr'><strong>Ciliciae,</strong></span> <span class='ocrx_word' id='word_1_404' title='bbox 1662 3066 1768 3098; x_wconf 89' lang='lat' dir='ltr'><strong>non</strong></span> <span class='ocrx_word' id='word_1_405' title='bbox 1787 3054 1994 3114; x_wconf 80' lang='lat' dir='ltr'><strong>ignotae</strong></span> <span class='ocrx_word' id='word_1_406' title='bbox 2013 3059 2086 3102; x_wconf 89' lang='lat' dir='ltr'><strong>ci-</strong></span> 
     </span>
     <span class='ocr_line' id='line_1_89' title="bbox 1185 3117 2084 3181; baseline 0.007 -17"><span class='ocrx_word' id='word_1_407' title='bbox 1185 3118 1372 3176; x_wconf 85' lang='lat' dir='ltr'><strong>vitatis,</strong></span> <span class='ocrx_word' id='word_1_408' title='bbox 1393 3117 1649 3175; x_wconf 83' lang='lat' dir='ltr'><strong>municeps</strong></span> <span class='ocrx_word' id='word_1_409' title='bbox 1661 3134 1675 3177; x_wconf 82' lang='lat'>3</span> <span class='ocrx_word' id='word_1_410' title='bbox 1688 3133 1818 3178; x_wconf 80' lang='lat' dir='ltr'><strong>rogo</strong></span> <span class='ocrx_word' id='word_1_411' title='bbox 1832 3127 1998 3169; x_wconf 88' lang='lat' dir='ltr'><strong>autem</strong></span> <span class='ocrx_word' id='word_1_412' title='bbox 2015 3126 2084 3181; x_wconf 89' lang='lat' dir='ltr'><strong>te,</strong></span> 
     </span>
     <span class='ocr_line' id='line_1_90' title="bbox 1184 3184 2066 3247; baseline 0.005 -16"><span class='ocrx_word' id='word_1_413' title='bbox 1184 3186 1418 3243; x_wconf 86' lang='lat' dir='ltr'><strong>permitte</strong></span> <span class='ocrx_word' id='word_1_414' title='bbox 1434 3185 1557 3231; x_wconf 89' lang='lat' dir='ltr'><strong>mihi</strong></span> <span class='ocrx_word' id='word_1_415' title='bbox 1573 3184 1713 3243; x_wconf 88' lang='lat' dir='ltr'><strong>loqui</strong></span> <span class='ocrx_word' id='word_1_416' title='bbox 1731 3188 1794 3233; x_wconf 84' lang='lat' dir='ltr'><strong>ad</strong></span> <span class='ocrx_word' id='word_1_417' title='bbox 1811 3190 2066 3247; x_wconf 88' lang='lat' dir='ltr'><strong>populum.</strong></span> 
     </span>
    </p>
   </div>
   <div class='ocr_carea' id='block_1_16' title="bbox 1230 3276 1710 3325">
    <p class='ocr_par' dir='ltr' id='par_1_24' title="bbox 1230 3276 1710 3325">
     <span class='ocr_line' id='line_1_91' title="bbox 1230 3276 1710 3325; baseline 0.01 -9"><span class='ocrx_word' id='word_1_418' title='bbox 1230 3279 1460 3324; x_wconf 57' lang='lat' dir='ltr'><strong>*memo-3.</strong></span> <span class='ocrx_word' id='word_1_419' title='bbox 1505 3276 1710 3325; x_wconf 53' lang='lat' dir='ltr'><strong>‘maae-</strong></span> 
     </span>
    </p>
   </div>
   <div class='ocr_carea' id='block_1_17' title="bbox 204 3398 2082 3530">
    <p class='ocr_par' dir='ltr' id='par_1_25' title="bbox 204 3398 2082 3530">
     <span class='ocr_line' id='line_1_92' title="bbox 324 3398 2082 3483; baseline 0.001 -12"><span class='ocrx_word' id='word_1_420' title='bbox 324 3427 441 3482; x_wconf 85' lang='lat' dir='ltr'><strong>Cap.</strong></span> <span class='ocrx_word' id='word_1_421' title='bbox 474 3424 608 3469; x_wconf 84' lang='lat' dir='ltr'><strong>XXJ.</strong></span> <span class='ocrx_word' id='word_1_422' title='bbox 668 3432 737 3471; x_wconf 84' lang='lat'><strong>21.</strong></span> <span class='ocrx_word' id='word_1_423' title='bbox 772 3398 974 3472; x_wconf 55' lang='lat' dir='ltr'><strong>dicentes</strong></span> <span class='ocrx_word' id='word_1_424' title='bbox 989 3442 1079 3471; x_wconf 80' lang='lat' dir='ltr'><strong>non</strong></span> <span class='ocrx_word' id='word_1_425' title='bbox 1096 3428 1223 3483; x_wconf 73' lang='lat' dir='ltr'><strong>(sie).</strong></span> <span class='ocrx_word' id='word_1_426' title='bbox 1282 3433 1350 3471; x_wconf 83' lang='lat'><strong>2⁴1.</strong></span> <span class='ocrx_word' id='word_1_427' title='bbox 1384 3430 1488 3471; x_wconf 77' lang='lat' dir='ltr'><strong>dum</strong></span> <span class='ocrx_word' id='word_1_428' title='bbox 1506 3430 1648 3480; x_wconf 81' lang='lat' dir='ltr'><strong>enim3</strong></span> <span class='ocrx_word' id='word_1_429' title='bbox 1667 3430 1773 3472; x_wconf 69' lang='lat' dir='ltr'><strong>ibid.</strong></span> <span class='ocrx_word' id='word_1_430' title='bbox 1794 3432 1868 3483; x_wconf 84' lang='lat' dir='ltr'><strong>qui</strong></span> <span class='ocrx_word' id='word_1_431' title='bbox 1890 3432 2082 3474; x_wconf 81' lang='lat' dir='ltr'><strong>abAsia.</strong></span> 
     </span>
     <span class='ocr_line' id='line_1_93' title="bbox 204 3483 1748 3530; baseline 0.002 -6"><span class='ocrx_word' id='word_1_432' title='bbox 204 3489 277 3530; x_wconf 76' lang='lat'><strong>29.</strong></span> <span class='ocrx_word' id='word_1_433' title='bbox 312 3483 591 3527; x_wconf 78' lang='lat' dir='ltr'><strong>induxisset.</strong></span> <span class='ocrx_word' id='word_1_434' title='bbox 649 3488 719 3525; x_wconf 82' lang='lat'><strong>32.</strong></span> <span class='ocrx_word' id='word_1_435' title='bbox 752 3484 1020 3527; x_wconf 75' lang='lat' dir='ltr'><strong>decucurrit.</strong></span> <span class='ocrx_word' id='word_1_436' title='bbox 1078 3488 1149 3527; x_wconf 77' lang='grc'><strong>33.</strong></span> <span class='ocrx_word' id='word_1_437' title='bbox 1180 3483 1318 3529; x_wconf 75' lang='lat' dir='ltr'><strong>Deest</strong></span> <span class='ocrx_word' id='word_1_438' title='bbox 1335 3498 1450 3529; x_wconf 81' lang='lat' dir='ltr'><strong>eum·</strong></span> <span class='ocrx_word' id='word_1_439' title='bbox 1509 3488 1580 3527; x_wconf 76' lang='lat'><strong>88.</strong></span> <span class='ocrx_word' id='word_1_440' title='bbox 1608 3484 1748 3527; x_wconf 71' lang='lat' dir='ltr'><strong>milia·</strong></span> 
     </span>
    </p>
   </div>
  </div>
 </body>
</html>
