2376 3925
271 173 388 218 vm
745 163 1283 211 coMMENTATlo
1340 161 1753 207 Isaeonlcn.

275 321 401 358 esse
429 296 726 356 contendit
753 292 994 350 Codices
1021 311 1260 370 graecos
1287 294 1531 367 optimos
1558 300 1847 348 vetustate
1872 307 2156 347 veneran-

277 386 395 440 dos.
465 380 892 438 LAcl-IMANNUS
921 375 1342 446 BerolinensiS,
1368 377 1467 451 qui
1494 375 1747 430 codicem
1776 377 1981 430 aetatis
2005 376 2159 431 mul-

276 479 336 522 to
363 465 674 533 inferioris,
684 459 1024 517 Fuldensem
1051 458 1333 534 quendam
1360 475 1507 514 saec.
1524 457 1766 513 forsitan
1790 454 1899 512 IX.
1921 475 2035 512 non
2062 459 2157 513 in-

277 551 516 626 dignum
538 545 920 621 judicaverat,
949 560 1021 598 ex
1049 561 1158 617 quo
1187 549 1413 596 textum
1436 543 1679 596 latinum
1706 540 2009 615 aliquando
2038 540 2160 596 edi-

279 643 442 688 turus
472 637 645 700 esset,
665 636 862 684 nostro
885 625 1133 698 principi
1160 624 1307 679 libro
1334 622 1816 698 palmam,lubens
1842 626 2163 698 ingenuus-

283 733 423 792 que,
473 730 618 790 quae
661 719 748 766 est
785 708 1033 762 hominis
1068 708 1413 781 praestantis
1449 715 1655 762 natura
1673 747 1692 778 ,
1742 714 1901 762 recto
1938 707 2160 780 judicio

282 799 584 853 concessit.
665 790 748 847 Hi
785 809 922 846 vero
970 789 1195 845 codices
1221 788 1505 866 Vulgatae
1532 791 1746 846 latinae
1761 829 1780 862 ,
1820 791 1919 864 qui
1946 791 2008 843 in
2036 809 2161 845 mo-

279 880 550 936 nasteriis
604 875 1068 952 congregationis
1106 870 1612 929 Benedictinorum
1662 874 1903 948 aliisque
1954 872 2161 942 latent,

283 966 576 1040 eleganter
613 957 905 1032 nitideque
941 957 1174 1029 scripti,
1225 974 1364 1032 quos
1414 955 1537 1012 vidi
1571 957 1847 1030 plurimos
1864 995 1882 1025 ,
1934 954 2005 1010 ad
2037 973 2163 1010 rem

285 1049 544 1102 criticam
570 1043 654 1096 ita
681 1048 815 1097 sunt
839 1041 1017 1109 leven,
1047 1047 1106 1093 et
1131 1048 1355 1111 tenues,
1384 1039 1731 1114 eandemque
1753 1038 1997 1094 formam
2029 1047 2162 1092 tex-

282 1140 375 1185 tus
410 1129 494 1182 ita
529 1131 856 1180 constanter
881 1140 1018 1197 prae
1045 1140 1107 1177 se
1131 1121 1356 1194 ferunt,
1398 1131 1467 1178 nt
1490 1140 1628 1178 vere
1665 1120 1780 1177 dici
1814 1123 2023 1195 possit,
2062 1123 2165 1196 qui

282 1228 459 1266 unum
484 1207 716 1277 viderit,
743 1208 900 1260 mille
925 1203 1170 1278 vidisse3
1208 1206 1307 1281 qui
1334 1207 1493 1261 mille
1513 1205 1747 1276 viderit,
1772 1221 1965 1260 unum.
2012 1201 2165 1260 Sunt

284 1301 476 1349 autem
502 1309 651 1348 saec.
673 1287 782 1345 XL
809 1286 942 1344 XII.
973 1285 1159 1359 X111.,
1188 1297 1247 1342 et
1272 1289 1404 1344 talis
1439 1287 1681 1358 indolis,
1719 1295 1778 1342 et
1808 1285 2059 1364 figurae,
2095 1296 2164 1343 nt

285 1379 432 1432 mira
475 1376 552 1430 sit
596 1373 987 1448 aequabilitas.
1073 1369 1211 1427 Jure
1256 1379 1448 1427 autem
1497 1379 1757 1426 nostrum
1801 1368 2057 1425 codicem
2099 1371 2166 1424 in

285 1458 556 1533 primario
580 1454 830 1512 subsidio
855 1453 1146 1526 habemus,
1167 1454 1241 1510 ad
1264 1455 1659 1532 recensionem
1684 1451 1794 1509 hoc
1820 1454 2051 1507 nomine
2077 1451 2165 1508 di-

287 1559 459 1619 gnam
487 1538 892 1613 exercendam3
931 1539 1121 1593 nullus
1149 1539 1303 1592 enim
1332 1537 1623 1612 antiquior
1648 1544 1755 1606 est,
1782 1536 1972 1591 nullus
2000 1537 2165 1592 testi-

285 1624 496 1679 moniis
520 1621 814 1678 historicis
843 1630 900 1676 et
925 1620 1116 1676 indole
1142 1639 1245 1676 sua
1272 1620 1582 1694 probatior.
1668 1618 1836 1684 Quod
1855 1627 1953 1689 ut,
2001 1619 2168 1694 quale

289 1708 367 1762 sit
384 1747 402 1776 ,
444 1707 646 1761 melius
673 1705 1081 1779 perspiciatur,
1117 1701 1363 1759 historia
1400 1706 1523 1777 ejus
1552 1703 1806 1759 breviter
1834 1701 2169 1758 delineanda

291 1799 400 1860 est,
427 1791 490 1845 in
517 1806 628 1864 qua
651 1807 717 1843 re
743 1796 800 1842 et
825 1785 1185 1844 BANmmmu
1212 1788 1250 1841 l.
1283 1805 1331 1842 c.
1360 1795 1419 1842 et
1444 1795 1642 1842 nostra
1666 1803 1980 1862 sequemur.

290 2148 372 2213 ΙΙ.
437 2150 739 2213 Historia
775 2158 1052 2213 externa
1082 2150 1318 2212 codicis
1344 2158 1415 2213 et
1436 2157 1813 2214 monasterii
1834 2150 2170 2215 Amz'atini.

418 2286 592 2343 Liber
641 2302 814 2343 manu
865 2289 1112 2363 scriptus
1160 2288 1445 2363 quondam
1476 2288 1797 2345 Amiatinus
1810 2329 1829 2360 ,
1881 2291 1979 2365 qui
2020 2307 2174 2346 nunc

295 2379 563 2429 servatur
601 2372 756 2425 inter
781 2372 1228 2444 pretiosissimos
1256 2369 1495 2428 Codices
1523 2372 1904 2428 bibliothecae
1930 2370 2169 2429 Floren-

292 2457 452 2511 tinae
488 2451 936 2524 Laurentianae,
977 2472 1117 2529 quos
1155 2464 1369 2511 vocant
1405 2453 1735 2511 thesaurum
1761 2449 2048 2532 (tesoro),
2088 2464 2175 2511 est

295 2541 580 2593 maximae
617 2537 785 2592 molis
814 2536 1290 2612 admirandaeque
1314 2538 1718 2613 pulcritudinis
1747 2547 1805 2592 et
1833 2539 2173 2613 elegantiae,

297 2624 563 2697 interque
590 2638 708 2690 eos,
727 2620 825 2695 qui
849 2637 924 2674 ex
947 2622 1296 2676 monasterio
1307 2619 1597 2677 Amiatino
1627 2622 1689 2676 in
1705 2618 1951 2695 Regiam
1967 2620 2175 2676 biblio-

297 2704 524 2759 thecam
549 2710 866 2774 venerunt,
909 2701 1132 2758 codices
1162 2712 1378 2777 septem
1404 2705 1649 2778 primum
1674 2704 1974 2759 verissimo
2002 2705 2175 2758 meri-

295 2796 356 2843 to
397 2804 498 2841 suo
539 2788 732 2842 locum
774 2794 1033 2860 occupat.
1119 2784 1228 2841 Est
1283 2788 1437 2842 enim
1490 2788 1642 2841 inter
1689 2786 1897 2842 latinos
1936 2784 2176 2841 Codices

295 2869 537 2925 biblicos
563 2886 680 2924 non
707 2870 892 2925 solum
920 2867 1225 2939 Etruriae,
1263 2886 1379 2924 non
1404 2868 1588 2924 solum
1612 2866 1843 2939 Italiae,
1872 2868 1971 2924 sed
1996 2871 2177 2926 totius

295 2949 562 3024 Europae
603 2958 662 3005 et
695 2954 926 3007 omnino
965 2951 1340 3008 occidentalis
1382 2952 1659 3008 eeclesiae
1698 2951 1851 3007 haud
1882 2950 2049 3007 dubie
2074 2971 2178 3009 ve·-

297 3034 646 3090 tustissimus
668 3074 686 3103 ,
743 3040 802 3087 et
838 3043 904 3089 ut
942 3035 1128 3090 dicam
1162 3034 1313 3110 quod
1354 3036 1626 3105 sentiam,
1676 3034 2007 3107 paucissimi
2039 3038 2181 3090 item

299 3117 495 3195 graeci
523 3115 659 3170 libri
687 3116 1087 3188 invenientur,
1127 3119 1227 3193 qui
1254 3136 1315 3174 se
1341 3120 1394 3174 ei
1419 3119 1515 3174 vel
1537 3125 1783 3191 aequent
1805 3118 1900 3171 vel
1927 3136 2056 3175 eum
2080 3136 2177 3174 su-

298 3207 503 3276 perent
539 3198 899 3273 antiquitate.
987 3196 1261 3257 Continet
1287 3200 1466 3257 Vetus
1502 3206 1560 3253 et
1583 3196 1811 3254 Novum
1840 3196 2181 3256 Testamen-

303 3295 428 3339 tum
455 3284 746 3356 integnun
763 3321 782 3352 ,
817 3282 1108 3338 versionis
1131 3280 1648 3358 Hieronymianae,
1683 3284 1841 3337 nulla
1868 3284 2104 3354 lacuna,
2145 3301 2185 3338 a

302 3368 487 3439 primo
529 3365 717 3436 capite
760 3361 1050 3419 Geneseos
1088 3364 1160 3418 ad
1196 3374 1513 3419 extremum
1553 3372 1723 3438 caput
1762 3363 2184 3441 Apocalypseos

299 3449 534 3522 integre
557 3454 868 3518 servatum,
889 3445 1039 3521 quod
1067 3464 1237 3521 quam
1260 3464 1391 3503 raro
1422 3448 1741 3522 contingat,
1763 3458 1974 3504 norunt
1990 3450 2181 3521 periti.
