2376 3925
317 205 419 258 138
960 200 1224 254 LUCAS

386 311 467 354 27.
512 308 823 365 Sequebatur
864 308 1031 352 autem
1080 305 1222 350 illum

319 376 477 423 multa
494 376 641 421 turba
668 372 846 432 populi
866 375 917 418 et
934 372 1219 429 mulierum,

322 456 449 500 quae
466 442 790 501 plangebant,
808 443 859 486 ct
876 440 1220 486 lamentaban-

320 514 404 556 tur
424 523 551 555 eum.

389 577 470 621 28.
507 577 799 622 Conversus
826 576 990 621 autem
1018 573 1079 619 ad
1107 572 1221 618 illas

321 645 471 690 Iesus
486 674 501 703 ,
540 643 692 690 dixit:
728 642 889 688 Filiae
924 638 1219 688 Ierusalem!

322 711 483 757 nolite
500 712 623 757 flere
654 723 805 768 super
821 723 901 754 me
916 739 930 767 ,
964 707 1051 753 sed
1071 720 1222 764 super

322 779 569 836 vosipsas
588 779 720 836 flete,
742 779 793 823 et
810 788 961 834 super
980 775 1110 821 filios
1130 788 1222 820 ve-

320 844 480 892 stros!

390 915 469 958 29.
492 910 742 965 Quoniam
762 908 902 956 ecce!
923 909 1132 955 venient
1147 909 1224 954 di-

252 979 259 984 ’
322 994 396 1039 es,
416 980 471 1024 in
490 979 667 1036 quibus
688 977 880 1024 dicent:
908 977 1091 1024 Beatae
1120 980 1224 1022 ste-

318 1047 460 1105 riles,
483 1049 534 1092 et
552 1048 755 1090 ventres
768 1075 782 1103 ,
803 1044 889 1101 qui
906 1057 1012 1090 non
1032 1058 1226 1102 genue-

320 1115 465 1172 runt,
496 1115 548 1159 et
562 1113 745 1171 ubera,
776 1125 902 1168 quae
928 1125 1035 1158 non
1066 1112 1225 1158 lacta-

321 1183 521 1226 verunt.

390 1249 471 1294 30.
543 1249 687 1294 Tunc
750 1246 997 1305 incipient
1059 1245 1226 1292 dicere

322 1316 603 1362 montibus:
647 1314 819 1362 cadite
850 1313 1138 1373 supernos!
1178 1316 1228 1360 et

324 1383 561 1430 collibus:
584 1383 789 1440 Operite
809 1381 924 1427 nos!

388 1451 470 1495 31.
517 1449 682 1501 Quia⁴³
717 1449 761 1494 si
806 1449 861 1493 in
900 1447 1049 1494 viridi
1082 1447 1224 1504 ligno

322 1517 445 1561 haec
464 1516 673 1573 faciunt,
691 1515 748 1560 in
768 1515 910 1560 arido
931 1514 1049 1571 quid
1068 1514 1182 1559 fiet?

389 1584 469 1627 32.
504 1582 829 1628 Ducebantur
864 1584 1027 1627 autem
1060 1583 1111 1626 et
1138 1581 1226 1626 alii

322 1649 421 1696 duo
442 1663 658 1706 nequam
678 1663 789 1696 cum
800 1650 950 1708 eo,ut
968 1648 1224 1694 interfice-

321 1720 514 1764 rentur.

390 1786 469 1830 33.
504 1785 572 1830 Et
598 1785 862 1843 postquam
896 1786 1147 1830 venerunt
1171 1784 1225 1828 in

320 1854 505 1912 locum,
528 1853 611 1910 qui
631 1854 841 1899 vocatur
862 1852 1142 1910 calvariae,
1155 1851 1227 1897 ibi

324 1921 685 1968 crucifixerunt
714 1934 853 1978 eum;
892 1921 945 1965 et
978 1919 1223 1977 latrones,

320 2002 476 2033 unum
496 2002 527 2034 a
545 1989 736 2036 dextris
749 2019 764 2049 ,
796 1992 846 2035 et
872 1987 1086 2033 alterum
1104 2000 1135 2032 a
1154 1987 1225 2032 si-

324 2056 513 2101 nistris.

392 2122 470 2164 34.
504 2120 654 2164 Iesus
683 2120 850 2164 autem
874 2118 1096 2164 dicebat:
1124 2119 1225 2165 Pa-

321 2188 424 2243 ter,
480 2185 670 2231 dimitte
722 2182 847 2229 illis!
898 2198 1006 2231 non
1058 2179 1226 2231 enim⁶

323 2252 503 2310 sciunt,
526 2250 643 2307 quid
660 2252 866 2297 faciunt.
926 2252 1224 2299 Dividentes

322 2332 447 2364 vero
479 2319 775 2364 vestimenta
804 2318 943 2379 ejus,
980 2320 1227 2367 miserunt

326 2388 505 2433 sortes.

392 2456 471 2500 35.
490 2453 557 2499 Et
566 2454 729 2501 stabat
747 2452 961 2511 populus
972 2456 1224 2515 spectans,

326 2525 377 2567 et
396 2522 690 2568 deridebant
708 2534 822 2566 eum
839 2521 1093 2579 principes
1114 2536 1227 2569 cum

324 2589 415 2649 eis,
438 2589 691 2636 dicentes:
716 2588 859 2634 Alios
888 2589 1057 2635 salvos
1086 2591 1224 2649 fecit,

323 2669 378 2701 se
399 2657 591 2704 salvum
610 2655 787 2714 faciat,
816 2656 863 2701 si
880 2656 963 2703 hic
982 2659 1059 2702 est
1077 2658 1224 2703 Chri-

323 2726 430 2768 stus
449 2726 547 2771 Dei
566 2721 775 2771 electus!

393 2802 471 2847 36.
507 2804 787 2852 Illudebant
808 2804 970 2850 autem
994 2803 1042 2849 ei
1062 2806 1111 2850 et
1129 2804 1224 2849 mi-

325 2868 439 2913 lites
460 2871 781 2934 accedentes,
811 2875 863 2919 et
881 2875 1074 2919 acetum
1096 2872 1225 2918 offe-

324 2937 497 2980 rentes
519 2937 584 2994 ei,

393 3002 472 3047 37.
510 3004 562 3046 et
589 3002 835 3053 dicentes:
874 3008 930 3055 Si
955 3011 1009 3054 tu
1038 3020 1091 3054 es
1129 3020 1226 3054 rex

323 3070 646 3129 Iudaeorum,
669 3071 861 3118 salvum
878 3078 928 3121 te
948 3073 1047 3122 fac!

392 3152 470 3197 38.
504 3148 633 3195 Erat
667 3153 833 3197 autem
866 3156 918 3199 et
944 3154 1224 3213 superscri-

305 3218 430 3275 ptio
470 3216 656 3275 scripta
702 3230 854 3276 super
890 3233 1005 3266 eum
1040 3222 1225 3269 litteris

368 3334 390 3352 ⁶
408 3332 429 3363 1
446 3326 555 3363 Petr.
573 3327 614 3370 4,
631 3329 693 3363 17.
741 3324 759 3353 ὅ
776 3324 870 3365 Aet.
886 3331 925 3372 3,
944 3331 1002 3366 17.

1295 202 1390 251 CA
1402 201 1461 250 P.
1501 200 1581 250 23.

1291 303 1514 361 Graecis,
1536 306 1586 350 et
1601 303 1814 361 Latinis,
1835 306 1886 349 et
1899 305 2200 352 Hebraicis:

1287 372 1388 416 Hrc
1413 381 1520 416 EST
1540 371 1662 416 Rex
1682 372 2045 417 JUDAEORUM.

1356 439 1434 482 39.
1482 439 1618 483 Unus
1656 440 1825 482 autem
1862 438 1922 484 de
1967 438 2076 497 his,
2115 442 2205 497 qui

1289 505 1596 563 pendebant,
1629 505 1912 551 latronibus
1925 535 1940 564 ,
1961 505 2204 563 blasphe-

1287 575 1452 618 mabat
1469 586 1597 631 eum,
1611 572 1784 618 dicens
1799 584 1811 617 ε
1825 572 1880 618 Si
1901 573 1958 618 tu
1975 586 2028 620 es
2051 573 2205 620 chri-

1289 642 1422 698 stus,
1460 640 1655 685 salvum
1672 640 1753 685 fac
1781 641 1938 686 temet
1956 639 2124 698 ipsum
2151 644 2206 688 et

1289 705 1409 753 nos!

1355 776 1438 821 40.
1495 773 1826 831 Respondens
1865 776 2036 821 autern
2071 775 2204 822 alter

1289 840 1583 898 increpabat
1614 855 1744 900 eum,
1786 841 1986 888 dicens:
2025 843 2202 899 Neque

1290 911 1346 954 tu
1372 909 1517 954 times
1544 908 1734 968 Deum,
1773 908 1909 966 quod
1941 909 1996 954 in
2027 910 2203 956 eadem

1293 976 1610 1022 damnatione
1631 975 1706 1022 es!

1358 1046 1441 1089 41.
1473 1043 1544 1089 Et
1559 1056 1653 1089 nos
1675 1042 1872 1100 quidem
1883 1043 2052 1104 J‘uste,
2083 1057 2204 1090 nam

1295 1111 1446 1169 digna
1465 1111 1610 1158 factis
1634 1111 1927 1168 recipimus;
1957 1109 2042 1157 hic
2073 1123 2202 1158 vero

1293 1179 1420 1224 nihil
1437 1179 1557 1224 mali
1576 1179 1746 1236 gessit.

1358 1248 1439 1290 42.
1475 1245 1543 1290 Et
1561 1246 1757 1292 dicebat
1775 1244 1836 1291 ad
1853 1245 2052 1291 Iesum:
2079 1245 2202 1292 Do-

1291 1312 1427 1358 mine
1439 1311 1448 1358 !
1468 1315 1720 1358 memento
1739 1312 1857 1372 mei,
1869 1326 1983 1359 cum
1994 1314 2204 1360 veneris

1292 1381 1347 1426 in
1362 1394 1575 1438 regnum
1593 1383 1748 1426 tuum.

1357 1449 1440 1493 43.
1475 1447 1543 1492 Et
1570 1447 1700 1493 dixit
1729 1446 1806 1493 illi
1823 1447 2001 1493 Iesus:
2040 1449 2201 1494 Amen

1293 1514 1405 1560 dico
1433 1515 1551 1562 tibi:
1587 1515 1753 1561 Hodie
1789 1527 1990 1562 mecum
2016 1515 2118 1561 eris
2145 1516 2202 1561 in

1291 1580 1552 1640 paradiso!

1357 1650 1439 1693 44.
1459 1648 1585 1694 Erat
1594 1651 1762 1695 autem
1771 1650 1882 1696 fere
1895 1650 2025 1696 hora
2036 1653 2199 1710 sexta,

1293 1718 1344 1762 et
1360 1718 1599 1762 tenebrae
1611 1717 1772 1763 factae
1784 1719 1904 1762 sunt
1921 1717 1980 1764 in
1990 1717 2200 1766 univer·

1293 1797 1398 1830 sam
1423 1784 1610 1830 terram
1635 1797 1796 1841 usque
1825 1783 1882 1831 in
1901 1783 2085 1832 horam
2101 1798 2198 1832 no-

1291 1865 1423 1897 nam.

1356 1921 1437 1965 45.
1471 1919 1540 1965 Et
1567 1919 1863 1967 obscuratus
1893 1921 1974 1967 est
1999 1919 2106 1979 ⁵⁰13
2150 1922 2202 1967 et

1293 1986 1490 2032 velum⁶
1525 1987 1699 2045 templi
1733 1988 1950 2034 scissum
1979 1990 2057 2035 est
2087 2000 2199 2035 lne-

1292 2053 1442 2099 dium.

1356 2122 1437 2166 46.
1477 2120 1547 2166 Et
1593 2120 1811 2168 clamans
1848 2135 1981 2171 voce
2016 2136 2202 2181 magna

1290 2188 1321 2233 J
1323 2200 1455 2246 esus,
1476 2188 1570 2234 ait:
1591 2189 1740 2235 Pater
1749 2181 1795 2248 ἆ,
1816 2189 1872 2235 in
1887 2202 2070 2237 manus
2086 2193 2199 2237 tuas

1291 2255 1586 2301 commendo
1625 2256 1856 2313 spiritum
1897 2256 2088 2305 meum!
2132 2258 2203 2303 Et

1289 2322 1416 2370 haec
1435 2323 1623 2382 dicens,
1646 2323 1944 2382 exspiravit.

1356 2392 1438 2436 47.
1487 2390 1677 2437 Videns
1721 2393 1891 2438 autem
1932 2392 2198 2452 Centurio,

1291 2458 1426 2514 quod
1455 2460 1640 2505 factum
1657 2459 1851 2519 fuerat,
1892 2459 2202 2518 glorificavit

1289 2525 1468 2584 Deum,
1483 2526 1678 2572 dicens:
1691 2528 1825 2573 Vere
1843 2526 1927 2573 hic
1945 2526 2105 2574 homo
2112 2527 2200 2586 iu-

1290 2595 1396 2638 stus
1409 2591 1540 2639 erat!

1355 2661 1437 2704 48.
1469 2658 1538 2705 Et
1556 2661 1719 2707 omnis
1736 2663 1886 2709 turba
1903 2674 2100 2721 eorum,
2115 2662 2200 2719 qui

1291 2725 1439 2771 simul
1482 2727 1694 2774 aderant
1737 2728 1801 2774 ad
1853 2728 2198 2787 spectaculum

1291 2792 1448 2853 istud,
1472 2796 1523 2839 et
1540 2794 1800 2855 videbant,
1831 2810 1961 2853 quae
1992 2798 2195 2853 fiebant,

1291 2861 1628 2919 percutientes
1658 2865 1866 2920 pectora
1893 2876 1987 2911 sua
2015 2876 2195 2911 rever-

1291 2930 1540 2975 tebantur.

1356 2997 1437 3041 49.
1475 2997 1684 3043 Stabant
1700 3001 1866 3043 autem
1888 3010 2066 3045 omnes
2085 2998 2198 3044 noti

1292 3062 1402 3119 ejus
1423 3076 1452 3108 a
1476 3062 1659 3121 longe3
1690 3067 1744 3109 et
1767 3064 2035 3124 mulieres,
2067 3077 2196 3122 quae

1291 3134 1492 3177 secutae
1539 3145 1652 3177 eum
1697 3134 1844 3177 erant
1877 3144 1910 3177 a
1946 3131 2192 3189 Galilaea,

1291 3196 1414 3243 haec
1432 3197 1678 3245 videntes.

1337 3285 1500 3323 enxod.
1528 3290 1596 3330 26,
1623 3290 1788 3326 31—38.
1837 3285 1962 3325 Hebr.
1981 3276 2028 3330 ’9,
2046 3290 2084 3325 s.
2105 3297 2194 3333 sqq-

1292 3331 1312 3358 ⁴1
1329 3332 1399 3369 Pa.
1417 3337 1479 3375 30,
1497 3336 1533 3371 6.

378 3512 383 3519 ,
438 3472 550 3526 Cap.
582 3470 767 3514 XXIII.
824 3476 893 3515 38.
924 3488 1061 3529 super
1078 3475 1224 3519 illum.
1281 3482 1350 3521 38.
1371 3440 1606 3525 ῐιεῦτοίοὶι.
1665 3487 1734 3525 40.
1755 3482 2030 3536 increpabat
2047 3480 2195 3525 illun-

324 3528 395 3565 44.
428 3528 473 3569 in
493 3529 699 3571 universa
718 3533 853 3570 tem.
912 3532 981 3572 49.
1012 3537 1141 3573 erant
1159 3546 1274 3576 eum·
