2376 3925
236 561 1191 664 EPISTOLA
1310 580 2006 670 JACOBI.

513 886 679 937 CAP.
719 888 760 938 1.

179 988 251 1029 Da
277 984 483 1029 utilitate
503 988 819 1029 tentationum.
852 985 1089 1041 Sapientia

177 1056 202 1083 a
227 1043 332 1084 Deo
352 1043 581 1097 poscenda
601 1045 686 1084 est.
707 1070 722 1080 .
739 1041 786 1083 A
805 1042 905 1084 Deo
933 1056 1089 1097 proce-

180 1099 250 1139 dit
268 1110 400 1139 omne
420 1099 585 1140 bonum
607 1098 782 1139 donum.
823 1098 989 1139 Divina
1008 1094 1090 1139 lex

178 1153 306 1195 facto
328 1152 703 1248 complendalest.
761 1154 885 1201 Quae
906 1152 966 1194 sit
986 1164 1088 1194 vera

547 1221 598 1250 te
619 1220 724 1266 igno.

245 1329 295 1370 1.
333 1300 687 1385 Jacobus,Dei
708 1329 757 1373 et
767 1326 972 1373 Domini
990 1341 1089 1373 no-

177 1394 270 1438 stri
303 1394 426 1440 Jesu
456 1394 642 1439 Christi
663 1408 866 1452 sservu,
897 1393 1087 1440 duode-

176 1461 274 1505 cim
295 1460 543 1520 tribubus,
555 1475 682 1518 quae
694 1462 877 1508 suntin
893 1462 1088 1520 disper-

176 1528 346 1586 sione,
368 1528 594 1575 salutem.

244 1597 294 1640 2.
317 1596 480 1641 Omne
502 1594 1087 1654 gandium⁴²enistimate²

176 1664 367 1707 fratres
395 1660 516 1706 mei!
558 1675 667 1707 cum
699 1662 751 1707 in
781 1663 1089 1708 tentationes

179 1729 350 1774 varias
370 1728 663 1773 incideritis.

247 1796 297 1839 3.
322 1794 550 1839 Scientes
571 1794 704 1850 quod
725 1794 955 1850 probatio
975 1794 1091 1841 fidei

177 1865 387 1907 vestrae
406 1862 699 1918 patientiam
722 1863 976 1918 operatur.

245 1931 296 1975 4.
333 1927 582 1975 Patientia
610 1932 776 1976 autem
806 1942 933 1987 opus
971 1940 1090 1987 per-

175 1999 369 2044 fectum
399 1997 574 2055 habet,
607 2001 660 2043 ut
679 1997 787 2043 sitis
807 1997 1019 2055 perfecti
1041 1999 1092 2042 et

178 2064 389 2122 integri,
410 2065 463 2110 in
483 2065 625 2111 nullo
648 2065 953 2111 deficientes.

247 2136 294 2177 5.
334 2132 390 2178 Si
417 2132 526 2188 quis
558 2135 724 2178 autem
755 2134 973 2178 vestrum
1005 2131 1086 2176 in-

180 2199 322 2257 diget
349 2200 620 2259 sapientia,
648 2200 872 2257 postulet
899 2212 930 2244 a
957 2201 1086 2258 Deo,

180 2267 265 2322 qui
285 2265 370 2320 dat
381 2268 610 2314 omnibus
629 2270 909 2325 affluenter,
922 2268 1089 2312 etnon

180 2327 550 2391 improperat⁶;
573 2338 623 2380 et
641 2335 838 2380 dabitur
858 2333 921 2379 ei.

249 2421 296 2462 6.
335 2416 565 2463 Postulet
582 2421 746 2464 autem
767 2417 820 2462 in
849 2416 944 2462 fide
963 2415 1090 2461 nihil

181 2484 466 2542 haesitans3
497 2485 581 2541 qui
613 2485 748 2529 enim
765 2483 995 2542 haesitat,
1017 2483 1088 2528 si-

183 2552 315 2596 milis
336 2552 412 2596 est
432 2551 601 2598 fluctui
621 2551 788 2609 maris,
807 2550 891 2606 qui
911 2563 940 2595 a
961 2564 1088 2596 ven-

182 2621 234 2662 to
257 2621 491 2664 movetur
510 2621 560 2664 et
580 2619 944 2665 circumfertur.

253 2688 300 2731 7.
323 2686 439 2731 Non
458 2699 583 2743 ergo
603 2686 834 2732 aestimet
852 2684 1004 2730 homo
1024 2684 1088 2728 il-

188 2751 252 2811 le,
293 2753 427 2809 quod
447 2753 661 2811 accipiat
697 2751 883 2808 aliquid
912 2764 943 2795 a
981 2752 1089 2796 Do-

185 2833 341 2866 mmo.

252 2891 299 2932 8.
335 2886 426 2931 Vir
465 2885 650 2943 duplex
683 2885 870 2941 animo,
910 2883 1089 2929 incon-

189 2960 328 2999 stans
350 2957 426 2999 est
446 2953 499 2998 in
521 2952 750 2999 omnihus
771 2950 865 2998 viis
885 2951 1004 2996 suis.

253 3025 300 3066 9.
339 3020 597 3066 Glorietur
625 3021 788 3066 autem
820 3019 977 3064 frater
997 3018 1090 3063 hu-

189 3087 324 3133 milis
349 3088 403 3133 in
423 3087 734 3134 exaltatione
756 3098 873 3140 sua3

1227 894 1305 937 10.
1342 894 1481 940 dives
1510 897 1676 941 autem
1703 894 1757 940 in
1783 895 2059 943 humilitate

1157 970 1275 1017 sua,
1321 962 1556 1016 quoniam
1593 962 1723 1009 sicut
1759 964 1852 1008 flos
1889 964 2062 1010 foeni‘·

1155 1025 1405 1073 transibit.

1224 1094 1304 1138 11.
1339 1094 1563 1141 Exortus
1584 1097 1661 1141 est
1690 1096 1825 1141 enim
1850 1095 2059 1144 solcum

1157 1159 1369 1218 ardore,
1408 1163 1459 1207 et
1493 1162 1705 1208 arefecit
1738 1164 1971 1223 foenum,
2011 1172 2061 1211 et

1155 1228 1250 1270 flos
1272 1226 1381 1283 ejus
1402 1226 1610 1286 decidit,
1639 1231 1690 1274 et
1719 1230 1871 1275 decor
1895 1231 2058 1278 vultus

1155 1292 1269 1349 eJ'us
1290 1292 1525 1351 deperiit3
1555 1294 1627 1341 ita
1651 1297 1703 1341 et
1731 1296 1871 1344 dives
1900 1297 1954 1343 in
1974 1298 2058 1344 iti-

1155 1358 1361 1406 neribus
1381 1360 1484 1406 suis
1504 1364 1794 1409 marcescet.

1224 1435 1305 1479 12.
1340 1435 1521 1481 Beatus
1544 1436 1735 1494 vir‚qui
1750 1437 1927 1484 suffert
1945 1441 2057 1485 ten-

1156 1502 1426 1560 tationem;
1456 1504 1693 1559 quoniam
1723 1518 1835 1550 cnm
1872 1510 2058 1563 proba-

1153 1571 1236 1614 tus
1263 1570 1440 1629 fuerit,
1470 1570 1684 1628 accipiet
1711 1584 1953 1619 coronam
1981 1574 2059 1620 vi-

1155 1639 1239 1681 tae
1249 1629 1292 1693 d,
1314 1649 1461 1692 quam
1477 1638 1769 1695 repromisit
1786 1640 1923 1685 Deus
1943 1641 2057 1686 dili-

1157 1702 1389 1759 gentibus
1410 1716 1481 1748 se.

1226 1769 1306 1813 13.
1341 1769 1527 1828 Nemo,
1557 1783 1668 1815 cum
1702 1773 1951 1832 tentatur,
1983 1774 2059 1818 di-

1159 1836 1266 1892 cat,
1315 1834 1552 1892 quoniam
1589 1849 1619 1881 a
1654 1835 1764 1883 Deo
1811 1841 2058 1897 tentatum

1157 1900 1295 1947 Deus
1333 1902 1467 1947 enim
1504 1902 1780 1949 intentator
1815 1905 2061 1952 malorum

1158 1971 1259 2027 est3
1280 1969 1389 2027 ipse
1409 1972 1575 2017 autem
1593 1971 1845 2018 neminem
1862 1975 2037 2020 tentat.

1226 2051 1304 2095 14.
1342 2051 1691 2109 Unusquisque
1732 2065 1856 2100 vero
1894 2056 2060 2100 tenta-

1155 2120 1239 2163 tur
1258 2129 1288 2163 a
1317 2119 1728 2177 concupiscentia
1754 2133 1845 2167 sua
1863 2123 2057 2169 abstra-

1133 2187 1265 2234 .ctus
1284 2187 1335 2231 et
1352 2185 1567 2232 illectus.

1222 2268 1303 2310 15.
1365 2267 1562 2313 Deinde
1631 2270 2055 2327 concupiscentia,

1155 2346 1267 2379 cum
1288 2334 1604 2393 conceperit,
1624 2336 1757 2392 parit
1772 2340 2028 2393 peccatum
2044 2352 2057 2393 ς

1155 2403 1414 2457 peecatum
1443 2414 1564 2446 vero
1578 2431 1592 2458 ‚
1614 2415 1723 2446 cum
1744 2415 2059 2449 consumma-

1155 2469 1261 2512 tum
1280 2467 1451 2524 fuerit,
1474 2470 1686 2523 generat
1702 2472 1913 2514 mortem
1925 2475 1959 2514 ε.

1225 2547 1304 2589 16.
1338 2544 1509 2591 Nolite
1537 2545 1705 2603 itaque
1725 2560 1924 2608 errare,
1954 2552 2058 2594 fra-

1156 2614 1262 2658 tres
1282 2613 1384 2658 mei.
1402 2611 1737 2659 dilectissimi!

1226 2693 1305 2737 1⁶1.
1344 2693 1505 2738 Omne
1526 2692 1688 2738 datum
1712 2693 1977 2752 optimum,
2008 2700 2059 2741 et

1157 2773 1309 2805 omne
1347 2758 1531 2805 donum
1570 2760 1843 2816 perfectum
1882 2761 2057 2808 desur-

1157 2839 1265 2872 sum
1290 2828 1392 2884 est,
1425 2825 1734 2872 descendens
1753 2840 1783 2873 a
1810 2828 1958 2876 Patre
1978 2830 2056 2876 lu-

1157 2894 1362 2952 minum,
1376 2893 1506 2950 apud
1518 2906 1659 2948 quem
1680 2906 1785 2939 non
1798 2900 1874 2942 est
1892 2899 2056 2943 trans·

1158 2960 1387 3018 mutatio,
1398 2973 1493 3005 nec
1504 2959 1863 3010 vicissitudinis
1882 2967 2027 3010 obum
2036 2992 2057 3000 -

1159 3027 1319 3072 bratio
1331 3020 1381 3071 s.

1204 3141 1220 3160 Φ
1237 3133 1316 3170 Jes.
1335 3136 1399 3175 40,
1416 3137 1453 3170 6.
1502 3134 1523 3161 ‘¹
1540 3139 1565 3171 2
1582 3135 1683 3174 Tim.
1702 3141 1751 3180 4,
1768 3142 1805 3175 8.
1855 3146 1871 3166 ⁸
1886 3139 2001 3174 Rom.
2021 3143 2057 3180 6,

233 3190 254 3208 ⁸
276 3182 420 3219 Mauh.
438 3187 475 3225 ⁵,
495 3187 553 3220 11.
571 3182 779 3224 Rom.⁵,3.
828 3179 845 3207 ὅ
862 3180 1024 3223 Muta,
1035 3184 1091 3218 11.
1157 3185 1215 3218 23.
1264 3178 1289 3211 f
1308 3186 1325 3216 l
1347 3179 1453 3216 Tim.
1473 3185 1509 3222 6,
1530 3185 1584 3218 16.

306 3329 421 3382 Cap.
452 3329 488 3370 1.
559 3334 600 3371 2.
642 3331 686 3371 in
713 3329 1088 3384 temptationibus
1114 3330 1267 3372 variis.
1332 3334 1374 3371 4.

1416 3331 1639 3384 patientia.
1667 3346 1780 3386 opus
1809 3333 2055 3387 perfectum

195 3385 358 3427 habeat
381 3388 522 3436 (deest
540 3387 722 3437 autem).
781 3389 822 3427 5.
855 3386 1126 3439 sapientiam
1157 3383 1292 3437 (sich
1326 3384 1435 3428 ibid.
1465 3388 1511 3427 et
1536 3401 1626 3427 nnn
1652 3388 1931 3441 inproperat.
1992 3392 2056 3428 10.

195 3443 308 3482 sicut
337 3441 422 3481 flos
453 3439 590 3481 faeni·
663 3445 729 3484 11.
769 3441 966 3482 faenum.
1036 3444 1102 3482 12.
1142 3442 1482 3494 temptationem
1514 3442 1631 3492 quia.
1700 3447 1767 3483 1³.
1808 3455 1933 3483 nemo
1963 3456 2058 3484 cum

196 3501 444 3550 temptatur
464 3495 601 3550 (him
624 3496 729 3538 ibid.
749 3498 1058 3551 intemptator.
1117 3499 1182 3538 14-
1215 3495 1422 3538 inlectus.
1484 3499 1550 3538 15.
1582 3496 1773 3538 Dehinc.

1612 3556 1654 3607 Q
