2376 3925
806 147 1153 201 MARCUS.

1229 152 1394 203 cAP.
1433 155 1482 202 1.
1504 157 1554 204 2.
2052 163 2117 212 55

248 218 2114 245 ——-—---—------———..—..——-

305 249 387 294 35.
406 248 509 294 nEt
520 249 743 295 diluculo
756 249 901 296 valde
912 263 1145 311 surgens,

234 328 476 374 egressus
522 315 647 362 abiit
682 317 737 362 in
774 316 1025 364 desertum
1062 317 1146 365 lo·-

238 396 369 441 cum,
390 381 562 439 ibique
584 384 773 429 orabat.

302 451 387 495 36.
421 449 493 494 Et
510 452 808 506 prosecutus
830 454 909 498 est
927 465 1041 498 eum
1062 452 1145 500 Si·-

228 530 375 574 mon,
398 517 452 562 et
471 517 561 572 qui
580 530 689 563 cum
705 517 795 564 illo
818 522 991 576 erant3

299 585 385 629 37.
423 585 478 629 et
516 597 626 630 eum
660 585 981 633 invenissent
1010 600 1143 647 eum,

229 651 485 697 dixerunt
512 651 584 697 ei:
617 651 748 705 Quia
776 665 952 700 omnes
986 667 1143 712 quae-

227 721 355 766 runt
372 717 446 764 te!

298 787 382 832 38.
416 784 487 830 Et
508 784 580 832 ait
596 785 727 833 iuis:
747 785 999 834 Eamusin
1017 802 1143 847 pro-

226 854 402 898 ximos
432 853 607 912 vicos,
639 856 691 899 et
719 853 975 915 civitates,
1009 858 1068 902 ut
1091 858 1143 902 et

230 920 307 966 ibi
326 919 637 978 praed-‘cem
662 920 725 966 ad
742 921 840 968 hoc
856 923 990 968 enim
1000 923 1137 969 veni.

302 987 379 1032 39.
406 987 478 1033 Et
492 988 604 1034 erat
624 988 919 1045 praedicans
938 990 993 1035 in
1014 1003 1136 1048 syn-

233 1053 411 1112 agogis
432 1067 636 1113 eorum,
665 1057 717 1101 et
742 1056 797 1101 in
828 1057 967 1102 omni
996 1057 1135 1103 Gali-

230 1120 361 1180 laea,
386 1123 437 1168 et
456 1121 721 1168 daemonia
742 1122 969 1181 ejiciens.

292 1191 377 1234 40.
396 1188 497 1234 ⁰Et
515 1189 659 1236 venit
678 1189 740 1234 ad
754 1204 866 1236 eum
883 1189 1135 1250 leprosus,

226 1256 508 1314 deprecans
530 1270 659 1316 eum,
673 1259 725 1302 et
742 1271 879 1315 genu
897 1259 1033 1305 flexo
1056 1258 1133 1304 di-

224 1323 305 1370 xit
326 1323 402 1370 ei:
426 1323 484 1370 si
504 1323 599 1383 vis,
612 1326 759 1382 potes
776 1339 856 1371 me
873 1325 1132 1373 mundare.

290 1405 375 1449 41.
410 1403 445 1448 J
446 1416 561 1450 eus
574 1406 741 1450 autem
750 1405 987 1452 misertus
1001 1406 1131 1466 ejus,

223 1471 461 1516 extendit
472 1485 673 1518 manum
684 1484 839 1532 suam,
854 1475 906 1518 et
916 1475 1131 1532 tangens

226 1551 360 1597 eum,
380 1538 455 1584 ait
474 1537 578 1585 illi:
600 1539 752 1599 Volo,
772 1539 1036 1587 mundare!

291 1607 374 1650 42.
407 1606 479 1651 Et
522 1620 633 1653 eum
668 1605 908 1667 dixisset,
962 1609 1130 1654 statim

222 1672 459 1719 discessit
474 1675 535 1720 ab
558 1687 621 1720 eo
640 1672 810 1733 lepra,
840 1677 891 1721 et
917 1675 1129 1721 munda-

131 1759 139 1763 -
225 1743 310 1785 tus
330 1741 421 1784 est.

294 1806 379 1850 43.
411 1805 479 1851 Et
497 1808 823 1854 comminatus
844 1811 922 1854 est
940 1809 1006 1867 ei,
1025 1811 1129 1854 sta-

217 1873 415 1930 timque
435 1872 583 1931 ejecit
598 1875 759 1934 illum,

288 1941 373 1986 44.
411 1943 461 1988 et
477 1941 597 1989 dicit
616 1943 688 1989 ei:
707 1941 837 1989 Vide
847 1947 897 2002 Ρ,
934 1941 1130 1989 nemini

222 2008 442 2055 dixeris!
490 2010 581 2057 sed
619 2010 749 2056 vade
762 2041 777 2069 ‚
828 2011 1039 2072 ostende
1074 2013 1127 2057 te

218 2076 441 2134 principi
460 2076 806 2137 sacerdotum,
820 2081 872 2123 et
890 2078 1018 2124 offer
1030 2091 1123 2136 pro

220 2144 578 2191 emundatione
595 2147 701 2205 tua,
722 2158 849 2203 quae
868 2146 1127 2203 praecepit

217 2212 429 2269 Moyses
438 2216 479 2271 9,
506 2212 560 2257 ἰιι
578 2212 921 2258 testimonium
937 2212 1056 2258 illis.

282 2293 365 2336 45.
399 2290 469 2337 At
516 2290 607 2338 ille
661 2305 895 2349 egressus
956 2293 1126 2351 eoepit

214 2358 540 2419 praedicare,
571 2360 624 2405 et
644 2358 901 2406 diffamare
924 2373 1122 2407 sermo-

213 2438 351 2483 nem,
377 2425 475 2484 ita,
494 2428 553 2471 ut
566 2424 673 2483 jam
691 2440 798 2473 non
823 2430 997 2485 posset
1012 2441 1121 2473 ma-

214 2492 403 2539 nifeste
421 2493 639 2539 introire
660 2493 713 2539 in
732 2493 1011 2553 civitatem;
1034 2496 1122 2541 sed

214 2558 345 2605 foris
374 2560 428 2605 in
458 2559 673 2607 desertis
700 2560 829 2608 locis
867 2564 1028 2621 esset,
1071 2564 1124 2609 et

216 2626 594 2675 conveniebant
610 2626 674 2674 ad
692 2628 1059 2687 eumamdique.

522 2825 689 2877 GAP.
750 2827 816 2878 11.

210 2920 481 2975 paralytico
516 2930 707 2979 peccata
744 2926 1033 2968 remittuntur
1074 2930 1121 2969 et

214 2980 389 3021 sanitas
406 2980 628 3024 redditur·
673 2982 785 3024 Levi
803 2982 995 3023 vocatio·
1030 2980 1121 3024 Cur

328 3082 477 3117 .-3⁵
490 3084 552 3119 39.
592 3080 696 3122 Luc.
719 3084 761 3125 4,
786 3085 902 3118 42-
914 3084 983 3121 44
1045 3089 1120 3121 ⁰v.

209 3128 389 3162 40-45.
420 3125 623 3170 Muttine,
639 3131 763 3167 1-4,
792 3128 1119 3172 Lue.5,12--16.

209 3178 235 3204 P
254 3170 400 3209 Manli.
416 3174 456 3215 8,
472 3174 515 3213 4.
561 3172 653 3209 ἰῑιο
634 3185 695 3211 ειν
683 3174 727 3213 it.
746 3179 805 3213 13.

1214 249 1350 292 Jesus
1367 254 1682 304 peccatoribus
1699 255 1994 300 familiariter
2014 267 2115 302 uta-

1213 309 1302 348 tur.
1325 305 1552 361 Discipuli
1571 322 1658 350 non
1672 308 1937 363 jejunantes
1956 319 2004 357 et
2021 316 2114 370 spi-

1343 373 1420 403 cas
1439 361 1661 406 vellentes
1681 375 1974 413 excusentur·

1279 455 1326 499 1.
1355 454 1454 500 Ἐἰ
1472 454 1654 504 iterum
1666 459 1879 509 intravit
1889 464 2112 522 Caphar-

1211 534 1362 568 naum
1380 525 1498 580 post
1515 523 1638 570 dies.

1276 589 1324 634 2.
1358 587 1428 635 Et
1445 590 1670 638 auditum
1689 595 1780 653 est,
1793 597 2000 652 quadiu
2019 599 2112 644 do-

1207 669 1290 702 mo
1311 659 1472 716 esset,
1503 658 1556 704 et
1583 666 1934 709 convenerunt
1949 666 2112 726 multi,

1207 721 1305 782 ita,
1332 725 1390 769 ut
1408 737 1516 770 non
1535 729 1743 784 caperet
1765 741 1929 786 neque
1949 733 2048 777 ad·
2027 747 2110 790 Ja..

1205 803 1384 849 nuam3
1407 794 1458 838 et
1473 791 1774 849 loquebatur
1795 796 1868 842 eis
1886 800 2116 846 verbum.

1273 875 1319 919 3.
1353 873 1422 920 Et
1438 880 1694 923 venerunt
1711 879 1775 925 ad
1793 893 1925 940 eum,
1937 881 2110 928 feren-

1205 943 1280 987 tes
1319 943 1667 1005 paralyticum,
1706 946 1793 1002 qui
1827 960 1858 993 a
1896 951 2112 1005 quatuor

1203 1010 1512 1066 portabatur.

1270 1078 1318 1120 4.
1354 1076 1422 1123 Et
1439 1091 1551 1124 cum
1567 1092 1675 1125 non
1691 1084 1905 1138 possent
1921 1084 2109 1131 offerre

1203 1156 1318 1188 eum
1336 1143 1414 1190 illi
1431 1158 1554 1203 prae
1583 1148 1756 1207 turba,
1785 1149 2110 1198 nudaverunt

1201 1212 1412 1270 tectum,
1439 1213 1530 1259 ubi
1557 1216 1693 1272 erat,
1681 1229 1692 1239 ·
1724 1216 1777 1261 et
1791 1219 2106 1273 patefacien-

1199 1278 1278 1323 tes
1296 1279 1636 1326 submiserunt
1652 1283 1928 1343 grabatum,
1939 1285 1994 1331 in
2005 1300 2104 1344 quo

1199 1344 1505 1404 paralyticus
1519 1347 1736 1404 jacebat.

1267 1414 1313 1457 5.
1353 1413 1475 1458 Cum
1514 1416 1682 1461 autem
1720 1400 1934 1465 vidisset
1955 1419 1989 1465 J
1990 1433 2104 1468 esus

1198 1478 1344 1525 fidem
1362 1480 1583 1541 illorum,
1597 1482 1668 1528 ait
1685 1485 1992 1545 paralytico:
2012 1487 2103 1535 Fi-

1197 1545 1257 1592 li!
1280 1547 1595 1596 dimittuntur
1613 1549 1707 1597 tibi
1723 1555 1930 1610 peccata
1947 1557 2049 1600 tua.

1265 1634 1310 1676 6.
1345 1631 1510 1679 Erant
1525 1635 1694 1680 autem
1710 1635 1818 1683 illic
1828 1638 2028 1694 quidam
2040 1639 2102 1684 de

1199 1699 1386 1744 Scribis
1406 1700 1660 1760 sedentes,
1675 1704 1726 1748 et
1744 1706 2028 1761 cogitantes
2047 1705 2102 1751 in

1198 1765 1433 1812 cordibus
1454 1767 1582 1812 suis:

1265 1833 1311 1876 7.
1349 1832 1480 1884 Quid
1497 1834 1580 1880 hic
1599 1833 1672 1881 sic
1689 1835 1936 1892 loquitur!
1964 1838 2101 1884 blas-

1196 1897 1418 1955 phemat!
1478 1900 1600 1953 Quis
1647 1903 1816 1958 potest
1851 1902 2100 1951 dimittere

1194 1968 1418 2025 peccata,
1439 1968 1540 2013 nisi
1559 1968 1698 2013 solus
1717 1969 1892 2017 Deus?

1208 2080 1210 2083 ,
1262 2036 1308 2079 8.
1349 2034 1460 2087 Quo
1490 2036 1656 2081 statim
1682 2038 1918 2095 cognito⁸
1950 2041 2100 2087 Jesus

1193 2101 1374 2159 spiritu
1410 2115 1522 2161 suo,
1562 2104 1677 2161 quia
1707 2104 1780 2151 sie
1817 2107 2101 2165 cogitarent

1191 2168 1328 2215 intra
1345 2182 1418 2228 se,
1440 2169 1562 2216 dicit
1579 2170 1706 2218 illis:
1741 2173 1871 2226 Quid
1889 2175 1987 2223 ista
2007 2190 2097 2223 eo-

1193 2236 1362 2293 gitatis
1381 2236 1436 2282 in
1459 2238 1693 2285 cordibus
1712 2241 1932 2288 vestris?

1259 2306 1306 2349 9.
1344 2304 1476 2357 Quid
1488 2307 1566 2351 est
1584 2306 1986 2367 facilius‚.dicere
2005 2323 2097 2368 pa-

1188 2370 1432 2430 ralytico:
1452 2372 1786 2420 Dimittuntur
1803 2374 1897 2423 tibi
1915 2390 2097 2435 peeca-

1188 2439 1268 2495 ta;
1303 2452 1368 2483 an
1389 2438 1582 2486 dicere:
1620 2440 1802 2499 Surge!
1833 2442 1959 2489 tolle
1979 2457 2098 2502 gra-

1190 2506 1359 2551 batmn
1379 2508 1535 2566 tuum,
1557 2509 1608 2553 et
1627 2506 1856 2554 ambula?

1257 2572 1338 2617 10.
1373 2573 1440 2619 Ut
1459 2576 1627 2621 autem
1646 2574 1819 2621 sciatis
1831 2606 1846 2635 ‚
1875 2577 1992 2634 quia
2007 2577 2097 2623 Fi-

1186 2638 1288 2685 lius
1306 2639 1524 2687 hominis
1544 2641 1696 2688 habet
1713 2644 2031 2704 potestatem,
2043 2644 2100 2690 in

1186 2708 1328 2753 terra
1348 2706 1628 2755 dimittendi
1646 2709 1871 2768 peccata,
1894 2709 1992 2769 (ait
2005 2724 2096 2770 pa·-

1185 2773 1402 2833 ralytico
1415 2774 1453 2834 z)

1259 2842 1340 2886 11.
1377 2841 1494 2888 Tibi
1536 2839 1676 2887 dico:
1731 2842 1922 2903 Surge:
1971 2846 2096 2893 tolle

1190 2908 1452 2965 grabatum
1479 2908 1646 2967 tuum,
1675 2911 1727 2955 et
1752 2911 1880 2959 vade
1914 2913 1968 2959 in
2003 2915 2096 2960 do-

1186 2988 1324 3019 mum
1339 2976 1491 3021 tuam.

1233 3089 1307 3119 ’.ν
1325 3086 1412 3119 1-
1428 3086 1486 3121 12.
1533 3084 1680 3125 Mutua.
1695 3090 1734 3130 9,
1753 3090 1891 3127 1-8,
1938 3088 2039 3125 Luc.
2057 3091 2096 3130 ⁵,

1184 3178 1247 3213 47.
1276 3173 1366 3213 Joh.
1383 3178 1422 3219 2,
1439 3178 1540 3215 24.ι
1523 3188 1582 3225 sq.

328 3316 443 3372 Cap·
474 3317 514 3361 1.
572 3324 643 3364 36.
675 3328 723 3365 et
754 3329 949 3367 secutus·
1025 3326 1096 3367 39.
1129 3326 1176 3365 et
1205 3324 1336 3365 omni·
1412 3328 1483 3367 43.
1515 3328 1812 3371 comminatus
1843 3329 1886 3370 ei
1923 3328 2089 3370 statim.

208 3376 279 3415 44.
312 3374 483 3416 Moses·
549 3379 619 3419 45.
649 3378 699 3420 in
727 3380 955 3422 civitatem
982 3380 1198 3428 introire3
1226 3378 1334 3422 ibid.
1362 3377 1479 3424 locis
1505 3394 1621 3424 esse·
1741 3382 1805 3424 Π.

1870 3386 1911 3423 3.
1941 3383 2092 3425 feren-

211 3432 283 3471 tes
318 3429 379 3471 ed
418 3442 535 3471 eum.
592 3436 635 3475 4.
668 3435 995 3477 summiserunt.
1054 3440 1095 3479 5.
1127 3448 1225 3476 cum
1251 3434 1446 3479 vidisset
1479 3446 1652 3487 autem3
1679 3435 1785 3481 ibid.
1821 3436 1967 3479 omin-
1997 3445 2077 3481 tua

212 3484 255 3525 9
284 3484 406 3527 inter
424 3498 474 3527 se
496 3497 625 3539 surge
646 3494 762 3531 et—-
780 3490 1049 3542 grabatum.
1116 3494 1183 3532 10.
1217 3495 1493 3545 potestatem
1513 3491 1651 3535 habet
1669 3490 1792 3534 filius
1812 3490 2014 3536 hominis
