2376 3925
279 184 381 234 14⁰

886 174 1171 230 LUCAS.
1243 171 1414 224 CAP.
1453 170 1538 220 24.

287 241 2176 271 ...-..-.---—-———-—-—--———-———————-

280 287 445 332 vicem
472 283 811 342 ambulantes,
850 283 902 326 et
934 279 1055 325 estis
1088 277 1184 323 tti-
1252 277 1334 320 tur
1371 273 1471 318 illis
1511 272 1566 317 in
1603 271 1828 317 omnibus
1873 262 2175 330 scripturis,¹

284 353 419 398 stes?

350 421 432 464 18.
466 417 535 463 Et
567 415 884 474 respondens
910 425 1069 470 unus,
1106 409 1188 456 cui

282 498 471 530 nomen
502 475 797 542 Cleophas¹,
837 481 966 527 dixit
994 480 1067 525 ei:
1108 479 1186 523 Tu

284 552 425 598 solus
442 551 745 609 peregrinus
756 562 810 595 es
830 549 883 594 in
894 544 1187 602 Ierusalem,

286 621 338 664 et
371 632 479 665 non
524 616 838 675 cognovisti,
882 627 1009 670 quae
1055 613 1192 658 facta

287 687 477 732 suntin
495 685 585 731 illa
603 685 680 730 his
702 682 906 728 diebus?

357 771 435 814 19.
472 768 662 821 Quibus
700 766 787 811 ille
826 762 976 810 dixit:
1017 762 1192 816 Quae?

285 835 355 881 Et
374 836 635 882 dixerunt:
658 833 733 878 De
752 833 783 878 J
785 845 876 877 esu
903 832 1193 888 Nazareno,

288 903 375 960 qui
401 902 496 948 fuit
523 900 603 947 vir
629 899 907 957 propheta,
938 900 1120 956 potens
1140 897 1196 942 in

290 983 447 1027 opere
468 971 518 1014 et
536 979 769 1013 sermone
800 979 972 1013 coram
1001 965 1113 1010 Deo
1145 965 1198 1009 et

291 1037 429 1082 omni
448 1034 666 1093 popu103

356 1121 437 1164 20.
475 1118 526 1165 et
551 1116 803 1176 quomodo
835 1130 948 1163 eum
970 1113 1199 1162 tradide-

290 1188 411 1232 runt
429 1185 607 1232 summi
617 1184 917 1232 Sacerdotes
930 1186 981 1231 et
997 1181 1200 1228 Princi-

288 1267 381 1312 pes
401 1254 567 1299 nostri
594 1253 648 1298 in
670 1251 1044 1298 damnationem
1060 1262 1201 1296 mor-

289 1321 375 1380 tis,
398 1323 448 1367 et
468 1321 827 1368 crucifixerunt
846 1332 976 1365 eum.

361 1406 442 1450 21.
494 1405 602 1449 Nos
649 1406 816 1448 autem
858 1403 1202 1460 sperabamus,

293 1471 411 1528 quia
429 1471 537 1527 ipse
558 1472 692 1515 esset
708 1469 1056 1526 redempturus
1066 1467 1202 1512 Isra-

296 1537 370 1594 e13
386 1538 435 1582 et
453 1549 585 1582 nunc
598 1549 748 1593 super
758 1534 884 1580 haec
898 1535 1083 1592 omnia,
1094 1535 1203 1578 ter-

292 1605 367 1650 tia
385 1604 491 1650 dies
506 1606 583 1650 est
598 1602 767 1662 hodie,
781 1602 916 1659 quod
927 1602 1051 1648 haec
1070 1601 1206 1647 facta

295 1673 429 1718 sunt.
928 1713 935 1720 .

362 1741 444 1784 22.
483 1739 583 1786 Sed
610 1740 661 1784 et
684 1738 925 1785 mulieres
963 1735 1207 1794 quaedam

298 1821 366 1854 ex
384 1807 574 1854 nostris
601 1809 897 1853 terruerunt
923 1818 1047 1864 nos,
1078 1816 1205 1861 quae

298 1878 415 1921 ante
434 1876 600 1923 lucem
611 1875 817 1921 fuerunt
829 1874 892 1921 ad
902 1887 1021 1919 mon
1028 1884 1204 1918 umen-

296 1945 431 1999 tum3

320 2061 327 2077 ι
367 2010 447 2055 23.
484 2011 552 2068 et,
590 2022 697 2054 non
734 2009 946 2053 invento
986 2018 1204 2062 corpore

286 2076 347 2131 ej
354 2088 428 2133 us,
442 2075 709 2132 venerunt,
724 2074 965 2128 dicentes,
979 2084 1035 2117 se
1056 2072 1205 2117 etiam

299 2141 548 2187 visionem
568 2140 867 2197 angelorum
885 2137 1099 2197 vidisse,
1122 2137 1208 2193 qui

285 2207 490 2265 -dicunt,
514 2220 627 2251 eum
646 2206 837 2251 vivere.

367 2293 446 2337 24.
474 2290 543 2336 Et
560 2289 793 2336 abierunt
803 2288 1002 2345 quidam
1022 2302 1087 2336 ex
1106 2301 1205 2334 no-

300 2359 417 2407 stris
438 2358 499 2405 ad
517 2360 918 2415 monumentum,
950 2359 1001 2402 et
1025 2357 1095 2403 ita
1123 2357 1206 2401 in-

301 2430 580 2486 venerunt,
629 2426 758 2472 sicut
784 2424 1023 2471 mulieres
1056 2424 1205 2470 dixe-

294 2497 447 2554 runt,
511 2496 674 2553 ipsum
728 2504 855 2540 vero
900 2504 1007 2538 non
1054 2492 1204 2538 inve-

300 2565 503 2609 nerunt.

370 2632 451 2676 25.
485 2631 554 2676 Et
588 2628 697 2687 ipse
734 2626 864 2673 dixit
899 2625 962 2671 ad
999 2638 1115 2673 eos:
1162 2628 1205 2670 Ο

304 2696 471 2755 stulti,
502 2700 551 2744 et
576 2695 707 2743 tardi
737 2694 889 2740 corde
909 2694 972 2738 ad
992 2693 1207 2740 creden-

304 2762 422 2807 dum
440 2764 494 2808 in
508 2764 755 2821 omnibus,
769 2775 895 2820 quae
914 2756 1073 2807 locuti
1092 2761 1209 2805 sunt

291 2828 613 2886 Prophetae!

373 2912 454 2955 26.
489 2912 672 2959 Nonne
703 2915 829 2961 haec
859 2912 1086 2971 oportuit
1102 2910 1209 2970 pati

298 2978 585 3036 Christum,
608 2981 659 3024 et
675 2978 744 3025 ita
762 2981 953 3028 intrare
973 2980 1027 3027 in
1046 2978 1207 3039 glori-

306 3061 387 3094 am
406 3045 579 3091 suamss

378 3115 457 3159 27.
492 3112 561 3157 Et
588 3110 835 3168 incipiens
863 3126 894 3158 a
919 3115 1125 3172 Moyse,
1157 3114 1210 3158 et

300 3181 542 3229 *omnibus
552 3180 652 3225 Pro
658 3178 821 3236 phetis
825 3179 1210 3237 ‚interpretaba-

354 3290 370 3318 ²
385 3290 474 3329 Joh.
488 3292 549 3331 19,
569 3288 630 3325 2⁵.

1254 353 1381 398 quae
1403 339 1462 385 de
1483 339 1596 396 ipso
1617 339 1778 384 erant.

1321 422 1402 464 28.
1435 419 1506 464 Et
1521 417 2059 475 appropinquaverunt
2078 431 2171 463 ca-

1256 486 1424 545 stello,
1445 498 1543 542 quo
1565 485 1730 543 ibant3
1745 487 1796 530 et
1814 483 1924 542 ipse
1943 497 1999 530 se
2017 485 2174 531 finxit

1257 553 1461 610 longius
1480 552 1572 597 ire.

1324 622 1406 664 29.
1441 618 1510 664 Et
1521 619 1800 675 coegerunt
1817 617 1979 679 illum,
1992 619 2171 665 dicen-

1257 690 1360 734 tes:
1408 688 1560 732 Mane
1595 685 1862 732 nobiscum
1875 717 1891 746 ,
1930 685 2172 743 quoniam

1258 753 1650 810 advesperascit,
1664 755 1714 797 et
1725 753 1970 798 inclinata
1981 755 2058 799 est
2062 753 2170 812 J'am

1261 820 1390 867 dies!
1411 820 1478 865 Et
1495 818 1707 865 intravit
1725 833 1838 866 cum
1855 819 1976 866 illis.

1331 902 1410 946 3⁰.
1446 901 1513 946 Et
1531 901 1718 946 factum
1730 900 1823 958 est,
1838 899 1952 945 dum
1969 913 2172 946 recum-

1263 969 1408 1015 beret
1428 981 1538 1013 cum
1553 967 1643 1025 eis,
1657 967 1896 1024 accepitm
1906 979 2113 1026 panem,
2127 969 2180 1012 et

1265 1035 1542 1094 benedixit,
1553 1047 1611 1081 ac
1630 1033 1799 1092 fregit,
1811 1036 1861 1078 et
1872 1033 2182 1093 porrigebat

1266 1103 1384 1149 illis.

1336 1170 1416 1215 31.
1443 1167 1510 1213 Et
1529 1167 1691 1226 aperti
1703 1169 1818 1213 sunt
1828 1165 2181 1228 oculieorum,

1268 1238 1320 1282 et
1339 1238 1693 1293 cognoverunt
1705 1248 1815 1280 eum
1829 1249 1842 1292 ς
1857 1236 1906 1280 et
1921 1233 2027 1292 ipse
2045 1247 2182 1280 eva-

1269 1304 1379 1348 nuit
1400 1317 1467 1349 ex
1488 1302 1647 1349 oculis
1669 1315 1859 1348 eorum.

1338 1371 1416 1415 32.
1453 1370 1521 1415 Et
1557 1369 1795 1416 dixerunt
1830 1367 1895 1413 ad
1929 1367 2182 1415 invicem:

1269 1437 1452 1482 Nonne
1483 1450 1573 1483 cor
1603 1438 1836 1482 nostrum
1865 1435 2048 1483 ardens
2069 1440 2185 1484 erat

1270 1505 1322 1550 in
1345 1503 1492 1550 nobis
1506 1534 1521 1562 ,
1544 1503 1658 1549 dum
1685 1502 1983 1561 loqueretur
2001 1505 2057 1550 in
2075 1505 2180 1562 via,

1273 1574 1322 1617 et
1341 1571 1564 1628 aperiret
1581 1570 1728 1617 nobis
1751 1570 2069 1628 Scripturasi

1338 1639 1417 1683 33.
1453 1637 1521 1683 Et
1548 1641 1815 1695 surgentes
1853 1637 2030 1684 eadem
2054 1637 2184 1684 hora

1271 1705 1494 1763 regressi
1513 1707 1630 1750 sunt
1647 1705 1700 1750 in
1711 1704 2012 1763 Ierusalem3
2032 1709 2082 1750 et
2098 1705 2180 1751 in·-

1274 1774 1524 1819 venerunt
1557 1775 1898 1830 congregatos
1926 1771 2180 1831 undecim,

1275 1843 1323 1887 et
1344 1853 1450 1899 eos,
1471 1839 1688 1896 quicum
1707 1838 1808 1884 illis
1832 1841 1997 1898 erant,

1339 1926 1420 1969 34.
1475 1923 1722 1971 dicentes:
1771 1922 1922 1976 Quod
1958 1923 2188 1970 surrexit

1271 1991 1520 2037 Dominus
1560 2004 1698 2050 vere,
1739 1993 1792 2037 et
1825 1990 2059 2050 apparuit
2093 1990 2181 2036 Si-

1272 2072 1428 2104 mom.

1340 2126 1421 2171 35.
1455 2123 1525 2170 Et
1567 2123 1666 2182 ipsi
1711 2125 2015 2182 narrabant,
2053 2136 2184 2181 quae

1274 2195 1416 2251 gesta
1445 2197 1589 2238 erant
1617 2192 1670 2237 in
1699 2191 1800 2251 via,
1840 2195 1892 2237 et
1927 2190 2182 2249 quomodo

1274 2261 1628 2318 cognoverunt
1672 2273 1788 2305 eum
1825 2258 1881 2307 in
1925 2258 2184 2306 fractione

1273 2341 1434 2385 panis.

1340 2396 1420 2440 36.
1455 2393 1587 2440 Dum
1614 2395 1781 2440 autem
1807 2393 1934 2439 haec
1961 2392 2185 2451 loquun-

1272 2463 1371 2520 tur,
1385 2461 1596 2508 stetith
1599 2474 1714 2507 esus
1733 2461 1787 2507 in
1805 2460 1975 2506 medio
1989 2474 2186 2519 eorum,

1275 2533 1324 2575 et
1345 2530 1463 2575 dicit
1483 2529 1581 2574 eis:
1600 2530 1712 2576 Pax
1730 2527 1894 2575 vobis!
1923 2541 2025 2587 ego
2045 2541 2186 2585 sum;

1274 2596 1434 2641 nolite
1454 2593 1654 2641 timere!
1958 2612 1963 2615 ’

1341 2664 1421 2708 37.
1459 2663 1755 2709 Conturbati
1785 2675 1938 2721 vero,
1973 2664 2026 2709 et
2058 2676 2188 2710 con-

1273 2729 1465 2788 territi,
1497 2730 1852 2777 existimabant
1877 2742 1931 2775 se
1952 2731 2186 2789 spiritum

1275 2797 1466 2843 videre.

1343 2865 1422 2909 38.
1457 2863 1525 2910 Et
1551 2863 1681 2911 dixit
1709 2863 1805 2909 eis:
1838 2863 1974 2917 Quid
1997 2866 2194 2913 turbati

1277 2932 1424 2991 estis,
1464 2934 1514 2977 et
1542 2931 1877 2989 cogitationes
1905 2932 2195 2981 ascendunt

1275 3000 1329 3046 in
1351 2999 1505 3045 corda
1524 3000 1727 3045 vestra?

1343 3068 1423 3113 39.
1457 3066 1636 3111 Videte
1658 3078 1836 3111 manus
1855 3080 2014 3125 meas,
2024 3070 2080 3113 et
2098 3081 2194 3126 pe-

1279 3133 1392 3193 des,
1414 3132 1531 3190 quia
1551 3146 1648 3191 ego
1666 3133 1777 3191 ipse
1797 3146 1933 3191 sum3
1965 3134 2194 3193 palpate,

1323 3248 1355 3267 Μ
1376 3252 1412 3277 c.
1429 3243 1491 3285 22,
1510 3244 1571 3279 19.

1625 3240 1793 3279 *Mara
1819 3243 1893 3284 16,
1919 3243 1983 3280 1⁴.
2011 3240 2114 3280 Joh.
2133 3248 2196 3287 20,

1277 3290 1334 3325 19.
1355 3296 1442 3335 sqq.

426 3437 539 3491 Cap.
569 3434 751 3477 XXIV.
813 3438 881 3474 20.
914 3436 1073 3476 summi
1092 3434 1390 3477 sacerdotum.
1449 3438 1518 3477 21.
1540 3436 1678 3481 tertia
1699 3436 1796 3481 dies
1816 3436 1966 3482 hodie.
2027 3444 2106 3484 33.
2127 3443 2202 3495 qui

296 3502 409 3532 v‹emn
428 3492 558 3547 ipsis.
616 3493 686 3533 36.
718 3487 947 3537 locuntur-3
968 3488 1076 3532 ibid.
1098 3490 1234 3533 Jesus
1254 3489 1383 3531 stetit
1402 3489 1451 3532 in
1470 3492 1630 3534 medio.
1689 3495 1760 3536 39.
1789 3494 1890 3548 ipse
1909 3508 2008 3548 ego.
