2376 3925
936 131 1222 184 LUCAS.

601 267 771 320 CAP.
826 267 947 318 XX.

321 358 449 399 Dicit
461 354 669 396 Christus
690 351 798 392 dcvi
820 355 867 392 et
880 347 1032 390 indole
1053 349 1229 402 baptis-

322 413 459 454 matis
478 409 683 454 Joannis.
743 404 973 446 Parabola
992 406 1045 446 de
1065 404 1230 444 vinito-

322 469 447 508 ribus
459 465 625 507 domini
644 461 787 504 filium
808 461 1130 502 occidentibus.
1156 459 1228 500 De

324 523 493 563 tributo
519 519 704 561 Caesari
726 518 873 558 dando
888 545 901 566 ,
929 520 977 558 et
996 516 1051 556 de
1078 527 1228 556 resur-

322 577 538 620 rectione.
618 573 878 616 Cavendum
912 576 983 614 est
1012 583 1041 611 a
1068 571 1229 612 scribis

647 629 912 672 ambitiosis.

390 712 439 754 1.
472 699 509 748 s
516 708 583 753 Et
601 709 785 754 factum
805 706 882 750 est
912 703 965 748 in
998 715 1099 748 una
1119 701 1228 748 die-

321 790 461 836 rum,
510 775 723 822 docente
770 771 859 817 illo
898 769 1138 828 populum
1172 770 1229 816 in

320 843 529 902 templo,
550 846 602 887 et
620 839 1023 896 evangelizante,
1037 850 1228 883 eonve-

322 912 510 960 nerunt
527 907 781 968 principes
802 905 1157 964 sacerdotum,
1178 907 1231 950 et

324 979 529 1027 Scribae
550 989 661 1021 eum
680 973 997 1030 Senioribus,

389 1048 437 1090 2.
473 1045 523 1089 et
542 1043 701 1100 ajunt,
724 1041 947 1086 dieentes
969 1039 1031 1084 ad
1057 1039 1226 1084 illum:

319 1113 414 1158 Dic
432 1110 605 1168 nobis,
639 1109 694 1154 in
713 1121 811 1164 qua
830 1108 1081 1165 potestate
1100 1107 1228 1151 haec

318 1179 477 1226 facis?
498 1179 606 1223 aut:
632 1176 755 1229 Quis
777 1177 877 1234 est,
902 1175 988 1232 qui
1008 1173 1143 1220 dedit
1159 1173 1226 1219 ti-

316 1248 373 1294 hi
387 1247 517 1292 hanc
535 1243 867 1303 potestatem?

390 1316 437 1360 3.
480 1312 811 1370 Respondent
857 1312 1024 1356 autem
1058 1309 1226 1367 Jesus,

324 1383 452 1428 dixit
470 1381 531 1425 ad
550 1381 667 1426 illos
682 1393 694 1424 :
709 1380 1041 1436 Interrogabo
1065 1390 1157 1422 vos
1178 1379 1229 1421 et

322 1461 419 1507 ego
446 1461 601 1492 unum
638 1443 867 1492 verbum!
904 1443 1226 1502 Respondete

320 1515 469 1560 mihi:

384 1584 433 1626 4.
468 1579 748 1638 Baptismus
759 1579 790 1624 J
793 1577 974 1623 oannis
996 1577 1055 1622 de
1078 1576 1224 1622 coelo

321 1649 461 1695 erat?
482 1661 546 1693 an
568 1661 635 1694 ex
651 1645 974 1693 hominibus?

386 1721 433 1762 5.
469 1717 535 1760 At
560 1715 638 1761 illi
666 1714 957 1772 cogitabant
987 1712 1123 1762 intra
1150 1725 1224 1770 se,

319 1785 568 1831 dicentes:
599 1783 729 1835 Quia
748 1782 790 1826 si
812 1780 1113 1826 dixerimus:
1147 1779 1225 1824 De

319 1851 487 1899 coelo!
539 1851 693 1896 dicet:
744 1850 913 1902 Quare
957 1861 1081 1906 ergo
1119 1861 1226 1893 non

319 1919 602 1967 credidistis
624 1918 731 1965 illic*

385 1990 433 2032 6.
472 1988 527 2033 Si
546 1989 712 2031 autem
723 1982 1226 2030 dixerimuszExho-

318 141 423 192 130

319 2051 557 2099 minibus!
588 2051 729 2109 plebs
761 2050 1003 2095 universa
1029 2048 1225 2104 lapida-

316 2120 391 2165 bit
406 2132 530 2174 nos;
563 2117 730 2162 certia?
758 2117 877 2160 sunt
891 2116 1042 2173 enim,
1062 2116 1093 2159 J
1098 2128 1225 2159 oan-

316 2198 432 2231 nem
449 2183 747 2241 prophetam
768 2194 894 2226 esse.

384 2261 431 2306 7.
450 2260 519 2305 Et
534 2258 925 2317 responderunt,
938 2270 993 2305 se
1004 2258 1222 2319 nescire,

318 2328 450 2373 unde
471 2327 619 2373 esset.

387 2398 433 2441 8.
454 2394 521 2440 Et
531 2395 562 2440 J
565 2406 679 2440 eus
700 2392 771 2438 ait
788 2391 1105 2450 illis1Neque
1125 2407 1222 2452 ego

322 2464 434 2510 dico
455 2462 617 2521 vobis,
639 2462 694 2508 in
714 2474 810 2517 qua
828 2463 1079 2519 potestate
1098 2462 1224 2507 haec

319 2532 470 2578 facio.

388 2602 433 2644 9.
478 2590 507 2628 h
520 2596 702 2654 Coepit
744 2598 911 2641 autem
955 2595 1124 2641 dicere
1160 2596 1224 2641 ad

319 2665 516 2721 plebem
541 2663 833 2723 parabolam
862 2662 1019 2709 hanc:
1055 2664 1222 2709 Homo

318 2730 566 2787 plantavit
594 2733 795 2779 vineam
826 2731 878 2775 et
905 2729 1095 2775 locavit
1113 2744 1224 2775 eam

318 2797 517 2843 colonis
530 2814 544 2856 ;
556 2801 607 2845 et
624 2800 733 2857 ipse
743 2811 959 2859 peregre
979 2798 1075 2844 fuit
1091 2797 1223 2843 mul-

318 2864 384 2909 tis
404 2866 729 2921 temporibus.

388 2932 468 2975 10.
502 2931 571 2975 Et
614 2934 669 2977 in
716 2936 945 2991 tempore
988 2932 1126 2979 misit
1160 2931 1222 2977 ad

322 2997 542 3045 cultores
563 3010 781 3058 servum,
800 3006 857 3046 ut
877 3001 937 3047 de
956 3002 1124 3047 fructu
1144 3000 1222 3045 vi-

362 3116 443 3155 fv.
470 3118 592 3153 1—8.
631 3112 779 3151 Matth.
806 3118 865 3157 21,
893 3120 1063 3156 23—32.
1095 3118 1222 3156 Marc.

317 3171 377 3207 11,
394 3166 563 3201 27—33·
609 3166 635 3197 ὅ
650 3160 799 3197 Mai-th·
816 3165 879 3205 14,
898 3168 932 3200 ⁵.
979 3162 1001 3191 7*
1018 3176 1057 3201 V.
1076 3169 1221 3203 9-19.

318 3210 465 3247 Mati-h·
484 3214 545 3252 21,
562 3210 731 3246 33—46·
754 3207 883 3246 Marc·
898 3213 960 3251 12,
980 3213 1125 3248 2—12·

432 3358 543 3411 Cap.
573 3352 685 3396 XX.

1297 129 1468 181 CAP.
1507 133 1590 180 2⁰.

1299 247 1426 280 neae
1445 233 1626 278 darent
1640 233 1733 278 illi.
1787 233 1884 286 Qui
1903 247 2110 281 caesum
2129 237 2203 282 di-

1299 301 1546 346 miserunt
1563 313 1679 346 eum
1698 300 1916 346 inanem.

1366 369 1446 412 11.
1473 367 1543 412 Et
1559 367 1752 413 addidit
1767 367 1982 414 alterum
2001 383 2204 416 servum

1296 435 1514 482 mittere.
1580 434 1666 479 1111
1701 437 1870 480 autem
1907 436 2044 482 hunc
2075 450 2202 494 quo-

1298 516 1392 558 que
1413 501 1679 547 caedentes
1701 503 1753 547 et
1781 503 2058 550 afficientes
2077 519 2202 551 con-

1296 569 1518 627 tumelia,
1541 568 1843 614 dimiserunt
1859 570 2076 616 inanem.

1363 638 1443 681 12.
1462 637 1531 681 Et
1547 635 1739 681 addidit
1754 637 1962 684 tertium
1977 639 2202 696 mittere;

1297 705 1382 760 qui
1411 707 1464 750 et
1499 703 1642 750 illum
1669 703 1999 751 vulnerantes
2035 707 2201 763 ejece-

1296 774 1430 816 runt.

1363 840 1444 884 13.
1479 837 1626 884 Dixit
1659 840 1828 884 autem
1866 839 2100 886 dominus
2129 843 2200 886 vi-

1295 919 1451 952 neae:
1488 905 1622 958 Quid
1654 906 1868 952 faciam?
1896 907 2090 954 mittam
2107 909 2200 954 fili-

1296 987 1378 1018 um
1390 988 1554 1019 meum
1566 972 1823 1020 dilectum!
1845 975 2082 1035 forsitan,
2097 991 2201 1022 cum

1296 1040 1430 1086 hunc
1451 1040 1688 1101 viderint,
1709 1043 2034 1087 verebuntur.

1364 1110 1445 1154 14.
1484 1109 1644 1161 Quem
1663 1122 1774 1154 eum
1793 1108 2038 1154 vidissent
2057 1110 2202 1156 colo-

1296 1174 1368 1234 ni,
1396 1176 1753 1234 cogitaverunt
1769 1176 1903 1222 intra
1921 1189 2001 1235 se,
2025 1176 2202 1222 dicen-

1296 1245 1400 1289 tes:
1437 1243 1532 1288 Hic
1572 1244 1649 1288 est
1680 1243 1879 1302 haeres,
1919 1243 2202 1290 occidamus

1297 1310 1456 1369 illum,
1475 1312 1535 1355 ut
1552 1311 1731 1355 nostra
1749 1312 1836 1356 fiat
1853 1310 2160 1357 haereditas!

1363 1379 1445 1422 15.
1469 1378 1540 1423 Et
1559 1378 1774 1435 ejectum
1792 1377 1931 1424 illum
1957 1381 2107 1424 extra
2123 1379 2202 1424 vi-

1294 1458 1439 1490 neam
1453 1476 1467 1504 ,
1508 1445 1815 1490 occiderunt.
1903 1445 2041 1498 Quid
2081 1459 2202 1504 ergo

1295 1512 1447 1557 faciet
1465 1512 1567 1557 illis
1589 1513 1816 1558 dominus
1838 1511 2017 1558 vineae
2030 1513 2052 1558 3

1364 1581 1446 1624 16.
1479 1580 1693 1640 Veniet,
1717 1582 1768 1626 et
1792 1578 1966 1638 perdet
1985 1579 2202 1626 colonos

1294 1645 1438 1706 istos,
1460 1649 1512 1693 et
1531 1647 1666 1693 dabit
1686 1646 1884 1693 vineam
1903 1646 2034 1692 aliis.
2093 1648 2201 1701 Quo

1295 1714 1484 1774 audito,
1507 1715 1748 1760 dixerunt
1763 1714 1864 1760 illi:
1885 1713 2054 1760 Absit!

1362 1784 1443 1828 17.
1487 1782 1580 1828 Ille
1619 1785 1786 1828 autem
1823 1782 2078 1839 aspiciens
2117 1795 2200 1828 eos

1294 1849 1388 1895 ait:
1441 1849 1571 1902 Quid
1617 1852 1695 1896 est
1740 1862 1864 1906 ergo
1904 1850 2032 1908 hoc,
2073 1849 2202 1906 quod

1294 1917 1534 1975 scriptum
1571 1919 1672 1962 est:
1721 1916 2020 1977 ‚,Lapidem,
2059 1930 2203 1974 quem

1294 1987 1736 2043 „reprobaverunt
1755 1985 2074 2031 aedificantes
2087 2016 2100 2042 ,
2120 1984 2201 2028 hic

1294 2052 1492 2111 „factus
1516 2052 1664 2098 estin
1685 2055 1836 2109 eaput
1855 2045 2128 2111 angu1i3“·'

1361 2120 1442 2164 18.
1481 2120 1672 2177 Omnis,
1687 2120 1773 2176 qui
1793 2119 2037 2166 ceciderit
2054 2132 2202 2176 super

1294 2184 1435 2231 illum
1470 2186 1716 2245 lapidem,
1757 2186 2200 2243 conquassabitur,

1293 2266 1445 2310 super
1456 2267 1603 2310 quem
1613 2257 1779 2299 autem
1791 2254 2050 2313 ceciderit,
2063 2266 2200 2299 com-

1291 2320 1484 2366 minuet
1500 2321 1658 2366 illum.

1359 2389 1440 2433 19.
1482 2388 1550 2433 Et
1595 2390 1907 2445 quaerebant
1947 2386 2202 2446 principes

1295 2456 1640 2514 sacerdotum,
1681 2458 1732 2502 et
1768 2456 1976 2501 Scribae
2005 2454 2202 2501 mittere

1292 2522 1346 2567 in
1373 2522 1516 2568 illum
1540 2536 1716 2568 manus
1745 2523 1834 2568 illa
1862 2523 2020 2581 hora3
2059 2524 2111 2568 et
2137 2522 2202 2566 ti-

1291 2592 1528 2635 muerunt
1545 2590 1785 2648 populum
1800 2604 1814 2647 3
1846 2591 2205 2647 cognoverunt

1293 2656 1444 2715 enim,
1467 2658 1601 2714 quod
1619 2658 1682 2703 ad
1699 2658 1839 2716 ipsos
1855 2657 2046 2705 dixerit
2063 2656 2199 2702 simi·

1292 2723 1555 2770 litudinem
1573 2725 1718 2771 hanc.

1359 2793 1440 2837 20.
1475 2783 1578 2837 &Et
1606 2794 1936 2838 observantes
1955 2792 2199 2838 miserunt

1291 2858 1614 2905 insidiatores
1628 2890 1642 2918 ,
1676 2860 1762 2917 qui
1783 2873 1837 2905 se
1854 2862 2025 2918 justos
2046 2861 2196 2907 simu-

1291 2926 1482 2985 larent,
1511 2928 1570 2972 ut
1598 2930 1839 2984 caperent
1865 2942 1982 2973 eum
2016 2929 2070 2975 in
2089 2939 2197 2973 ser-

1289 3007 1441 3039 mone
1453 3024 1467 3053 ,
1497 2996 1554 3039 ut
1569 2994 1832 3041 traderent
1847 2995 1990 3041 illum
2007 2994 2196 3053 princi-

1289 3062 1430 3119 patui
1449 3063 1500 3107 et
1517 3063 1756 3119 potestati
1773 3062 2038 3120 praesidis.

1335 3164 1352 3195 ἰ
1367 3170 1436 3206 Pa.
1454 3174 1536 3212 117,
1555 3173 1615 3206 22.
1663 3168 1687 3199 τε
1703 3182 1738 3208 v.
1759 3174 1939 3209 20—40.
1970 3168 2114 3208 Μιιιῐι.
2133 3172 2190 3208 22,

1288 3219 1456 3255 15-33,
1485 3217 1612 3256 Mare.
1630 3222 1692 3263 12,
1709 3222 1876 3256 13—27.

746 3358 787 3395 3.
818 3356 1099 3407 respondens
1120 3366 1270 3405 autem
1291 3364 1425 3405 dixit.
1486 3372 1527 3409 4.
1569 3367 1856 3421 baptismum·
1917 3371 1956 3409 5.
1985 3369 2104 3408 inter
2121 3377 2190 3412 ιε’,

316 3414 426 3457 ibid,
455 3416 511 3455 ei.
584 3415 647 3453 14.
689 3409 999 3461 cogitaverunt
1024 3414 1071 3454 in
1103 3428 1175 3464 se3
1199 3416 1316 3465 ibid..
1340 3418 1485 3463 heres.
1556 3426 1623 3463 18.
1655 3434 1794 3476 supra
1822 3421 1950 3465 illum
1976 3420 2190 3475 lapidem·

322 3471 391 3508 19.
422 3471 569 3509 istam.
