2376 3925
748 158 1096 234 MARCUS.
1168 157 1339 211 cAP.
1376 161 1562 212 13.14.

280 265 361 308 31.
385 261 597 308 coelum
612 265 663 308 et
672 263 1121 321 terratrannibunt,

208 332 369 376 verba
380 331 552 376 autem
568 341 685 374 mea
702 342 805 375 non
820 331 1123 376 transibunt.

274 399 359 444 32.
396 397 477 442 De
490 396 571 442 die
584 398 747 442 autem
766 397 875 456 illo,
890 397 976 444 vel
996 397 1125 443 hora

207 478 363 512 nemo
386 464 501 523 scit,
516 477 679 520 neque
698 465 869 522 angeli
886 465 942 510 in
956 464 1121 524 coelo,

208 545 380 590 neque
400 530 586 590 Filius,
607 531 705 576 nisi
722 533 889 578 Pater.

276 601 361 646 33.
398 598 584 647 Videte
594 603 632 657 q,
659 598 895 658 vigilate,
924 601 977 645 et
1003 613 1123 646 ora-

206 666 283 714 te!
306 665 525 714 nescitis
544 665 693 726 enim,
708 665 908 722 quando
926 668 1123 724 tempus

208 735 292 781 sit.

280 803 363 848 34.
402 800 575 848 Sicut?
592 800 773 860 home,
804 800 891 858 qui
907 814 1125 860 peregre

210 870 473 927 profectus
484 899 499 928 ,
519 868 730 925 reliquit
748 868 949 915 domum
966 882 1123 930 suam,

216 936 272 982 et
310 935 442 982 dedit
478 936 645 982 servis
684 935 788 982 suis
823 938 1128 994 potestatem

216 1003 459 1060 cujusque
474 1003 663 1062 operiS,
677 1005 729 1049 et
740 1003 957 1062 janitori
974 1017 1127 1062 prae-

221 1070 371 1130 cepit,
391 1073 449 1116 ut
465 1069 662 1128 vigilet.

284 1139 365 1184 35.
399 1137 623 1196 Vigilate
678 1135 827 1196 ergo!
894 1137 1126 1194 [nescitis

214 1205 379 1264 enim,
427 1204 627 1262 quando
676 1203 911 1251 dominus
951 1204 1127 1251 domus

210 1273 571 1330 veniat31ero
592 1285 657 1318 an
676 1272 842 1318 media
858 1274 1012 1319 nocte
1024 1303 1039 1334 ,
1062 1285 1128 1318 an

212 1340 339 1400 galli
359 1342 529 1399 cantu,
550 1353 615 1385 an
632 1341 807 1396 mane]

280 1409 365 1452 36.
399 1421 469 1453 ne
506 1421 616 1454 cum
652 1407 855 1453 venerit
896 1408 1125 1466 repente,

209 1475 450 1522 inveniat
466 1488 562 1521 von
584 1473 908 1520 dormientes.
938 1513 941 1515 .

285 1543 369 1587 37.
408 1540 555 1596 Quod
602 1544 769 1588 autem
806 1541 953 1588 vobis
992 1541 1125 1602 dicu,

215 1609 453 1656 omnibus
473 1609 611 1658 dico:
631 1607 874 1667 Vigilate!

496 1823 657 1874 CAP.
714 1821 844 1874 XIV

214 1923 499 1968 Judaeorum
520 1923 793 1980 conspiratio
812 1921 1041 1971 indemni,
1053 1920 1127 1975 qui

213 1984 449 2034 unguento
497 1993 525 2023 a
579 1980 767 2024 muliere
822 1978 1126 2034 perfunditur.

215 2038 371 2080 Judae
389 2037 605 2091 proditio.
635 2035 812 2079 Ultima
834 2045 986 2077 coena.
1035 2034 1127 2075 Eu-

217 2093 471 2136 charistiae
489 2093 734 2135 institutio·
770 2090 977 2133 Christus
996 2089 1126 2132 Petri

214 2147 511 2191 vacillantem
532 2148 727 2190 animum
746 2146 987 2201 praedicit.
1019 2146 1129 2188 Orat

214 2207 267 2247 in
294 2204 442 2247 horto.
507 2203 683 2258 Captus
711 2204 770 2244 ad
800 2202 1021 2257 Caipham
1048 2202 1129 2243 du-

216 2261 351 2303 citur.
406 2259 481 2303 Ibi
502 2264 737 2302 accusatus
758 2258 1007 2307 damnatur,
1028 2269 1129 2299 cae-

278 2316 415 2366 ditur,
453 2319 526 2358 ter
562 2327 588 2357 a
620 2314 761 2355 Petro
796 2326 944 2355 coram
969 2312 1075 2355 aliis

578 2374 783 2423 negatur·
836 2386 842 2391 ·

287 2468 337 2511 1.
378 2464 540 2510 ⁸Erat
592 2464 758 2509 autem
809 2462 1030 2511 Pascha*
1082 2466 1134 2510 et

216 2536 417 2592 Azyma
434 2534 553 2589 post
570 2530 801 2588 biduum,
833 2534 886 2577 et
916 2544 1132 2589 quaere-

216 2600 384 2648 bant¹⁴
402 2598 583 2645 summi
602 2597 903 2645 Sacerdotes
923 2600 974 2645 et
992 2598 1133 2645 Scri-

218 2670 338 2727 bae,
353 2666 603 2723 quomodo
618 2679 733 2712 eum
743 2665 862 2712 dolo
878 2668 1132 2725 tenerent,

221 2737 280 2781 et
298 2733 606 2780 occiderent.
655 2727 661 2731 ’

282 2803 335 2847 2.
368 2800 619 2848 Dicebant
639 2802 805 2847 autem
818 2812 829 2846 :
842 2802 960 2847 Non
980 2800 1035 2846 in
1055 2800 1134 2847 die

216 2870 359 2917 festo
370 2899 387 2928 ,
417 2883 484 2915 ne
503 2870 639 2916 forte
656 2868 899 2915 tumultus
918 2869 1065 2915 fieret
1082 2868 1135 2913 in

214 2937 433 2996 populo.
494 2932 533 2973 θ

288 3006 338 3051 3.
376 3004 481 3051 vEt
498 3016 615 3051 cum
636 3005 772 3050 esset
789 3000 1064 3049 Bethaniae
1083 3000 1136 3047 in

268 3122 288 3149 ρ
305 3113 456 3151 mat-²1¹·
474 3116 537 3157 2⁵,
554 3116 615 3151 130
677 3118 698 3139 r
713 3110 861 3148 Matth·
880 3112 942 3153 2⁵,
967 3113 1139 3149 14—oe.

214 3160 325 3199 Luc.
353 3165 414 3203 19,
443 3163 502 3197 12.
532 3169 620 3208 sqq.
685 3164 757 3195 Μ’.
774 3163 811 3195 1.
830 3162 867 3195 2.
906 3156 1053 3195 Matth.
1078 3160 1138 3199 26,

216 3210 347 3245 1-5·
376 3206 479 3243 Luc·
498 3209 559 3249 21,
576 3209 636 3243 3⁷0
653 3224 703 3233 -“
718 3208 779 3247 22,
796 3208 834 3243 2·
880 3205 900 3231 ἑ
915 3202 1059 3241 Mfluh.
1079 3208 1140 3247 26,

214 3258 280 3292 17.
332 3260 356 3279 ¹·
372 3250 533 3295 Job.11,
542 3254 606 3289 47.
619 3262 707 3299 sqq.
754 3257 775 3277 ν
790 3254 963 3291 *na—9.
992 3248 1139 3288 Matth.

216 3302 281 3344 m,
299 3302 452 3339 6—13·
484 3297 578 3337 John
597 3302 657 3343 12,
676 3300 799 3336 1—8·

342 3447 461 3503 Cap.
492 3442 631 3487 XIII.
688 3450 757 3489 34.
783 3445 977 3499 janitori
1004 3448 1266 3503 praecipiat
1295 3446 1417 3504 (sic).

2029 165 2106 240 ⁷⁹.

1193 263 1342 308 domo
1364 263 1584 309 Simonis
1605 263 1816 323 leprosi,
1830 269 1880 311 et
1897 279 2098 312 recum-

1192 332 1360 386 beret3
1391 330 1538 375 venit
1559 331 1741 378 mulier
1769 333 1960 378 habens
1989 333 2098 379 ala-

1191 398 1414 443 bastrum
1449 399 1696 454 unguenti
1737 399 1888 444 nardi
1921 400 2100 456 spicati

1191 463 1421 522 pretiosi,
1443 464 1495 508 et
1513 465 1673 510 fracto
1697 465 1948 512 alabastro
1970 467 2098 513 effu-

1194 531 1265 577 dit
1283 543 1436 588 super
1457 533 1608 588 caput
1625 531 1750 588 ejus.

1259 600 1308 643 4.
1341 597 1509 643 Erant
1551 601 1720 644 autem
1771 601 1969 656 quidam
2015 602 2102 648 in-

1193 665 1346 723 digne
1366 666 1591 711 ferentes
1609 665 1746 711 intra
1764 670 1925 713 semet
1939 669 2099 729 ipsos,

1193 735 1246 778 et
1265 733 1516 779 dicentes:
1546 733 1612 778 Ut
1631 732 1748 789 quid
1767 735 1982 791 perditio
2002 736 2102 781 ista

1191 800 1442 858 unguenti
1460 801 1595 846 facta
1614 802 1722 846 est?

1263 870 1309 912 5.
1351 868 1563 914 Poterat
1609 867 1744 914 enim
1791 871 2102 927 unguentum

1193 933 1328 980 istud
1346 935 1662 980 vaenundari
1680 935 1810 995 plus,
1829 949 1979 993 quam
1995 939 2102 983 tre-

1195 1002 1356 1048 centis
1377 1002 1623 1061 denariis,
1655 1006 1708 1048 et
1736 1003 1844 1049 dari
1861 1005 2102 1062 pauperi-

1192 1071 1302 1115 bus.
1369 1069 1439 1114 Et
1454 1071 1738 1116 fremebant
1753 1071 1808 1116 in
1829 1084 1954 1117 eam.

1261 1139 1309 1182 6.
1345 1138 1377 1182 J
1379 1149 1494 1183 esus
1531 1138 1698 1182 autem
1739 1138 1894 1184 dixit:
1939 1139 2102 1186 Sinite

1197 1202 1328 1250 eam!
1362 1203 1481 1261 quid
1499 1203 1576 1249 illi
1591 1203 1796 1250 molesti
1815 1206 1970 1252 estis?
1997 1207 2101 1252 Bo-

1194 1283 1316 1317 num
1335 1283 1462 1328 opus
1483 1273 1694 1330 operata
1709 1273 1788 1317 ent
1806 1271 1860 1317 in
1877 1285 1974 1319 me.

1264 1356 1312 1401 7.
1350 1355 1560 1412 Semper
1580 1356 1713 1402 enim
1741 1369 1989 1416 pauperes
2009 1356 2101 1402 ha·-

1195 1421 1324 1468 betis
1343 1421 1632 1481 vobiscum3
1665 1427 1716 1469 et
1743 1439 1854 1470 cum
1872 1423 2102 1472 volueri-

1195 1489 1279 1550 tis,
1301 1489 1513 1547 potestis
1531 1489 1634 1536 illis
1664 1493 1989 1552 benefacere3
2021 1507 2102 1540 me

1195 1559 1363 1604 autem
1379 1571 1487 1603 non
1507 1571 1705 1616 semper
1723 1560 1932 1606 habetis.

1263 1643 1310 1686 8.
1349 1640 1498 1694 Quod
1531 1642 1706 1687 habuit
1751 1644 1902 1702 haec,
1950 1646 2100 1700 fecit3

1195 1708 1464 1766 praevenit
1491 1721 1684 1766 ungere
1718 1723 1901 1767 corpus
1939 1725 2103 1756 meum

1195 1775 1252 1820 in
1271 1774 1592 1833 sepulturam.

1265 1853 1312 1897 9.
1347 1852 1508 1898 Amen
1529 1851 1642 1896 dico
1661 1853 1836 1900 vobin:
1867 1853 2102 1899 Ubicum-

1197 1931 1293 1978 que
1306 1917 1647 1977 praedicatum
1659 1919 1814 1966 fuerit
1822 1919 2102 1979 Evangeli—

1195 2001 1280 2033 um
1299 1986 1433 2033 istud
1457 1984 1511 2032 in
1538 1986 1782 2033 universo
1811 1988 2024 2048 mund0,
2054 1994 2105 2035 et

1197 2054 1332 2113 quod
1369 2054 1494 2101 fecit
1527 2054 1652 2101 haec
1664 2084 1679 2114 ,
1725 2056 2014 2103 narrabitur
2050 2056 2102 2101 in

1195 2122 1496 2169 memoriam
1515 2121 1562 2179 ej
1569 2136 1641 2168 us.

1265 2192 1346 2236 10.
1381 2190 1498 2235 u'Et
1514 2190 1670 2237 Judas
1684 2191 1955 2238 Iscariotes
1973 2205 2104 2239 unus

1199 2258 1260 2305 de
1282 2257 1544 2303 duodecim
1563 2258 1687 2305 abiit
1697 2259 1760 2304 ad
1779 2273 1998 2306 summos
2011 2260 2106 2307 Sa·

1201 2325 1449 2384 cerdotes,
1469 2326 1527 2371 ut
1543 2325 1784 2383 proderet
1803 2340 1916 2373 eum
1936 2326 2054 2371 illis.

1268 2411 1348 2455 11.
1385 2409 1486 2462 Qui
1496 2409 1775 2469 audientes,
1789 2410 1954 2468 gavisi
1963 2411 2106 2467 sunt3

1201 2478 1254 2523 et
1288 2476 1632 2534 promiserunt
1666 2477 1717 2523 ei
1749 2476 2017 2533 pecuniam
2052 2488 2107 2522 se

1204 2544 1426 2589 daturos.
1494 2544 1564 2591 Et
1581 2545 1870 2601 quaerebat,
1893 2555 2107 2599 quomo-

1203 2611 1267 2657 do
1284 2610 1426 2657 illum
1447 2613 1732 2670 opportune
1751 2610 1990 2656 traderet.

1271 2696 1352 2740 12.
1385 2694 1490 2740 Ἐἰ
1507 2695 1670 2753 primo
1693 2694 1772 2740 die
1784 2694 2108 2755 Azymorum,

1203 2762 1402 2820 quando
1431 2762 1624 2809 Pascha
1651 2759 2001 2822 immolabant,
2033 2762 2111 2808 di-

1205 2832 1326 2876 cunt
1345 2828 1394 2876 ei
1414 2827 1672 2885 discipuli:
1687 2828 1799 2881 Quo
1819 2828 1900 2875 vis
1921 2842 2110 2887 camut,

1207 2898 1259 2942 et
1275 2908 1508 2953 paremus
1528 2893 1636 2953 tibi,
1656 2896 1712 2940 ut
1730 2896 2000 2944 manduces
2012 2898 2110 2943 Pa—

1205 2963 1325 3009 scha
1333 2968 1366 3004 y
1376 2962 1398 3007 ’Ξ

1275 3030 1356 3074 13.
1391 3028 1460 3074 Et
1475 3028 1627 3075 mittit
1646 3030 1772 3077 duos
1803 3044 1870 3079 ex
1891 3032 2112 3088 discipu-

1206 3096 1271 3143 lis
1292 3096 1413 3157 usui,
1437 3098 1488 3143 et
1506 3096 1624 3145 dicit
1645 3098 1743 3145 eis:
1766 3101 1839 3145 Ite
1857 3099 1914 3145 in
1933 3098 2113 3145 civita-

1253 3212 1287 3231 ¹⁰
1304 3216 1344 3243 ν.
1369 3210 1430 3249 10,
1456 3211 1515 3245 11.
1545 3207 1690 3245 Matth.
1717 3210 1778 3251 26,
1804 3210 1972 3245 14-16,
2009 3205 2114 3241 Luc.

1207 3256 1270 3294 22,
1282 3256 1404 3291 3—6.
1453 3260 1482 3278 ὃ·
1495 3266 1534 3290 v.
1545 3256 1714 3291 12—25.
1745 3253 2115 3296 Matu1.26,17—29.

1207 3298 1310 3336 Luc.
1329 3302 1390 3343 22,
1410 3304 1554 3338 7-23.
1603 3308 1626 3335 2·
1643 3300 1776 3337 Exod.
1795 3304 1854 3337 12.

1530 3445 1663 3490 XIV.
1723 3452 1763 3489 2.
1794 3447 1925 3488 {ieret
1943 3444 2118 3502 populi.

224 3509 269 3547 5.
300 3505 583 3557 unguentum
610 3502 733 3546 istud
760 3503 925 3545 veniri.
986 3508 1054 3546 10.
1087 3503 1322 3547 Scariotis.
