2376 3925
805 140 1126 193 JOANNE
1140 141 1198 194 S.
1269 141 1438 194 CAP.
1475 143 1526 194 6.

226 245 600 292 descenderunt
644 243 880 302 discipuli
923 244 1035 302 ejus
1072 243 1136 291 ad

226 325 383 360 mare.

298 381 379 425 1⁶1.
412 379 483 425 Et
518 392 631 426 eum
668 377 1015 427 ascendissent
1037 389 1135 423 na-

229 447 348 505 νίιιι,
368 447 623 494 venerunt
639 447 777 490 trans
794 457 933 492 mare
953 445 1009 492 in
1036 445 1135 490 Ca·-

224 514 536 574 pharnaum3
550 514 601 558 et
610 513 847 558 tenebrae
854 512 960 569 jam
970 514 1134 560 factae

226 581 405 638 erant3
428 581 483 628 et
498 592 605 626 non
625 581 834 626 venerat
851 579 915 624 ad
933 592 1023 626 eos
1041 581 1073 626 J
1076 593 1133 626 e-

226 661 331 694 sus.

291 717 376 760 18.
412 714 558 760 Mare
577 717 759 774 autem,
774 716 926 760 vento
948 725 1131 772 magno

224 784 397 842 flante,
419 782 712 840 exurgebat.

295 851 376 894 19.
431 848 555 893 Cum
614 847 953 906 remigassent
1005 860 1130 906 ergo

228 915 373 974 quasi
400 914 562 962 stadia
588 914 773 974 viginti
800 915 1019 972 quinque
1046 914 1135 960 aut

224 981 451 1040 triginta,
474 981 649 1028 vident
672 982 705 1027 J
708 995 848 1028 esum
872 980 1133 1029 ambulan-

227 1051 337 1095 tem
368 1062 519 1107 supra
552 1062 720 1108 mare,
760 1051 812 1095 et
846 1048 1134 1106 proximum

228 1115 350 1162 navi
367 1116 492 1175 fieri,
513 1117 565 1162 et
581 1115 871 1162 timuerunt.

294 1185 374 1228 20.
410 1183 505 1228 Ille
539 1185 705 1230 autem
735 1182 855 1230 dicit
881 1183 979 1229 eis:
1016 1181 1131 1242 Ego

227 1263 355 1308 sum,
375 1249 538 1295 nolite
555 1249 752 1296 timere!

290 1318 378 1364 21.
418 1315 701 1364 Voluerunt
736 1328 861 1376 ergo
898 1293 1132 1375 accipere

226 1399 341 1430 eum
374 1383 431 1430 in
466 1384 661 1442 navim3
702 1386 753 1431 et
788 1385 956 1430 statim
984 1383 1131 1430 navis

222 1451 323 1498 fuit
340 1451 401 1496 ad
420 1451 623 1511 terram,
644 1451 699 1496 in
719 1464 862 1510 quam
884 1451 1037 1498 ibant.

296 1533 379 1576 22.
413 1531 587 1578 Altera
606 1531 687 1578 die
703 1533 866 1588 turba,
878 1545 1007 1588 quae
1026 1534 1130 1578 sta-

224 1601 313 1646 bat
330 1600 468 1645 trans
486 1612 627 1644 mare
639 1629 654 1657 ,
676 1597 826 1657 vidit,
847 1599 966 1654 quia
982 1598 1131 1644 navi-

225 1665 340 1712 cula
356 1664 457 1711 alia
476 1679 581 1711 non
603 1667 712 1710 erat
729 1663 800 1710 ibi
816 1664 917 1710 nisi
934 1677 1059 1724 una,
1082 1665 1134 1711 et

225 1732 343 1788 quia
360 1745 470 1778 non
489 1731 754 1776 introisset
781 1744 889 1776 cum
912 1731 1132 1787 discipu-

220 1799 286 1845 lis
306 1800 414 1845 suis
444 1798 594 1843 Iesus
620 1797 675 1842 in
703 1795 899 1856 navim,
926 1797 1017 1842 sed
1035 1796 1135 1842 soli

224 1863 461 1924 discipuli
482 1864 592 1921 ejus
612 1862 881 1922 abiissent3

290 1934 373 1979 23.
410 1929 543 1979 aliae
573 1943 699 1978 vero
730 1934 1137 1990 supervenerunt

222 2014 381 2047 naves
412 2014 443 2045 a
471 1998 739 2047 Tiberiade
764 1998 911 2056 iuxta
944 1998 1131 2059 locum,

220 2068 312 2115 ubi
328 2067 757 2114 manducaverant
773 2079 956 2124 panem
967 2098 983 2127 ‚
1012 2080 1131 2125 gra-

222 2136 321 2182 tias
342 2136 522 2193 agente
540 2134 779 2180 Domino.

290 2203 371 2247 24.
409 2202 531 2247 Cum
570 2214 693 2259 ergo
732 2199 942 2247 vidisset
966 2202 1131 2260 turba,

217 2269 343 2327 quia
368 2268 517 2315 Iesus
543 2281 650 2314 non
679 2268 815 2313 esset
841 2266 936 2326 ibi,
967 2281 1131 2325 neque

219 2334 457 2392 discipuli
469 2335 597 2393 ejus,
610 2334 947 2381 ascenderunt
965 2334 1019 2381 in
1036 2348 1132 2381 na-

214 2400 418 2449 viculas
438 2405 489 2448 et
502 2402 751 2448 venerunt
761 2400 1129 2462 Caphar-naum,

217 2469 525 2529 quaerentes
542 2469 575 2514 J
579 2482 734 2515 esum.
920 2526 923 2529 ἢ

292 2538 375 2581 25.
410 2534 479 2583 Et
515 2550 626 2583 eum
663 2534 982 2583 invenissent
1017 2548 1133 2583 eum

216 2608 368 2650 trans
392 2616 557 2663 mare,
588 2602 828 2651 dixerunt
845 2603 922 2652 ei:
950 2600 1129 2651 Rabbi!

219 2668 427 2730 quando
444 2670 543 2717 huc
561 2670 776 2717 venisti?

296 2738 379 2781 26.
409 2737 687 2796 Respondit
706 2736 781 2783 eis
800 2738 832 2783 J
834 2750 967 2796 esus,
982 2738 1033 2785 et
1052 2736 1130 2783 di-

216 2802 335 2853 xit:
379 2804 566 2863 Amen,
613 2817 760 2849 amen
807 2802 918 2849 dico
957 2803 1129 2851 vobis:

218 2870 481 2925 Quaeritis
509 2884 617 2929 me,
656 2883 763 2916 non
791 2871 907 2925 quia
936 2870 1131 2915 vidistis

218 2938 396 2998 signa,
435 2936 527 2985 sed.
552 2937 672 2995 quia
696 2935 1033 2983 manducastis
1066 2950 1133 2984 ex

214 3005 455 3064 panibus,
478 3007 529 3051 et
545 3003 757 3050 saturati
775 3003 913 3049 estis.

288 3073 373 3117 27.
410 3070 703 3129 operamini
719 3083 826 3117 non
845 3070 1026 3128 eibum,
1048 3069 1135 3127 qui

214 3139 375 3198 perit,
396 3138 487 3185 sed
505 3138 591 3195 qui
608 3140 870 3196 permanet
895 3138 950 3183 in
981 3136 1133 3183 vitam

2012 151 2112 202 153

1205 246 1489 304 aeternam,
1521 259 1670 302 quem
1694 248 1856 295 Filius
1887 245 2110 298 hominis

1206 310 1342 357 dabit
1378 311 1539 359 vobis.
1607 314 1753 361 Hune
1789 316 1924 362 enim
1960 318 2110 365 Pater

1204 379 1428 436 signavit
1444 378 1598 425 Deus.

1271 447 1353 490 28.
1387 445 1642 492 Dixerunt
1687 461 1809 508 ergo
1859 450 1921 496 ad
1967 465 2104 498 eum:

1205 511 1338 565 Quid
1389 513 1657 572 faciemus,
1721 519 1779 561 ut
1839 529 2106 575 operemur

1205 592 1362 638 opera
1379 579 1508 625 Dei?

1270 648 1350 692 29.
1385 645 1666 704 Respondit
1687 647 1866 708 Iesus,
1903 653 1953 698 et
1980 653 2109 700 dixit

1205 713 1303 759 eis:
1323 713 1435 760 Hoc
1455 716 1534 760 est
1553 727 1678 773 opus
1689 715 1804 773 Dei,
1820 718 1874 762 ut
1893 719 2106 765 credatis

1203 779 1258 825 in
1278 794 1410 838 eum,
1431 793 1578 837 quem
1596 781 1733 827 misit
1751 782 1854 828 ine.

1270 847 1351 892 30.
1385 848 1641 894 Dixerunt
1676 862 1800 908 ergo
1839 849 1911 898 ei:
1961 851 2109 905 Quod

1203 926 1327 972 ergo
1338 916 1394 959 tu
1411 915 1536 961 sacis
1556 915 1773 975 signum,
1785 918 1842 962 ut
1853 917 2106 966 videamus

1203 983 1256 1027 et
1274 981 1533 1033 credamus
1553 983 1674 1029 tibi?
1696 983 1814 1040 quid
1833 987 2094 1042 operaris?

1270 1049 1350 1094 31.
1386 1048 1563 1096 Patres
1582 1051 1750 1096 nostri
1767 1052 2106 1100 manducave-

1199 1117 1368 1161 runtm
1403 1117 1593 1161 Manna
1627 1116 1682 1162 in
1719 1117 1939 1178 deserto,
1979 1121 2109 1167 sieut

1201 1183 1443 1239 scriptum
1471 1185 1574 1228 est:
1613 1183 1839 1242 „Panem
1867 1185 1929 1232 de
1960 1187 2104 1234 coeio

1202 1249 1378 1309 „dedit
1397 1249 1470 1294 eis
1489 1249 1885 1296 manducare.“”

1269 1317 1347 1361 32.
1411 1315 1558 1362 Dixit
1615 1329 1740 1375 ergo
1803 1318 1878 1364 eis
1928 1320 2103 1367 Jesus:

1200 1384 1358 1429 Amen
1373 1412 1387 1440 ‚
1435 1396 1582 1428 amen
1619 1383 1731 1430 dico
1769 1385 1937 1432 vobis:
1989 1388 2107 1433 Non

1199 1451 1408 1509 Moyses
1456 1449 1593 1495 dedit
1637 1451 1783 1497 vobis
1825 1465 2007 1510 panem
2045 1455 2105 1500 de

1202 1516 1376 1575 coelo;
1405 1516 1494 1563 sed
1520 1519 1672 1564 Pater
1695 1532 1837 1565 meus
1859 1520 1943 1566 dat
1962 1523 2104 1568 vobis

1199 1597 1380 1642 panem
1401 1583 1461 1630 de
1483 1584 1628 1632 coelo
1649 1599 1840 1632 verum.

1269 1651 1346 1697 33.
1383 1651 1535 1696 Panis
1563 1652 1696 1696 enim
1727 1653 1824 1698 Dei
1851 1656 1956 1714 est,
1989 1657 2106 1712 qui⁰

1203 1715 1263 1762 de
1284 1717 1430 1763 coelo
1452 1716 1734 1776 descendit,
1767 1721 1819 1763 et
1843 1719 1926 1765 dat
1950 1722 2107 1767 vitam

1202 1783 1406 1827 mundo.

1271 1850 1350 1893 34.
1384 1847 1643 1896 Dixerunt
1689 1863 1814 1908 ergo
1859 1853 1923 1897 ad
1968 1867 2104 1900 eum:

1201 1913 1443 1962 Domine!
1467 1929 1664 1975 semper
1680 1917 1743 1965 da
1760 1918 1907 1965 nobis
1928 1932 2106 1978 panem

1201 1984 1352 2029 hunc.

1269 2052 1350 2097 35.
1383 2050 1532 2097 Dixit
1587 2054 1753 2099 autem
1807 2054 1881 2099 eis
1929 2055 2103 2103 Jesus:

1199 2118 1313 2176 Ego
1335 2131 1443 2165 sum
1462 2118 1606 2176 panis
1627 2120 1795 2178 vitae3
1822 2121 1907 2178 qui
1926 2124 2105 2169 venitp

1201 2185 1263 2231 ad
1281 2200 1379 2245 me,
1401 2199 1508 2232 non
1529 2186 1718 2233 esuriet
1735 2202 1747 2245 ;
1771 2189 1824 2233 et
1840 2189 1926 2246 qui
1945 2191 2106 2243 credit

1199 2254 1255 2300 in
1272 2266 1370 2312 me,
1391 2266 1498 2298 non
1519 2252 1656 2301 sitiet
1676 2268 1919 2313 umquam.

1267 2320 1347 2365 36.
1385 2320 1483 2366 Sed
1502 2320 1611 2367 dixi
1629 2323 1797 2381 vobis,
1819 2323 1936 2379 quia
1954 2326 2007 2369 et
2025 2324 2104 2369 vi·-

1201 2385 1342 2433 distis
1360 2400 1458 2445 me,
1481 2390 1532 2434 et
1548 2401 1655 2434 non
1675 2389 1896 2435 ere-ditis.

1267 2455 1347 2499 37.
1386 2455 1593 2513 Omneq,
1615 2455 1750 2511 quod
1769 2454 1854 2499 dat
1869 2455 1994 2501 mihi
2004 2456 2102 2502 Pa-

1199 2520 1305 2579 ter,
1333 2520 1396 2565 ad
1425 2535 1504 2567 me
1532 2522 1729 2579 veniet3
1769 2523 1822 2567 et
1849 2534 1989 2582 eum,
2020 2525 2104 2579 qui

1199 2586 1342 2633 venit
1359 2586 1422 2633 ad
1439 2602 1536 2648 me,
1559 2600 1665 2634 non
1686 2588 1886 2646 ejiciam
1903 2590 2071 2646 foras3

1267 2668 1346 2713 38.
1392 2668 1511 2725 quia
1548 2667 1785 2714 descendi
1832 2666 1892 2713 de
1935 2670 2101 2731 coelo,

1198 2748 1304 2780 non
1323 2736 1380 2781 ut
1397 2736 1580 2781 faciam
1594 2734 1908 2780 voluntatem
1923 2748 2102 2797 meam,

1199 2802 1290 2847 sed
1327 2801 1638 2848 voluntatem
1675 2800 1810 2859 ejus,
1849 2803 1934 2859 qui
1968 2806 2105 2851 misit

1198 2881 1348 2979 megs·
1383 2934 1524 2979 Haec
1554 2936 1631 2978 est
1667 2937 1832 2982 autem
1865 2938 2102 2985 voluntas

1201 3000 1338 3059 ejus,
1387 3000 1472 3057 qui
1507 2999 1644 3047 misit
1677 3015 1775 3061 me,
1811 3004 1998 3052 Patris:
2049 3006 2106 3049 ut

1245 3115 1276 3135 ¹¹⁸
1291 3107 1426 3145 Exod.
1444 3110 1511 3151 16,
1529 3112 1588 3147 15.
1634 3117 1656 3136 ’·
1673 3110 1740 3148 Ps.
1759 3114 1824 3154 7⁷,
1843 3115 1904 3151 24.
1954 3120 1972 3139 ⁰
1990 3110 2042 3147 cf.
2063 3123 2101 3148 v.

1199 3156 1259 3193 51.
1306 3161 1330 3189 Ρ
1353 3153 1402 3193 cf.
1419 3165 1461 3190 v.
1480 3158 1540 3193 27.
1557 3158 1599 3201 4,
1618 3159 1680 3197 14.
1729 3164 1746 3192 ⁴²
1766 3156 1817 3193 cf.
1835 3170 1875 3196 v.
1892 3160 1959 3195 44.
1977 3160 2038 3195 66.

344 3300 457 3355 Cap.
486 3298 557 3342 v1
631 3304 697 3343 19.
728 3314 864 3355 super
882 3312 1018 3343 mare.
1078 3304 1147 3342 21.
1178 3301 1270 3344 fuit
1288 3303 1560 3355 navint‘bid.
1581 3305 1638 3345 ad
1655 3310 1823 3347 terram
1844 3316 1973 3357 quam
1992 3306 2102 3347 ibat.

216 3361 293 3399 22.
320 3368 509 3406 navem3
530 3354 635 3399 ibid.
655 3357 873 3399 abissent.
932 3361 1001 3399 23.
1034 3357 1207 3409 gratias
1235 3363 1420 3410 agentes
1443 3360 1648 3403 Domino.
1707 3365 1776 3401 24.
1807 3359 2106 3403 ascenderunt

216 3410 476 3455 navimlu.
544 3414 613 3453 2‘1.
643 3413 771 3455 vobis
801 3412 941 3453 dabit.
1018 3416 1089 3455 31.
1121 3424 1282 3455 manna
1309 3416 1702 3458 manducaverunt.
1771 3417 1839 3454 33.
1873 3413 2106 3459 deseendit

221 3468 282 3509 de
304 3466 444 3510 coelo.
504 3469 573 3509 35.
604 3469 678 3521 qui
696 3468 861 3509 veniet.
