2376 3925
393 219 750 270 EPISTOLA
786 218 997 268 PAULI
1031 218 1128 268 AD
1163 219 1535 272 EPHESIOS.
1576 223 1725 272 CAP.
1767 227 1815 272 2.

247 325 292 366 1.
327 322 394 366 Et
431 335 540 380 vos,
579 335 688 367 cum
728 321 904 366 essetis
942 331 1081 365 mor-

175 381 286 435 tuil·
304 388 500 434 delictis
521 389 573 434 et
591 389 808 445 peccatis
828 387 1028 445 vestris,

245 459 293 501 2.
329 457 383 501 in
403 456 580 512 quibus
609 454 878 511 aliquando
907 457 1082 500 ambu-

174 523 320 570 lastis
341 522 614 569 secundum
641 521 894 568 saeculum
910 520 1082 567 mundi

173 591 346 648 huius,
367 589 640 635 secundum
658 589 936 646 principem
949 581 967 617 ¹
984 601 1081 646 po-

173 657 375 704 testatis
395 656 526 702 afiris
545 656 693 713 huJ‘us
708 687 721 714 ,
744 656 974 714 spiritus,
996 655 1083 712 qui

175 739 315 770 nunc
346 725 582 781 operatur
609 723 665 769 in
692 723 824 769 filios
855 722 1080 768 diffiden-

175 793 310 848 tiae3
493 792 504 796 “

247 859 294 904 3.
334 858 388 902 in
407 857 583 914 quibus
606 859 656 902 et
673 869 770 902 nos
791 870 966 902 omnes
987 855 1081 902 ali-

175 924 380 983 quando
413 925 703 970 conversati
731 937 900 969 sumus
919 924 974 969 in
994 923 1082 968 de-

173 992 379 1038 sideriis
408 991 574 1038 carnis
603 993 811 1036 nostrae
839 990 1083 1036 facientes

175 1060 490 1104 voluntatem
528 1058 695 1103 carnis
728 1060 780 1102 et
815 1057 1084 1114 cogitatio-

173 1140 301 1172 num
315 1141 326 1183 ;
339 1129 390 1172 et
401 1137 599 1171 eramus
613 1126 841 1170 naturam
851 1124 942 1169 filii
958 1124 1084 1183 irae,

177 1194 314 1239 sicut
333 1196 383 1238 et
403 1192 606 1238 caeteri.

246 1263 295 1305 4.
330 1260 468 1306 Deus
498 1261 690 1317 autem,
727 1258 812 1315 qui
841 1257 980 1303 dives
1011 1260 1088 1302 est

175 1330 235 1373 in
253 1325 627 1384 misericordia,
656 1327 863 1383 propter
882 1325 1086 1370 nimiam

175 1394 477 1440 charitatem
497 1407 652 1452 suam,
667 1407 763 1449 qua
775 1392 954 1438 dilexit
971 1405 1084 1452 nos,

249 1464 297 1506 5.
336 1463 506 1506 etcum
521 1473 741 1506 essemus
761 1460 948 1506 mortui
965 1473 1086 1516 pec-

175 1528 326 1585 catis,
341 1528 852 1573 convivificavitnnon
873 1527 927 1572 in
939 1527 1087 1572 Chri-

173 1599 260 1641 sto
283 1594 451 1652 (cujus
473 1595 634 1650 gratia
655 1594 776 1640 estis
795 1593 1018 1652 salvati),

248 1681 295 1723 6.
335 1680 386 1722 et
418 1676 863 1733 conresuscitavit,
895 1679 945 1722 et
964 1689 1089 1721 con-

174 1745 364 1791 sedere
417 1743 538 1787 fecit
577 1743 632 1788 in
689 1741 992 1790 coelestibus
1037 1743 1090 1786 in

175 1812 390 1858 Christo
409 1810 440 1853 J
444 1822 533 1853 esu
545 1814 589 1865 ⁰3

249 1880 300 1923 7.
320 1879 378 1921 ut
397 1875 750 1921 ostenderetin
773 1874 986 1920 saeculis
1005 1887 1093 1919 su-

173 1943 601 2006 pervenientibus
631 1941 943 1989 abundantes
962 1941 1092 1987 divi-

173 2016 280 2059 tias
313 2012 507 2069 gratiae
537 2024 656 2057 suae
685 2011 739 2055 in
759 2011 984 2056 bonitate
1006 2024 1090 2055 su-

176 2094 279 2139 per
299 2092 394 2124 nos
415 2080 468 2123 in
489 2079 690 2125 Christo
710 2079 742 2123 J
744 2091 848 2123 esu.

255 2150 301 2192 8.
325 2147 496 2192 Gratia
517 2146 650 2192 enim
671 2146 790 2191 estis
811 2145 991 2190 salvati
1003 2158 1092 2201 per

179 2214 400 2270 fidcml’3
422 2216 474 2259 et
491 2213 587 2259 hoc
607 2226 714 2257 non
735 2226 802 2259 ex
825 2213 984 2270 vobis,
997 2213 1094 2257 Dei

181 2282 324 2327 enim
345 2280 531 2325 donum
550 2284 652 2337 est3

255 2351 302 2393 9.
340 2361 446 2393 non
467 2361 533 2394 ex
555 2346 807 2405 operibus,
825 2347 881 2390 ut
898 2358 964 2390 ne
984 2346 1094 2401 quis

146 2418 152 2423 '
184 2415 455 2475 glorietur.

257 2484 338 2526 10.
360 2482 520 2539 ipsius
541 2481 674 2527 enim
693 2492 863 2525 sumus
883 2480 1092 2537 factura,

185 2549 382 2597 creatiq
411 2550 463 2594 in
478 2548 676 2593 Christo
698 2548 729 2591 J
733 2560 821 2592 esu
847 2546 902 2590 in
923 2547 1094 2604 operi-

187 2622 282 2664 bus
303 2616 450 2661 bonis
465 2646 478 2673 ,
510 2628 636 2672 quae
655 2614 976 2672 praeparavit
990 2614 1094 2659 De-

185 2697 272 2743 us,
289 2686 350 2729 ut
364 2684 418 2728 in
437 2682 538 2727 illis
559 2681 882 2728 ambulemus.

259 2753 340 2796 11.
393 2751 610 2805 Propter
663 2748 794 2804 quod
847 2760 1096 2792 memores

188 2821 384 2875 estote,
406 2816 540 2872 quod
559 2814 826 2870 aliquando
847 2826 938 2858 vos
959 2814 1096 2858 Gen-

188 2890 268 2932 tes
299 2885 354 2929 in
385 2896 564 2940 carne,
594 2881 678 2937 qui
707 2881 930 2925 dicimini
947 2894 1096 2937 prae-

190 2952 387 3010 putium
417 2954 476 2996 ab
512 2962 598 3007 ea,
629 2960 756 3004 quae
785 2946 966 2992 dicitur
996 2947 1096 2992 cir-

191 3018 438 3066 cumcisio
458 3018 510 3063 iu
532 3028 701 3074 carne,
724 3026 876 3059 manu
893 3015 1052 3071 facta3

242 3127 264 3154 k
285 3126 371 3162 col.
391 3128 435 3166 2,
467 3130 521 3163 13.
570 3122 584 3151 1
603 3137 635 3161 c.
654 3127 700 3166 6,
726 3127 786 3159 11.
814 3124 873 3158 12.
917 3128 949 3147 v·
967 3126 988 3157 1
1008 3122 1098 3157 Cor.

191 3179 230 3217 2,
251 3176 314 3210 14.
363 3172 514 3208 “Rom.
541 3175 586 3213 8,
613 3174 650 3205 2.

701 3168 854 3205 onom.
879 3171 924 3211 6,
949 3171 984 3205 6.
1014 3179 1099 3215 sqq.
1163 3174 1250 3214 5‚2.

1952 225 2049 274 305

1218 323 1297 366 12.
1335 322 1450 378 quia
1480 325 1630 368 eratis
1660 325 1749 371 illo
1782 325 1832 370 in
1853 328 2050 383 tempo-

1149 399 1208 432 re
1228 388 1338 433 sine
1370 388 1599 449 Christo,
1630 392 1835 438 alienati
1866 406 1895 438 a
1925 406 2051 438 con-

1149 455 1439 502 versatione
1450 457 1609 502 Israel
1620 463 1657 517 r,
1680 463 1729 504 et
1738 460 1961 517 hospites
1973 464 2050 505 te·-

1148 523 1528 582 stamentorum,
1540 526 1891 582 promissionis
1912 540 2051 585 spem

1148 601 1256 634 non
1283 589 1543 649 habentes,
1584 596 1634 636 et
1664 591 1773 638 sine
1800 594 1909 639 Deo
1921 600 1957 652 ³,
1997 594 2050 639 in

1148 655 1247 701 hoc
1266 657 1468 702 mundo.

1219 725 1296 768 13.
1333 723 1478 770 Nunc
1500 728 1663 770 autem
1682 726 1735 770 in
1750 725 1949 771 Christo
1960 727 1991 770 J
1995 742 2049 771 e-

1150 802 1210 835 su
1230 803 1347 848 vos,
1369 792 1454 846 qui
1472 791 1741 848 aliquando
1764 792 1915 838 eratis
1934 793 2050 838 lon-

1151 869 1242 914 ge,
1263 857 1382 902 facti
1402 859 1523 904 estis
1553 871 1712 916 prope
1732 860 1783 904 in
1806 861 2051 918 sanguine

1152 923 1352 969 Christi.

1220 992 1299 1035 14.
1337 993 1449 1048 lpse
1481 993 1614 1037 enim
1644 997 1720 1038 est
1739 1006 1838 1050 pax
1857 996 2050 1049 nostra,

1151 1057 1236 1114 qui
1254 1058 1377 1103 fecit
1394 1061 1603 1115 utraque
1622 1074 1776 1105 unum
1788 1092 1801 1119 ,
1826 1063 1875 1106 et
1893 1060 2053 1106 medi-

1150 1139 1234 1169 um
1269 1126 1511 1181 parietem
1546 1128 1793 1172 maceriae
1828 1127 2051 1186 solvens,

1151 1191 1440 1238 inimicitias
1460 1193 1513 1237 in
1534 1205 1685 1238 carne
1706 1207 1822 1251 sua3

1220 1259 1299 1303 15.
1329 1258 1493 1316 legem
1512 1260 1855 1306 mandatorum
1878 1260 2053 1306 decre-

1121 1345 1123 1348 ⁴
1153 1325 1218 1371 tis
1240 1338 1516 1383 cvacuans3
1548 1329 1603 1372 ut
1630 1327 1754 1372 duos
1786 1328 1969 1372 condat
2002 1329 2055 1372 in

1154 1395 1313 1438 semet
1338 1393 1448 1450 ipso
1477 1394 1531 1439 in
1558 1408 1713 1440 unum
1746 1407 1933 1440 novum
1960 1395 2055 1440 ho-

1152 1460 1356 1520 minem,
1377 1461 1569 1507 faciens
1589 1475 1780 1520 pacem,

1223 1529 1301 1573 16.
1340 1530 1390 1574 et
1424 1528 1751 1576 reconciliett
1795 1531 1966 1575 ambos
2004 1530 2057 1573 in

1154 1608 1258 1640 uno
1296 1608 1536 1654 corpore,
1576 1597 1687 1641 Deo
1719 1609 1809 1652 per
1839 1610 2055 1654 crucem,

1156 1661 1463 1707 interficiens
1504 1663 1789 1708 inimicitias
1818 1663 1872 1708 in
1902 1665 2061 1707 semet

1157 1739 1287 1784 ipso.

1227 1793 1305 1836 17.
1339 1793 1407 1837 Et
1445 1793 1654 1838 veniens
1693 1795 2065 1852 evangelizavit

1159 1872 1332 1917 pacem
1354 1860 1513 1917 vobis,
1537 1862 1621 1915 qui
1642 1860 1793 1918 longe
1813 1861 1996 1918 fuistis,
2014 1866 2065 1906 et

1158 1939 1331 1984 pacem
1353 1926 1431 1981 iis,
1452 1927 1537 1983 qui
1554 1940 1729 1986 prope.

1231 1996 1309 2038 18.
1348 1994 1597 2047 Quoniam
1616 2010 1707 2052 per
1726 1996 1887 2054 ipsum
1905 1996 2060 2043 habe-

1160 2075 1269 2107 mus
1289 2068 1578 2107 accessumu
1591 2066 1734 2109 ambo
1755 2064 1807 2109 in
1828 2077 1930 2109 uno
1948 2064 2060 2122 Spi-

1158 2129 1261 2174 ritu
1282 2130 1341 2174 ad
1360 2130 1576 2175 Patrem.

1229 2198 1309 2241 19.
1343 2197 1484 2255 Ergo
1501 2198 1604 2254 jam
1625 2211 1729 2243 non
1750 2199 1869 2245 estis
1889 2200 2063 2255 hospi-

1160 2266 1238 2309 tes
1269 2266 1319 2310 et
1355 2264 1608 2322 advenae,
1648 2266 1735 2310 sed
1768 2266 1886 2311 estis
1928 2266 2063 2311 cives

1161 2334 1451 2377 sanctorum
1472 2334 1523 2377 et
1542 2331 1838 2377 domestici⁹
1855 2332 1978 2389 Dei;

1230 2400 1309 2443 20.
1346 2399 1746 2455 superaedificati
1776 2412 1926 2455 super
1946 2400 2062 2443 fun-

1163 2464 1446 2511 damentum
1457 2465 1819 2522 Apostolorum
1830 2470 1867 2491 w
1877 2467 1926 2509 et
1934 2464 2062 2509 Pro-

1161 2532 1448 2589 phetarum,
1481 2532 1591 2588 ipso
1621 2544 1811 2577 summo
1834 2531 2063 2589 angulari

1162 2598 1367 2655 lapide-⁹
1388 2598 1588 2644 Christo
1607 2599 1757 2655 Jesu5
1836 2654 1843 2659 “

1232 2666 1311 2710 21.
1347 2665 1400 2711 in
1437 2679 1535 2722 quo
1576 2666 1738 2711 omnis
1786 2664 2063 2711 aedificatio

1165 2735 1457 2779 constructa
1504 2733 1685 2778 crescit
1729 2732 1782 2776 in
1827 2732 2064 2789 templum

1163 2802 1389 2845 sanctum
1410 2800 1463 2845 in
1484 2800 1762 2855 nominey,

1233 2867 1313 2910 22.
1348 2866 1402 2910 in
1440 2878 1538 2921 quo
1570 2868 1741 2919 et-vos
1770 2866 2064 2912 coaedifica-

1163 2932 1288 2977 mini
1306 2932 1360 2976 in
1388 2932 1720 2978 habitaculum
1740 2933 1835 2979 Dei
1867 2932 1919 2979 in
1951 2934 2064 2990 Spi-

1164 2999 1281 3044 ritu.

1212 3076 1361 3115 rRom.
1387 3082 1432 3119 9,
1458 3080 1495 3114 4.
1522 3080 1579 3115 25.
1606 3081 1663 3115 26.
1712 3086 1727 3104 ³
1746 3084 1765 3115 1
1786 3078 1929 3115 Thess.
1955 3080 2001 3119 4,
2029 3082 2064 3114 5.

1165 3127 1185 3150 f
1203 3129 1223 3159 1
1243 3123 1351 3159 Tim.
1368 3128 1405 3165 2,
1425 3128 1459 3161 5.
1478 3127 1513 3161 6.
1547 3125 1632 3160 Col.
1654 3129 1688 3166 1,
1706 3128 1765 3162 20.
1779 3136 1862 3171 sqq.
1913 3132 1933 3150 ¹⁸
1950 3124 2065 3159 Rom.

1299 3177 1319 3196 ⁰
1338 3174 1419 3213 c.3,
1428 3174 1463 3207 6.
1511 3177 1543 3196 ¹⁴⁸
1561 3170 1702 3207 Matth.
1717 3174 1839 3214 16,18.
1890 3178 1917 3195 ³
1934 3176 1954 3206 1
1976 3170 2065 3206 Cor.

191 3218 322 3256 Hebr.
342 3222 402 3260 12,
420 3222 477 3254 22.
497 3229 582 3266 sqq.
599 3216 707 3253 Phil.
726 3220 764 3256 3,
783 3219 843 3251 20.
891 3222 914 3247 ν
933 3212 1098 3255 Rom-3,
1166 3221 1211 3276 ³:
1232 3220 1286 3252 11.
1329 3222 1347 3252 1
1367 3218 1471 3252 Pctr.
1493 3220 1537 3259 2,
1568 3221 1690 3253 4—6.
1740 3226 1762 3251 ν
1779 3223 1799 3253 ι
1821 3217 1909 3253 eor.
1936 3220 1980 3257 3,
2008 3220 2063 3252 16.

192 3270 255 3304 24.
274 3270 336 3303 28.
389 3272 405 3297 9
423 3268 446 3299 2
465 3264 554 3299 Cu·-
571 3269 607 3304 5,
629 3268 685 3300 17.
705 3267 762 3299 21.

1167 3267 1224 3298 la.

312 3378 426 3431 Cap.
458 3376 521 3417 11.
579 3382 616 3418 1.
659 3374 838 3417 delictis
871 3377 1068 3428 peccatis
1099 3376 1243 3430 (deest
1267 3384 1347 3431 et).
1405 3382 1446 3419 3.
1479 3382 1527 3420 et
1553 3379 1882 3431 cogitationem.
1948 3380 1988 3418 4.
2020 3378 2065 3418 in

197 3432 574 3478 misericordiam.
634 3438 674 3473 5.
704 3445 785 3472 nos
808 3430 988 3473 Christo
1009 3432 1153 3482 gratia
1174 3433 1284 3475 estis
1303 3435 1449 3485 (deest
1462 3435 1509 3475 in
1527 3440 1575 3477 ot
1592 3434 1756 3486 cujus).
1819 3436 1883 3473 12.
1916 3443 1941 3471 a
1962 3446 2063 3473 con-

197 3492 432 3537 versione3
453 3487 561 3529 ibid.
575 3489 620 3527 in
639 3488 800 3529 mundo
825 3488 967 3538 (deest
985 3487 1107 3539 hoc).

203 3550 268 3588 16.
301 3544 596 3587 inimicitiam.
659 3545 721 3583 Π.
757 3542 826 3584 his
845 3545 916 3595 qui
949 3556 1106 3597 prope.

1170 3491 1237 3529 14.
1258 3488 1521 3531 macherias.
1582 3494 1647 3531 15.
1680 3490 1725 3529 in
1747 3493 1886 3529 semet
1904 3488 2064 3541 ipsum.

1568 3603 1663 3646 Nz
