2376 3925
273 146 495 194 xxvm
739 145 1279 190 coMMENTATm
1338 145 1753 190 ISAGoGch.

274 276 490 332 buisset
513 277 686 330 etiam
709 273 902 329 facere
915 275 1134 350 regulis
1160 276 1279 330 suis
1310 274 2151 334 convenienterLachmannas.

273 356 481 414 Forma
505 358 784 413 orationis
812 374 887 411 ex
913 355 1003 412 his
1029 357 1441 412 mutationibus
1472 357 1540 412 fit
1574 376 1981 433 nonnunquam
2016 361 2153 415 sim-

273 442 482 514 plicior
517 448 873 515 naturaeque
903 440 1359 495 convenientior.
1444 438 1568 495 Nec
1594 449 1788 496 tamen
1818 440 2023 497 desunt
2050 461 2153 496 ex-

276 525 489 597 empla,
530 523 734 598 quibus
775 541 934 578 error
962 523 1371 598 grammaticus
1398 523 1620 594 subest,
1656 533 1725 579 ut
1744 521 1889 579 Luc.
1922 525 1981 596 7,
2010 525 2064 579 8.
2096 534 2157 580 et

276 606 394 662 alio
416 623 517 679 pro
546 616 604 662 et
632 603 757 660 alii.

399 695 496 753 111.
539 696 711 754 Aliud
745 713 925 772 genus
961 697 1262 752 varietatis
1296 698 1451 754 inest
1482 700 1545 754 in
1573 689 2022 776 ortdographia,
2050 717 2155 754 no-

279 781 498 836 minum
525 782 771 836 maxime
795 779 1174 852 propriorum.
1240 778 1587 837 Scribuntur
1614 781 1766 835 enim
1792 778 2025 850 Jhesas,
2052 778 2155 837 Jo-

277 862 530 933 hannes,
571 859 977 932 Hierusalem,
1031 860 1274 928 Helias,
1318 857 1623 920 Sca‘riotes
1656 865 1750 918 vel
1788 861 2153 934 Scariothes,

275 944 632 1003 Acheldama
685 953 744 1000 et
794 944 908 998 alia
960 945 1247 1000 similiter.
1333 943 1476 1002 Item
1528 944 1701 1002 habes
1742 944 2019 1001 vocabula
2068 947 2155 1000 sic

277 1030 518 1101 scripta:
565 1037 876 1105 temptare,
903 1029 1229 1103 temptatio,
1259 1027 1533 1105 epistula,
1565 1026 1889 1106 spiritalia,
1918 1029 2155 1083 caritas

277 1104 409 1184 (pro
441 1108 712 1166 charitas
736 1117 932 1164 textus
963 1107 1249 1190 recepti),
1286 1111 1689 1168 adulescentes
1728 1118 1785 1164 et
1831 1111 1901 1164 al.
1987 1107 2155 1165 Haec

275 1193 416 1248 talia
457 1193 719 1248 invenies
755 1193 818 1246 in
854 1190 1149 1263 Vitruvio,
1190 1191 1421 1262 Solino,
1474 1189 1868 1260 Tertulliano,
1911 1193 2154 1267 aliisque

275 1275 648 1350 scriptoribus
697 1275 974 1330 ecclesiae
1017 1275 1375 1350 antiquioris,
1461 1272 1661 1350 Neque
1704 1285 1897 1330 tamen
1941 1273 2151 1330 horum

275 1356 848 1434 orthographicorum
886 1356 1261 1432 aequabilitas
1296 1365 1411 1430 est3
1464 1375 1597 1412 nam
1640 1357 1845 1413 scribis
1886 1357 2151 1412 codicum

273 1457 474 1514 parum
513 1440 697 1495 doctis
742 1439 963 1514 sibique
1005 1457 1121 1494 non
1167 1440 1558 1496 constantibus
1599 1440 1889 1496 debentur.
1974 1437 2154 1496 Prae-

273 1532 434 1580 terea
459 1523 630 1578 litera
653 1522 684 1578 b
713 1539 880 1596 saepe
901 1538 1003 1595 pro
1031 1521 1202 1577 litera
1224 1541 1259 1578 v
1283 1524 1550 1595 ponitur,
1587 1523 1737 1599 quod
1775 1541 1913 1579 cave
1940 1525 2001 1577 in
2029 1522 2152 1578 for-

273 1609 384 1662 mis
409 1615 728 1680 temporum
753 1623 856 1678 pro
879 1605 1140 1662 variante
1165 1605 1415 1660 lectione
1441 1604 1680 1678 habeas,
1722 1614 1809 1660 est
1844 1607 1997 1660 enim
2008 1605 2150 1676 for·

273 1688 463 1754 malis,
487 1705 606 1745 non
629 1686 814 1746 realis
845 1687 1172 1758 diversitas,
1199 1686 1259 1743 id
1284 1688 1437 1763 quod
1466 1707 1723 1744 connexa
1752 1688 1918 1743 docet
1945 1690 2150 1743 oratio.

272 1770 508 1849 Insigne
549 1772 871 1846 exemplum
909 1777 997 1826 est
1029 1767 1262 1844 Apocal.
1303 1770 1372 1843 9,
1410 1771 1507 1826 21.
1544 1771 1640 1843 18,
1666 1771 1787 1842 23„
1813 1770 1911 1826 ubi
1936 1772 2151 1844 permi-

273 1859 462 1912 stione
498 1853 700 1913 harum
735 1856 1034 1910 literarum
1073 1855 1220 1910 mire
1256 1855 1470 1930 legitur
1503 1853 1801 1925 beneficiis
1837 1871 1942 1928 pro
1978 1873 2154 1910 vene-

319 1957 446 1997 cm.
471 1972 555 1981 -—

264 1939 320 2011 fi
393 2020 490 2077 lv.
526 2021 765 2077 Accedit
791 2038 972 2095 genus
999 2019 1342 2091 lectionum,
1381 2038 1524 2095 quae
1546 2022 1876 2098 praecipuo
1902 2022 2151 2096 quodam

273 2119 444 2158 sensa
481 2104 564 2159 ad
596 2120 718 2158 rem
756 2104 946 2179 ipsam
979 2102 1303 2173 pertinent,
1353 2120 1470 2158 non
1506 2110 1728 2158 tantum
1767 2102 1839 2157 ad
1863 2106 2149 2159 rationem

273 2182 498 2239 dicendi
536 2182 888 2239 variabilem.
973 2180 1092 2238 Eae
1133 2184 1277 2239 tales
1324 2193 1490 2256 sunt,
1543 2194 1609 2240 ut
1659 2186 1754 2241 vel
1798 2184 1869 2241 ad
1920 2192 2150 2241 textum

271 2268 514 2321 latinum
528 2262 871 2341 Hieronymi
897 2268 1210 2343 genuinum
1233 2269 1329 2323 vel
1364 2267 1502 2323 adeo
1532 2268 1603 2323 ad
1630 2284 1868 2343 graecos
1898 2268 2148 2337 codices,

271 2348 474 2424 quibus
499 2366 634 2403 usus
663 2357 750 2403 est
775 2348 974 2405 doctor
1001 2348 1250 2420 subtilis,
1276 2349 1609 2406 referendae
1636 2352 1768 2405 sint.
1828 2348 1977 2421 Hae,
2008 2370 2149 2425 quas

269 2433 586 2506 posteriore
619 2432 745 2487 loco
778 2432 974 2507 posui,
1028 2440 1263 2488 eatenus
1299 2434 1496 2489 valent
1531 2432 1603 2487 ad
1634 2430 1859 2489 Graeca
1900 2435 2149 2488 certiore

266 2514 488 2589 judicio
524 2513 806 2585 eruenda,
859 2514 1009 2591 quod
1039 2532 1144 2589 per
1182 2516 1365 2572 latina
1396 2516 1573 2572 verba
1610 2534 1819 2591 graeca
1852 2518 1954 2571 illa
1994 2518 2148 2571 anti-

271 2599 474 2673 quiora
509 2606 570 2654 et
611 2597 940 2653 authentica
972 2596 1253 2671 probabili
1299 2603 1631 2673 conjectura
1671 2599 1811 2653 licet
1846 2598 2145 2672 dispicere.

273 2678 421 2738 Nam
466 2698 637 2756 quum
670 2677 1085 2755 Hieronymum
1135 2690 1436 2755 sequutum
1480 2700 1603 2737 esse
1652 2690 1877 2737 constet
1919 2680 2149 2737 codices

271 2780 510 2839 graecos
535 2764 960 2839 antiquissimos
991 2770 1050 2816 et
1074 2763 1343 2836 optimos,
1372 2772 1539 2819 caute
1562 2763 1789 2839 quidem
1816 2772 1875 2819 et
1900 2766 2147 2819 circum-

271 2854 484 2919 specte,
511 2848 781 2901 restituta
808 2847 1056 2903 lectione
1082 2848 1208 2919 ejus
1233 2846 1433 2918 latina,
1463 2848 1639 2903 etiam
1667 2847 1735 2903 de
1764 2864 2017 2924 „graeca
2041 2866 2148 2902 ve-

268 2928 490 2982 ritate“
519 2930 916 3003 consequitur,
940 2927 1190 3003 Judicari
1214 2947 1398 3001 posse.
1484 2928 1713 2985 Exinde
1740 2929 1837 2985 hic
1868 2930 2050 2986 codex
2072 2930 2151 2987 ad

273 3012 533 3065 criticam
561 3011 758 3085 graeci
783 3019 979 3067 textus
1005 3010 1383 3067 factitandum
1418 3018 1567 3071 tanti
1591 3014 1865 3087 praesidii
1894 3021 1953 3068 et
1978 3011 2145 3085 adju-

268 3094 450 3149 menti
477 3100 594 3163 est,
627 3101 695 3147 ut
717 3101 876 3148 recte
899 3096 1297 3169 semigraecas
1335 3106 1435 3152 aut
1462 3098 1715 3153 mediate
1740 3112 1997 3170 graecus
2028 3092 2146 3151 dici

267 3178 480 3251 possit,
517 3183 576 3229 et
607 3177 953 3231 auctoritate
979 3194 1082 3231 sua
1107 3178 1439 3234 innumeros
1470 3177 1697 3234 codices
1725 3195 1963 3255 graecos
1992 3177 2145 3232 infe-

266 3260 440 3315 riori·
463 3266 636 3313 notae
661 3259 979 3333 aetatisque
1004 3258 1218 3314 vincat.
1303 3256 1530 3317 Multae
1566 3259 1729 3317 haud
1768 3260 1935 3317 dubie
1962 3259 2149 3316 bonae

270 3338 568 3411 lectionem,
597 3343 874 3397 communi
901 3358 1144 3396 assensa
1159 3343 1526 3419 probandae,
1556 3351 1664 3399 aut
1691 3352 1975 3398 accurate
2002 3358 2149 3397 exa-

267 3424 581 3481 minandao
609 3432 668 3478 et
685 3423 1124 3499 ponderandae,
1155 3425 1217 3479 in
1246 3443 1309 3479 eo
1336 3433 1617 3483 servatae
1644 3433 1797 3481 sant.
