2376 3925
631 159 1174 205 coMMENTATlo
1232 160 1647 207 ISAGooch.
1920 163 2091 210 XXIX

337 288 656 364 Exempla,
707 309 740 344 e
771 290 970 346 multis
1017 290 1271 360 delecta,
1322 288 1465 346 haec
1508 290 1733 348 habeto.
1818 292 2091 350 Poterant

200 379 352 432 item
375 376 493 429 alia
516 375 776 447 proponi,
805 372 906 428 sed
929 375 1184 429 omnium
1211 389 1329 428 non
1356 383 1481 429 erat
1504 375 1684 432 locus.
1772 375 1885 442 Qui
1912 380 2089 446 volet,

205 477 282 514 ex
310 459 438 531 ipsa
462 457 708 511 lectione
733 456 870 512 libri
894 457 1115 531 reliqua
1139 455 1313 511 facile
1342 457 1593 532 colliget.
1677 455 1816 514 Luc.
1854 461 1959 530 17,
1988 461 2086 516 34.

203 543 266 596 in
309 550 468 596 tecto
507 558 614 596 uno
639 557 743 612 pro
775 541 835 594 in
862 538 1012 594 lecto
1038 557 1180 604 uno,
1216 537 1301 592 ἐπὶ
1334 539 1501 607 κλίνης
1532 536 1668 610 μιᾶς.
1752 539 2090 599 Dissensuin

202 621 412 678 Nostri
440 621 570 676 inde
599 623 844 696 explica,
873 621 1022 696 quod
1045 621 1195 717 apud
1217 623 1415 696 parall.
1444 623 1781 696 scriptorem
1798 623 1963 680 Mtth.
1982 626 2087 696 24,

203 708 307 761 40.
345 705 614 760 similiter
648 705 892 780 legitur.
947 707 1002 757 ἐν
1035 703 1108 775 τῷ
1145 697 1306 776 ἀγρῷ.
1394 706 1577 771 Quem
1602 723 1657 760 v.
1697 709 1957 762 nonnulli
1995 711 2086 764 in..

209 796 437 857 serunt,
481 786 584 842 sed
614 805 912 861 perperam
952 804 1040 860 ap.
1078 757 1221 843 linc.
1251 807 1304 843 v.
1334 788 1433 844 36.
1468 789 1855 863 omissamque
1889 799 2092 863 putant

209 871 284 926 ob
325 864 715 941 ὃμοιοτέλειηον.
801 867 938 924 Luc.
980 869 1091 940 19,
1130 869 1227 923 37.
1273 870 1741 928 descendentium
1778 873 2090 949 discipulo-

207 972 364 1022 rum,
393 953 494 1008 ubi
520 954 987 1012 descendentium
1016 961 1103 1008 est
1128 954 1497 1028 glossatoris,
1538 955 1850 1030 imaginem
1874 957 1961 1010 rei
1988 972 2089 1031 ge·-

207 1044 330 1092 stae
354 1034 771 1109 amplificantis.
858 1032 998 1091 Luc.
1026 1036 1128 1105 20,
1155 1036 1213 1090 4.
1242 1036 1589 1132 baptismum
1614 1055 1717 1110 pro
1746 1037 2087 1114 baptismus,

203 1119 278 1174 ad
317 1118 754 1174 similitudinem
787 1137 1028 1194 graecae
1067 1119 1287 1174 formae
1322 1114 1385 1173 τὸ
1420 1113 1705 1190 βάπτισμα.
1790 1119 1902 1191 21,
1929 1122 1987 1175 4.
2012 1139 2088 1176 ea·

202 1201 575 1258 abundantia
599 1219 702 1275 pro
730 1219 804 1256 ex
831 1202 1188 1272 abundanti,
1250 1210 1513 1274 receptus
1548 1209 1745 1256 textus
1778 1199 1997 1258 Graeco
2037 1207 2087 1256 ἐκ

201 1280 298 1338 τοῦ
340 1277 764 1355 περισσεύοντος,
799 1282 1120 1341 Amiatinus
1159 1285 1341 1338 codex
1369 1282 1673 1338 Latinitati
1695 1285 2001 1357 respondet
2026 1295 2086 1340 et

199 1368 262 1422 vi
289 1367 669 1440 oppositionis
693 1365 1050 1422 substantivo
1079 1368 1341 1441 sequenti
1366 1368 1421 1419 ἐκ
1446 1363 1539 1420 τοῦ
1563 1360 1928 1439 ὑστερήματος.
1980 1369 2083 1436 21,

200 1450 300 1504 21.
341 1449 660 1507 descedant
697 1467 800 1522 pro
839 1449 1162 1505 discedant.
1226 1450 1340 1520 22,
1375 1450 1473 1504 26.
1496 1450 1709 1521 junior
1740 1468 1850 1523 pro,
1879 1453 2085 1514 minor,

201 1532 528 1608 elegantius
571 1531 642 1586 ad
668 1532 953 1588 Graecum
995 1526 1026 1585 ὅ
1063 1525 1319 1604 νεώτερος.
1388 1532 1523 1587 ibid.
1559 1551 1615 1588 v.
1642 1533 1741 1587 37.
1770 1551 1897 1588 cum
1926 1535 2085 1606 inju-

198 1617 311 1670 stia
339 1632 446 1688 pro
477 1632 606 1668 cum
633 1615 866 1690 iniquis.
924 1612 1209 1670 Graecum
1236 1624 1349 1672 est:
1392 1610 1523 1684 μετὰ
1550 1608 1780 1685 ἀνόμων,
1816 1615 2023 1670 fortius
2050 1634 2085 1669 a

203 1706 401 1753 nostro
430 1695 718 1752 redditum
744 1697 908 1752 libro.
970 1696 1104 1752 ibid.
1130 1717 1186 1753 v.
1216 1697 1312 1753 55.
1340 1699 1471 1772 igni
1496 1700 1557 1752 in
1585 1700 1771 1755 medio
1801 1700 1962 1752 atrio
2000 1700 2084 1752 la-

207 1781 384 1836 tinius
419 1797 526 1852 pro
563 1780 699 1856 igne
725 1781 786 1834 in
814 1781 999 1836 medio
1025 1781 1212 1848 atrii,
1253 1778 1353 1834 sed
1388 1781 1578 1835 minus
1614 1779 1687 1834 ad
1720 1779 1974 1834 verbum.
2007 1811 2078 1820 -

207 1860 345 1918 Luc.
374 1863 437 1932 8,
467 1862 522 1917 7.
552 1878 719 1917 scens
747 1864 954 1938 spinas
980 1879 1082 1935 pro
1111 1863 1269 1916 inter
1294 1863 1533 1938 spina83
1598 1879 1684 1936 gr.
1728 1863 1783 1912 ἐν
1812 1861 1951 1932 μέσῳ
1985 1861 2087 1914 τῶν

203 1941 474 2001 ἀκανθῶν.
554 1941 738 2019 Saepe
766 1942 928 2001 illum
954 1961 1058 2019 pro
1086 1961 1211 1999 eum
1236 1944 1489 2017 positum
1514 1942 1720 2014 habes,
1754 1952 1823 1999 ut
1850 1941 1987 1998 Luc.
2026 1944 2085 2013 5,

211 2029 442 2085 13.19.
523 2025 740 2082 Ibidem
762 2046 818 2084 v.
846 2028 945 2082 37.
980 2029 1202 2103 rumpit
1236 2044 1341 2100 pro
1381 2037 1638 2105 rumpet,
1684 2036 1883 2083 eontra
1904 2029 2086 2085 Grae-

205 2130 366 2169 cum.
393 2105 546 2184 ῥήξει.
599 2108 684 2165 Cf.
715 2119 773 2165 et
800 2112 861 2180 6,
891 2111 946 2164 7.
977 2118 1034 2165 et
1061 2111 1321 2183 inprimis
1348 2129 1403 2166 v.
1427 2110 1529 2165 26.
1586 2108 1817 2183 Optime
1842 2111 2086 2165 transla-

201 2207 264 2253 ta
291 2204 428 2251 sunt
455 2191 595 2249 Luc.
627 2194 682 2263 1,
707 2194 766 2247 4.
795 2194 850 2249 5.
880 2193 976 2249 59.
1015 2194 1075 2263 2,
1103 2194 1159 2246 2.
1190 2201 1249 2247 et
1274 2180 1745 2267 orthographiae,
1782 2202 1840 2247 et
1865 2193 1939 2248 ad
1964 2212 2087 2247 rem

204 2280 288 2335 ibi
326 2284 636 2333 narratam.
711 2274 954 2332 Latinae
987 2274 1301 2330 formarum
1348 2276 1783 2330 terminationes
1824 2292 2087 2329 nonnun-

210 2378 380 2437 quam
429 2359 851 2430 desiderantur,
900 2361 962 2413 in
1003 2375 1199 2413 earum
1244 2360 1435 2413 locum
1470 2374 1710 2433 graecae
1744 2358 2088 2412 vetustiores

211 2440 484 2501 suffectae
505 2450 656 2498 sunt.
745 2440 1086 2511 cf.Luc.1‚
1121 2440 1213 2496 15.
1254 2436 1385 2495 Huc
1422 2441 1563 2495 illuc
1596 2448 1790 2495 tamen
1814 2441 2014 2513 leges·
1998 2456 2089 2493 m-

212 2529 559 2622 geniumque
595 2524 807 2580 latinae
841 2480 1091 2600 linguae’,
1109 2524 1402 2578 violantur
1418 2562 1438 2592 ,
1480 2531 1547 2578 ut
1573 2520 1711 2577 Luc.
1752 2523 1815 2589 1,
1861 2521 1953 2575 17.
1990 2520 2089 2575 ubi

211 2604 453 2669 ἀπειθεῖς
486 2609 764 2673 vertitur:
809 2605 1198 2683 incredibiles.
1282 2605 1359 2660 At
1394 2623 1512 2659 non
1549 2605 1754 2659 melius
1780 2611 1973 2658 textus
1996 2622 2090 2657 re-

215 2701 412 2766 ceptus
465 2689 648 2745 dedit.
720 2687 1066 2747 incredulos.
1177 2686 1461 2743 Videntur
1512 2688 1773 2759 utrique·
1842 2679 2092 2747 ἀπίστους

211 2783 404 2829 mente
441 2771 738 2842 habuisse,
795 2774 887 2828 cui
924 2770 1195 2827 Latinum
1240 2789 1359 2827 non
1395 2768 1701 2843 respondet
1732 2769 2089 2825 vocabulum.

208 2856 388 2913 Nulla
411 2857 664 2911 varietas
691 2855 755 2909 in
780 2853 1022 2910 Graecis
1051 2864 1154 2909 est.
1241 2853 1403 2908 Alius
1432 2868 1593 2905 error
1620 2858 1709 2905 est
1732 2848 1873 2907 Luc.
1908 2854 1964 2921 l,
1990 2853 2091 2907 23.

206 2938 287 2994 Et
317 2957 364 2994 c.
400 2940 468 3008 l,
497 2938 594 2993 36.
622 2955 739 2993 vox
765 2938 1105 2993 insolentior
1131 2944 1429 3011 poetarum
1456 2943 1691 2989 senecta
1732 2936 1945 3010 legitur
1986 2954 2090 3008 pro

210 3028 530 3079 senectute.
614 3016 754 3075 Luc.
795 3020 868 3089 3,
901 3020 1000 3074 22.
1036 3022 1098 3075 in
1135 3028 1195 3075 te
1231 3015 1579 3093 complacuit
1616 3016 1761 3072 milli
1794 3034 1897 3091 pro
1947 3020 2007 3072 in
2032 3028 2093 3071 te

211 3103 541 3181 complacui
570 3099 742 3173 milti,
779 3121 866 3178 gr.
901 3103 955 3155 ἐν
989 3100 1078 3155 σοὶ
1102 3094 1385 3167 ηὗδόκησα.
1448 3098 1585 3154 ibid.
1612 3118 1669 3155 v.
1696 3100 1795 3154 23.
1825 3109 1891 3155 ut
1906 3107 2088 3175 pata—

210 3197 384 3243 retur
415 3203 522 3260 pro
559 3191 626 3240 nt
653 3186 1016 3262 putabatur,
1057 3178 1125 3245 ὦς
1159 3183 1435 3253 ἐνομιᾺζετο
1470 3181 1568 3237 ubi
1600 3191 1863 3255 receptus
1895 3187 2089 3233 textus

209 3271 404 3342 potior
445 3267 696 3323 videtur.
738 3298 810 3309 —-
857 3268 930 3337 4,
971 3267 1026 3321 7.
1050 3267 1373 3343 procidens
1415 3266 1469 3318 si
1506 3264 1857 3321 adoraveris
1894 3279 1997 3333 pro
2040 3262 2098 3314 si

217 3351 602 3417 adoraveris,
636 3347 726 3405 ἐὰν
752 3366 1132 3423 προςκυνησῃςς
1181 3346 1384 3404 Nostri
1410 3346 1711 3401 translatio
1738 3344 1969 3399 nativae
1992 3359 2096 3398 vo-

218 3436 301 3489 cis
349 3450 595 3509 graecae
636 3434 912 3507 potestati
937 3432 1126 3507 aptior
1151 3440 1256 3487 est.
1329 3429 1527 3499 4,14.
1564 3440 1834 3500 egressus
1868 3442 1969 3496 pro
2004 3445 2095 3481 re-
