2376 3925
307 172 377 222 24

311 274 461 321 Iesus
490 276 657 320 autem
686 271 819 318 dixit
845 271 946 317 eis:
983 272 1104 318 Non
1141 273 1221 318 est

310 340 560 398 propheta
577 339 689 385 sine
708 338 925 398 honore,
937 339 1038 386 nisi
1052 339 1109 386 in
1126 350 1218 396 pu-

311 407 411 454 tria
429 419 538 464 sua,
560 409 612 452 et
628 405 683 451 in
704 405 853 451 domo
875 411 1018 452 sunu.

379 476 462 518 58.
496 473 566 518 Et
597 486 706 519 non
741 473 865 520 fecit
899 472 969 520 ibi
1003 471 1220 518 virtutes

312 540 524 598 multas,
570 543 782 599 propter
812 539 1222 596 ,incredulitatem

313 607 533 654 illorum.

578 783 748 836 CAP.
806 783 949 836 XIV.

319 885 472 940 Caput
515 883 710 926 Josunis
752 883 1002 938 praemium
1036 879 1221 936 puellae

316 941 530 983 Herodis.
587 938 760 982 Infirmi
783 940 942 982 curati.
1001 938 1154 981 Pane·
1173 943 1222 980 et

313 999 466 1052 pisces
499 993 809 1049 multiplicati.
876 992 1046 1038 Petrus
1079 1005 1222 1049 supra

583 1063 706 1093 mare
733 1049 948 1093 ambulat.

382 1147 430 1190 1.
463 1145 560 1190 νΙιι
605 1143 697 1190 illo
742 1147 973 1202 tem-pore
1026 1142 1222 1190 audivit

311 1212 542 1259 Herodes
563 1212 842 1258 Tetrarcha
859 1213 1042 1258 famam
1057 1212 1089 1257 J
1091 1224 1201 1270 esu,

380 1281 430 1326 2.
465 1282 519 1326 et
544 1279 617 1325 ait
649 1279 821 1337 pueris
849 1279 981 1326 suis:
1017 1278 1113 1324 llic
1142 1279 1221 1326 est

311 1348 539 1394 loannes
553 1344 843 1404 Baptistaw!
863 1347 973 1404 ipse
993 1345 1222 1393 surrexit

314 1413 642 1472 amortuis,et
649 1412 770 1460 ideo
779 1413 995 1460 virtutes
1006 1425 1227 1472 operan-

313 1486 397 1527 tur
415 1480 470 1526 in
490 1493 571 1526 eo,

381 1548 429 1593 3.
463 1546 694 1593 Herodes
715 1547 850 1593 enim
874 1545 1041 1592 tenuit
1055 1545 1220 1592 Joen-

313 1628 448 1674 nem,
469 1617 521 1660 et
539 1613 773 1672 alligavit
799 1627 941 1672 eum3
981 1615 1033 1660 et
1049 1613 1222 1671 posuit

313 1683 368 1729 in
388 1695 644 1729 carcerem
661 1683 870 1739 propter
879 1680 1221 1729 Herodiadem

312 1763 535 1798 uxorem
551 1749 724 1796 fratris
745 1747 840 1795 sui.

379 1819 428 1864 4.
457 1817 670 1864 Dicebat
698 1817 834 1864 enim
859 1815 938 1863 illi
963 1815 1240 1864 Joannesz·

313 1887 431 1932 Non
448 1885 571 1932 licet
586 1884 680 1931 tibi
697 1884 885 1931 habere
905 1890 1068 1932 eum-”0

380 1956 428 1999 5.
462 1953 532 1999 Et
565 1951 749 1999 volens
785 1951 930 1998 illum
965 1951 1218 2010 occidere,

312 2020 480 2067 timuit
503 2020 772 2077 populum3
802 2019 921 2075 quin
939 2018 1069 2067 sicut
1093 2031 1222 2076 pro-

313 2088 516 2143 phetam
534 2100 648 2132 eum
666 2086 918 2133 habebant
926 2089 976 2129 J.

357 2154 427 2195 .6.
461 2151 558 2196 Die
587 2152 752 2196 autem
781 2150 964 2197 natalis
998 2150 1219 2198 Herodis

315 2217 519 2265 saltavit
533 2217 637 2263 filia
647 2217 950 2264 Herodiudis
959 2218 1015 2265 in
1031 2218 1219 2278 medio,

314 2290 366 2331 et
382 2284 572 2344 placuit
586 2284 796 2331 Herodi.

378 2354 426 2399 7.
462 2352 605 2397 Unde
634 2365 747 2399 cum
781 2351 1073 2409 juramento
1102 2352 1219 2411 pol-

309 2420 479 2469 licitus
515 2422 594 2466 est
621 2418 670 2467 ei
707 2418 846 2477 dare,
884 2420 1219 2479 quodcunque

309 2487 620 2547 postulasset
636 2489 698 2533 ab
718 2499 799 2532 eo.

377 2559 426 2602 8.
462 2558 530 2602 At
555 2554 646 2601 illa
672 2553 992 2613 praemonita
1009 2567 1041 2600 a
1057 2556 1219 2600 matre

309 2636 418 2683 suu,
439 2624 502 2669 da
515 2623 654 2683 mihi,
675 2621 864 2681 inquit,
893 2621 976 2668 hic
1004 2621 1059 2668 in
1078 2622 1218 2669 disco

312 2694 460 2749 caput
476 2693 508 2738 J
510 2691 692 2738 oannis
709 2686 990 2748 Baptistae!

378 2760 426 2802 9.
452 2758 522 2803 Et
531 2759 858 2806 contristatus
871 2759 947 2803 est
957 2768 1054 2803 rex
1066 2769 1082 2813 ς
1094 2766 1220 2814 pro-

310 2826 424 2881 pter
437 2823 777 2881 juramentum
804 2828 999 2884 sutem,
1030 2826 1082 2870 et
1107 2836 1219 2881 eos,

312 2889 399 2946 qui
432 2891 624 2947 puriter
657 2894 1032 2952 recumbebant,
1066 2890 1223 2950 jussit

314 2955 440 3002 dari.

381 3024 463 3069 1⁰.
497 3022 753 3084 Misitque,
767 3028 819 3072 et
836 3026 1111 3074 decollavit
1122 3025 1219 3072 Jo-

316 3104 499 3141 snnem
520 3089 574 3136 in
591 3103 812 3140 carcere.

344 3213 366 3230 ‘⁴
397 3200 497 3239 Luc.
513 3204 555 3244 4,
571 3204 633 3239 24.
672 3200 762 3242 Joh.
779 3206 821 3246 4,
837 3203 904 3240 44.
966 3207 988 3227 ⁹
1003 3212 1042 3238 V.
1061 3206 1082 3238 1
1098 3205 1221 3240 -12

303 3250 431 3285 Marc.
449 3252 487 3292 6,
505 3252 676 3287 14—29.
706 3249 808 3288 Luc.
825 3254 863 3293 9,
881 3252 1007 3289 7—9.
1030 3252 1069 3291 3,
1087 3252 1217 3287 1220.

303 3301 338 3321 Ψ
357 3308 392 3331 c.
411 3298 472 3337 16,
489 3299 549 3333 14.
598 3302 626 3320 ³⁹
643 3295 777 3334 Levit.
794 3299 856 3340 18,
873 3300 931 3334 16.
980 3302 1004 3329 r
1023 3306 1060 3331 c.
1078 3298 1137 3333 21.
1155 3300 1217 3335 26.

745 167 1285 222 MATTHAEUS.
1357 167 1527 218 GAP.
1566 167 1753 218 13.st

1354 271 1435 315 11.
1469 269 1541 316 Et
1567 270 1773 316 allatum
1799 271 1878 315 est
1903 273 2055 327 caput
2082 271 2203 328 ejus

1286 336 1342 384 in
1360 337 1520 396 disco,
1542 339 1593 382 et
1612 337 1780 382 datum
1798 339 1877 383 est
1893 335 2097 395 puellae
2110 368 2125 397 ,
2148 345 2206 384 et

1287 404 1457 451 attulit
1471 403 1622 450 matri
1640 417 1780 450 suae.

1354 473 1436 516 12.
1469 471 1539 516 Et
1597 471 1898 517 accedentes
1959 470 2202 531 discipuli

1288 537 1399 596 ejus
1412 569 1427 597 ‚
1471 537 1699 584 tulerunt
1734 551 1919 596 corpus
1956 538 2068 596 ejus
2081 569 2099 598 ,
2146 547 2205 586 et

1288 605 1603 664 sepelierunt
1636 604 1787 663 illud3
1838 607 1891 652 et
1926 606 2201 653 venientes

1286 673 1653 720 nuntiaverunt
1666 673 1698 718 J
1700 685 1807 718 esu.

1354 742 1435 786 13.
1470 746 1493 769 ¹⁵
1508 739 1655 793 Quod
1666 753 1777 786 cum
1789 739 2053 787 audi-sets
2054 753 2197 800 esus,

1288 807 1501 853 secessit
1516 807 1634 852 inde
1662 807 1718 853 in
1743 807 2007 868 navicula,
2038 808 2093 854 in
2111 808 2199 855 lo-

1289 887 1403 920 cum
1430 875 1685 920 desertum
1709 887 1969 933 seorsum3
2000 878 2053 922 et
2078 889 2195 922 cum

1288 941 1548 988 audissent
1580 944 1757 988 turbae
1770 972 1786 1002 ,
1834 944 2038 996 secutae
2074 949 2199 990 sunt

1289 1021 1403 1056 eum
1420 1008 1681 1066 pedestres
1700 1009 1763 1054 de
1780 1008 2085 1056 civitatibus.

1355 1078 1438 1122 14.
1470 1076 1541 1122 Et
1586 1076 1769 1122 exiens
1814 1076 1945 1122 vidit
1994 1078 2201 1124 turbam

1286 1143 1521 1202 multam,
1557 1146 1609 1189 et
1625 1143 1898 1190 misertusss
1916 1145 1993 1190 est
2008 1144 2105 1202 eis,
2146 1150 2201 1190 et

1288 1211 1487 1257 curavit
1504 1210 1772 1268 languidos
1790 1223 1983 1257 eorum.

1354 1280 1437 1324 15.
1470 1279 1697 1335 Vespere
1726 1279 1893 1324 eutem
1920 1279 2079 1337 facto,
2101 1291 2197 1325 ac-

1288 1347 1553 1392 cesserunt
1582 1345 1646 1390 ad
1664 1359 1781 1391 eum
1808 1344 2041 1403 discipuli
2058 1345 2193 1405 ejus,

1288 1413 1540 1459 dicentes:
1568 1411 1815 1458 Desertus
1842 1414 1922 1458 est
1938 1412 2109 1472 locus,
2142 1419 2199 1460 et

1287 1481 1415 1526 hora
1430 1481 1537 1537 ,iam
1554 1478 1849 1538 praeteriit3
1870 1479 2061 1526 dimitte
2079 1482 2195 1526 tur·-

1286 1550 1375 1594 bas
1387 1577 1402 1606 ‚
1420 1549 1478 1593 ut
1496 1549 1674 1592 euntes
1694 1547 1750 1594 in
1768 1546 2000 1606 castella,
2022 1551 2198 1594 emant

1288 1614 1384 1661 sibi
1402 1627 1563 1660 escas.

1350 1683 1432 1728 16.
1468 1683 1619 1728 Jesus
1636 1684 1805 1728 autem
1814 1680 1943 1726 dixit
1951 1679 2051 1726 eis:
2072 1681 2195 1728 Non

1287 1749 1695 1797 habentnecesse
1712 1748 1820 1808 ire;
1842 1748 1955 1796 date
1972 1747 2079 1795 illis
2096 1762 2197 1795 vos

1285 1814 1613 1865 manducare!

1355 1887 1436 1930 17.
1470 1884 1862 1942 Responderunt
1872 1883 1945 1930 ei:
1965 1883 2081 1930 Non
2100 1884 2194 1931 hu-

1288 1955 1460 2000 bemus
1478 1952 1561 1999 hic
1580 1951 1682 1999 nisi
1698 1951 1919 2011 quinque
1937 1966 2095 2011 penes
2106 1983 2123 2011 ,
2144 1955 2198 1999 et

1288 2020 1415 2067 duos
1433 2020 1597 2077 pisces
1608 2012 1647 2065 ὅ.

1354 2088 1437 2132 18.
1473 2086 1574 2139 Qui
1606 2086 1680 2134 uit
1706 2086 1806 2133 eis:
1842 2086 2037 2134 Afferte
2070 2088 2197 2135 mihi

1288 2152 1406 2200 illos
1426 2152 1545 2199 huc!

1354 2222 1435 2266 19.
1469 2220 1538 2266 Et
1573 2235 1686 2267 cum
1716 2220 1955 2279 ,iussisset
1995 2225 2196 2271 turbam

1288 2288 1601 2335 discumbere
1638 2301 1789 2347 super
1824 2290 2062 2349 foenum,
2106 2303 2197 2337 ac-

1289 2356 1447 2413 ceptis
1466 2356 1685 2413 quinque
1695 2356 1925 2416 panibus,
1938 2359 1990 2403 et
2000 2356 2199 2405 duobus

1285 2423 1526 2483 piscibus,
1539 2424 1790 2481 aspiciens
1810 2424 1865 2469 in
1884 2424 2087 2471 coelum
2106 2428 2198 2473 be-

1286 2490 1515 2549 nedixit,
1537 2493 1589 2536 et
1606 2490 1787 2549 fregit,
1816 2493 1867 2537 et
1885 2490 2023 2538 dedit
2042 2492 2197 2540 disci-

1286 2558 1419 2616 pulis
1480 2570 1637 2615 panes
1649 2590 1664 2617 ,

1285 2625 1463 2673 turbis.

1354 2693 1437 2737 20.
1471 2692 1542 2737 Et
1556 2691 1988 2739 manducaverunt
1998 2705 2198 2753 omnes,

1288 2762 1339 2805 et
1358 2758 1569 2805 saturati
1579 2762 1711 2806 sunt.
1777 2758 1845 2805 Et
1862 2760 2095 2809 tulerunt
2108 2775 2197 2809 re·

1288 2826 1487 2886 liquias,
1509 2825 1773 2873 duodecim
1782 2826 2033 2885 cophinos
2052 2830 2198 2888 fi-sg-

1286 2896 1573 2941 mentorum
1592 2894 1789 2952 plenos.

1355 2963 1436 3007 21.
1470 2960 1884 3009 manducantium
1911 2966 2085 3011 sutem
2098 2966 2200 3012 fuit

1286 3041 1524 3075 numerus
1546 3029 1764 3086 quinque
1774 3029 1933 3077 millia
1943 3031 2197 3091 virorum,

1286 3097 1517 3157 exceptis
1534 3095 1829 3145 mulieribus
1848 3100 1901 3144 et
1916 3100 2167 3157 parvulis.

1734 2557 1966 2616 discipuli
2028 2564 2200 2607 nutem

1331 3210 1352 3229 ⁸
1366 3214 1407 3241 v.
1424 3206 1593 3242 13—21.
1630 3204 1759 3243 Marc.
1774 3207 1814 3247 6,
1829 3206 2002 3244 31-44.
2032 3205 2139 3245 Luc.
2156 3212 2196 3247 9.

1285 3254 1453 3338 ἶς’-Ξὲλ
1490 3249 1579 3287 Joh.
1596 3252 1635 3293 6,
1652 3254 1799 3289 2--15.
1852 3257 1875 3276 ⁰
1893 3262 1928 3287 c·
1944 3256 1983 3295 9,
2000 3255 2064 3290 36.
2118 3258 2139 3279 ⁰
2160 3267 2181 3289 c

422 3432 535 3486 Cup.
561 3428 694 3471 XIV.
755 3434 820 3474 11.
847 3434 896 3473 et
915 3430 1033 3474 tulit.
1095 3436 1161 3475 12.
1197 3446 1360 3488 corpus
1382 3434 1525 3489 (deest
1543 3435 1682 3489 ejus).
1737 3441 1803 3481 18.
1832 3434 1940 3481 illos
1961 3436 2072 3481 mihi
2094 3439 2198 3483 huc.

313 3489 382 3527 19.
411 3499 550 3541 supra
569 3487 763 3528 faenum.

2352 3420 2354 3534 ψ
