2376 3925
287 194 353 246 92

884 180 1171 236 LUCAS.
1242 178 1414 231 cAP.
1451 179 1504 228 2.
1525 176 1575 228 3.

291 249 2196 280 W

290 297 377 352 qui
406 307 519 340 eum
554 291 848 348 audiebant,
887 299 1041 345 super
1074 297 1198 344 pru-

292 362 463 409 dentia
484 361 536 407 et
552 357 814 416 responsis
834 355 962 414 ejus.

358 431 440 474 48.
476 426 545 472 Et
561 426 794 472 videntes
816 421 1047 469 admirati
1066 421 1198 466 sunt.

290 495 359 541 Et
395 494 527 540 dixit
568 495 727 540 mater
772 493 883 550 eJua
930 490 996 536 ad
1029 487 1198 534 illum:

288 561 411 608 Fili!
424 561 543 620 quid
562 560 729 608 fecisti
748 559 898 605 nobis
918 556 1022 603 aie?
1038 551 1200 600 Eece!

290 631 435 688 pater
454 631 569 675 tuus
589 630 641 675 et
660 640 778 686 ego,
792 625 1023 672 dolentes
1042 633 1202 680 quae-

290 698 526 744 rebamus
546 698 612 742 te.

357 765 440 809 49.
475 763 545 809 Et
574 763 645 808 ait
671 761 735 806 ad
760 759 905 805 illust
944 756 1077 810 Quid
1104 757 1202 814 est,

294 831 430 888 quod
455 845 535 876 me
558 825 911 886 quaerebatisv
936 824 1204 871 nescieba-

294 899 388 957 tis,
417 897 535 955 quia
560 897 615 942 in
642 895 749 953 his,
780 887 907 952 {luae
927 892 1085 952 patria
1103 889 1206 937 mei

297 967 432 1024 aunt,
453 965 657 1021 oportet
672 977 754 1009 me
773 961 921 1008 esse?

363 1034 443 1078 50.
478 1030 547 1076 Et
574 1030 672 1088 ipsi
696 1043 805 1076 non
838 1027 1209 1076 intellexerunt

296 1101 525 1156 verbum,
546 1096 681 1154 quod
698 1097 899 1143 loeutus
919 1099 997 1143 eat
1014 1095 1078 1142 ad
1098 1107 1204 1141 eos.

366 1167 446 1212 51.
480 1165 549 1211 Et
575 1164 834 1212 descendit
872 1178 984 1212 cum
1020 1163 1122 1222 eis,
1156 1163 1210 1208 et

301 1233 444 1280 venit
459 1233 740 1290 Nazareth3
773 1234 826 1279 et
852 1234 963 1279 erat
982 1230 1208 1278 subditus

297 1301 417 1348 illia.
485 1300 554 1346 Et
578 1302 741 1347 mater
778 1300 888 1358 ejus
926 1308 1208 1346 conserva-

298 1371 418 1415 bat¹⁸
443 1368 615 1414 omnia
640 1370 800 1415 verba
825 1369 951 1415 haec
980 1368 1033 1413 in
1054 1363 1209 1412 eorde

301 1448 412 1482 auo.

368 1503 449 1548 52.
461 1501 533 1548 Et
539 1502 687 1548 Iesus
698 1503 826 1560 profi
832 1502 995 1548 ciebat
1004 1499 1210 1558 sapien-

299 1569 396 1630 tia,
418 1570 470 1617 et
486 1569 653 1616 aetate
665 1599 680 1627 ‚
702 1570 754 1616 et
772 1569 936 1628 gratia
954 1566 1086 1625 apud
1102 1567 1210 1612 De-

304 1651 386 1685 um
405 1639 456 1684 et
472 1635 720 1684 hominen.

594 1770 765 1822 CAP.
830 1769 922 1821 111.

300 1873 501 1916 Joannes
512 1871 743 1926 populum,
788 1866 1212 1919 ublieanoffimiliten

304 1929 455 1971 docet:
471 1927 643 1971 Christi
653 1941 767 1972 exce
789 1926 977 1971 lentiam
992 1928 1212 1969 tentatura

304 1998 404 2026 eum
422 1985 650 2040 baptizat:
669 1986 725 2026 ab
748 1984 931 2027 Herode
950 1982 1146 2024 mittitur
1163 1982 1214 2022 in

302 2052 543 2082 carcerem.
604 2039 777 2082 Christi
796 2036 1063 2090 genealogia
1081 2037 1213 2078 addi-

329 2099 417 2141 tur,
440 2094 619 2135 diversa
639 2105 666 2134 a
687 2097 921 2136 stemmate
942 2090 1184 2135 Matthaei.

372 2187 419 2230 1.
454 2187 640 2231 vAnno
653 2187 819 2231 autem
838 2185 1212 2243 quintodecimo

307 2253 508 2311 imperii
529 2252 724 2299 Tiberii
744 2253 977 2299 Caesaris
988 2284 1003 2313 ,
1024 2267 1214 2312 procu-

307 2322 452 2368 rante
472 2319 659 2367 Pontio
678 2319 841 2366 Pilato
862 2321 893 2365 J
896 2321 1122 2381 udaeam,
1134 2325 1215 2368 te-

307 2389 508 2437 trareha
528 2389 696 2435 autem
714 2386 972 2435 Galilaeae
990 2388 1214 2450 Herode,

306 2456 539 2516 Philippo
554 2457 720 2503 autem
730 2456 887 2503 tratre
900 2455 1011 2514 ejus
1028 2458 1217 2504 tetrar-

310 2522 403 2571 cha
438 2526 693 2583 Ituraeae,
742 2525 795 2570 et
840 2524 1216 2571 'trachonitidis

307 2593 555 2653 regionis,
576 2592 628 2639 et
644 2586 867 2652 Lysania
884 2591 1117 2639 Abilinae
1136 2595 1217 2639 te-

306 2658 526 2721 trarcha,

376 2728 423 2771 2.
460 2730 551 2775 sub
563 2727 873 2787 principibus
887 2726 1219 2774 Sacerdotium

309 2792 457 2837 Anna
477 2795 528 2839 et
547 2796 761 2857 caipha,
793 2795 980 2843 factmn
1000 2796 1078 2840 est
1094 2808 1218 2841 ver-

310 2861 425 2905 bum
442 2858 648 2908 Domini
668 2877 819 2923 super
836 2864 869 2910 J
871 2876 1105 2924 oannem,
1117 2862 1218 2909 Za-

311 2926 513 2973 chariae
532 2927 703 2989 filium,
722 2932 777 2977 in
798 2930 1017 2979 deserto.

379 2994 427 3039 3.
460 2992 530 3038 Et
554 2995 699 3040 venit
725 2996 780 3042 in
812 3012 1014 3046 omnem
1042 2997 1220 3057 regio-

310 3074 431 3108 nem
465 3061 496 3106 J
500 3060 705 3110 ordanis
718 3093 733 3121 ‚
781 3066 1078 3121 praedicans
1126 3067 1218 3112 ba-

356 3166 380 3185 u
397 3156 445 3195 ef.
480 3169 519 3195 V.
542 3162 603 3195 19.
674 3165 694 3184 ⁹
710 3169 749 3196 V.
784 3163 806 3195 1
830 3164 947 3199 -30.
1008 3160 1154 3199 Mattb.
1178 3165 1217 3204 3,

310 3209 457 3243 1—12.
488 3204 614 3242 Marc.
632 3208 669 3247 1,
688 3207 813 3242 2—8.

1267 282 1505 340 ptinmum
1513 285 1554 309 Ψ
1571 279 1918 337 poenitentiae
1930 279 1986 326 iu
1997 281 2187 328 remia-

1269 349 1467 396 aionem
1484 349 1827 406 peecatorum,

1334 430 1383 474 4.
1421 427 1552 474 sicut
1585 427 1830 485 scriptum
1855 429 1938 474 eat
1964 428 2022 474 in
2049 427 2186 476 libro

1271 508 1562 543 sermonum
1628 495 1793 541 Isaiae
1869 496 2154 554 prophetae
2172 511 2205 542 :-

1271 565 1429 624 „Vox
1449 561 1708 610 clamantis
1738 561 1796 608 in
1825 561 2059 620 desert03
2087 563 2192 610 Pa-

1272 631 1422 692 „rate
1438 630 1576 677 viam
1592 627 1825 676 Domini!
1845 631 2014 677 rectas
2033 630 2192 678 facite

1272 697 1515 759 „semitas
1537 695 1668 755 ejus!

1341 781 1390 824 5.
1427 776 1643 838 „Omnis
1671 776 1825 824 vallis
1863 777 2159 836 implebitur
2175 795 2192 837 ;

1274 848 1365 908 „et
1375 845 1540 892 omnis
1558 857 1706 891 mons
1719 846 1772 891 et
1789 843 1939 892 collis
1951 845 2192 892 humilia-

1274 914 1448 974 „bitur
1461 927 1475 970 ς
1489 913 1541 960 et
1560 913 1711 958 erunt
1726 925 1889 970 prava
1906 912 1960 958 in
1977 913 2192 973 directa,

1275 982 1368 1043 „et
1385 993 1567 1039 aspera
1584 979 1640 1026 in
1657 979 1769 1026 viae
1789 979 1964 1038 planas
1982 995 1999 1038 ;

1343 1064 1392 1107 6.
1427 1062 1519 1121 „et
1544 1060 1738 1107 videbit
1764 1059 1927 1106 omnis
1955 1072 2084 1107 caro
2107 1074 2195 1110 aa-

1277 1129 1479 1191 „lutare
1498 1126 1683 1174 Dei³.“

1344 1213 1392 1256 7.
1430 1212 1645 1259 Dicebat
1695 1224 1820 1270 ergo
1879 1212 1943 1258 ad
1989 1212 2198 1274 turbas,

1277 1293 1406 1338 quae
1443 1279 1680 1338 exibant,
1718 1282 1776 1325 ut
1809 1277 2200 1338 baptizarentur

1279 1350 1340 1394 ab
1377 1348 1518 1405 ipso:
1568 1346 1835 1393 Genimina
1869 1347 2198 1405 viperarum!

1279 1415 1388 1472 quis
1411 1413 1634 1460 ostendit
1651 1413 1795 1460 vobin
1813 1415 1997 1472 fugere
2016 1428 2199 1462 aven-

1279 1485 1393 1529 tura
1412 1482 1523 1528 ira?

1347 1551 1394 1595 8.
1429 1549 1606 1596 Facite
1635 1561 1756 1607 ergo
1783 1547 1980 1595 fructus
2002 1548 2200 1608 dignos

1278 1616 1644 1676 poenitentiae,
1683 1616 1733 1662 et
1765 1619 1873 1661 ner
1911 1616 2200 1674 coeperitis

1281 1683 1478 1732 dicere:
1515 1685 1716 1732 Patrem
1746 1683 1992 1730 habemus
2029 1685 2200 1731 Abra-

1278 1753 1410 1798 ham.
1429 1751 1558 1798 Dico
1581 1752 1718 1798 enim
1733 1751 1908 1798 vobin:
1923 1750 2060 1805 Quia
2077 1755 2199 1810 pot-

1281 1833 1374 1868 ens
1411 1822 1490 1868 est
1523 1821 1664 1866 Deus
1696 1819 1758 1865 de
1793 1818 2048 1878 lapidibus
2083 1819 2200 1866 istis

1281 1888 1526 1936 suscitare
1545 1886 1680 1934 filios
1695 1888 1948 1934 Abrahae.

1350 1976 1396 2020 9.
1431 1974 1545 2020 Jam
1574 1973 1708 2019 enim
1738 1972 1935 2019 securis
1961 1972 2023 2018 ad
2049 1972 2198 2018 radi-

1283 2054 1392 2087 cem
1409 2042 1647 2088 arborum
1664 2040 1834 2098 posita
1852 2042 1945 2087 eet.
2015 2040 2199 2086 Omnia

1282 2121 1408 2167 ergo
1428 2110 1607 2167 arbor,
1632 2121 1742 2154 non
1759 2108 1955 2155 faciens
1975 2108 2202 2155 fructum

1281 2178 1488 2235 bonum,
1529 2174 1822 2235 excidetur,
1861 2177 1913 2221 et
1939 2175 1994 2221 in
2020 2174 2202 2233 ignem

1281 2243 1523 2291 mittetur.

1350 2313 1431 2356 10.
1466 2310 1536 2356 Et
1553 2312 1941 2369 interrogabant
1951 2323 2064 2357 eum
2081 2311 2200 2356 tur-

1284 2381 1404 2437 bae,
1437 2378 1687 2425 dicentes:
1721 2377 1854 2432 Quid
1884 2390 2010 2436 ergo
2033 2378 2200 2425 facie-

1283 2446 1426 2492 mue}

1353 2516 1436 2559 11.
1469 2512 1802 2571 Respondens
1829 2516 2026 2571 autem,
2053 2512 2200 2560 diee—

1284 2582 1370 2628 bat
1394 2580 1523 2627 illis:
1563 2580 1694 2634 Qui=
1723 2581 1874 2627 habet
1901 2580 2026 2627 duas
2051 2581 2202 2626 tumi-

1286 2661 1388 2707 eas,
1412 2648 1496 2694 det
1511 2661 1619 2693 uon
1635 2648 1865 2706 habenti;
1879 2651 1932 2695 et
1941 2648 2027 2705 qui
2043 2647 2206 2695 habet

1287 2728 1447 2775 eneas,
1469 2714 1704 2761 similiter
1722 2715 1891 2762 faeiat.

1353 2794 1434 2839 12.
1469 2794 1736 2839 Venerunt
1758 2794 1928 2840 autem
1956 2796 2009 2840 et
2027 2792 2201 2852 publi-

1287 2861 1430 2920 cani,
1458 2862 1516 2907 ut
1533 2860 1937 2919 baptizarentur,
1965 2862 2018 2908 et
2045 2861 2204 2906 dixe—

1285 2930 1407 2975 runt
1450 2928 1514 2974 ad
1547 2928 1716 2975 illum:
1761 2926 2030 2986 Magister!
2076 2927 2204 2985 quid

1285 2995 1565 3045 faeiemuu‘.⁸

1354 3066 1435 3111 13.
1469 3064 1537 3109 At
1553 3062 1642 3110 ille
1659 3061 1794 3110 dixit
1820 3062 1883 3109 ad
1904 3073 2022 3109 eos:
2053 3061 2206 3108 Nihil

1331 3166 1364 3187 Ψ
1381 3158 1474 3197 Act.
1492 3164 1552 3202 19,
1567 3163 1608 3197 4.
1682 3167 1710 3185 ὃ·
1723 3159 1807 3197 Jen.
1825 3162 1890 3202 ⁴0,
1905 3162 1942 3196 3.
2008 3166 2032 3193 :r
2047 3157 2143 3195 Joh.
2162 3162 2204 3200 8,

1283 3210 1343 3245 33.
1357 3210 1417 3245 39.
1466 3212 1484 3231 ⁸
1503 3210 1523 3242 1
1541 3205 1632 3243 Joh.
1649 3210 1689 3249 3,
1709 3210 1767 3244 17.

429 3352 545 3409 Cap.
580 3351 646 3395 11.
711 3358 781 3396 48.
826 3355 1049 3397 ammirati
1080 3360 1210 3407 sunt3
1243 3355 1353 3398 ibid.
1393 3356 1502 3408 quid
1531 3355 1686 3398 fecisti
1717 3355 1847 3397 nobis
1877 3353 2051 3409 (omiss-
2087 3354 2199 3410 aie)-

313 3412 382 3450 50.
417 3408 478 3451 ad
516 3405 638 3451 illos.
699 3412 769 3451 51.
803 3409 1044 3451 discendit.
1103 3414 1172 3453 52.
1206 3410 1434 3466 snpientia
1460 3415 1614 3453 aetate
1644 3413 1692 3452 et
1721 3411 1882 3463 gratia.

2003 3408 2082 3451 111
2162 3414 2184 3452 1

312 3461 513 3506 Itur-eae.
595 3468 637 3506 2.
673 3462 901 3518 Caiapha3
922 3464 1030 3507 ibid.
1058 3466 1244 3509 verbum
1263 3466 1368 3509 Dei.
1433 3468 1477 3507 7.
1508 3466 1742 3508 exieBant.
1803 3470 1844 3509 8.
1876 3469 2031 3520 potest
2057 3437 2207 3509 Deus:

314 3519 356 3559 9·
387 3518 581 3563 fructum
601 3520 769 3577 (omits.
792 3522 981 3571 bouum3
1006 3520 1226 3579 sequitur)
1240 3538 1252 3562 =
1291 3522 1520 3567 exciditur
1537 3528 1586 3567 et
1601 3524 1752 3576 iguem
1770 3525 1968 3567 mittitur
1987 3521 2114 3581 (sic).
