2376 3925
704 175 1063 230 MARCUS.
1136 181 1307 231 CAP.
1347 183 1430 231 1⁰.
1459 185 1543 234 11.

2012 194 2080 246 ¹73

176 249 2086 282 --——---——--—-..-—-.—..-.—-„„—-

183 278 349 334 betis3
380 279 429 324 et
458 278 736 337 baptismo,
766 293 867 336 quo
894 293 993 338 ego
1012 283 1103 328 ba-

180 345 376 404 puzan,
398 345 805 405 baptizabimini3

252 429 338 473 4⁰.
367 427 550 476 sedere
571 431 736 476 autem
754 430 818 476 ad
837 430 1103 478 dexteram

181 508 377 554 meam,
398 495 488 542 vel
506 497 569 542 ad
589 497 868 558 sinistram,
898 512 1005 544 non
1026 502 1104 546 est

181 577 355 610 meum
375 563 499 609 dare
518 565 682 624 vobis,
704 566 794 612 sed
812 567 990 622 quibus
1009 580 1101 625 pa-

182 635 401 676 ratumw
420 632 516 677 est.

252 717 336 760 41.
372 714 445 760 Et
481 715 743 763 audientes
779 717 951 764 decem
979 733 1101 766 coe-

185 784 377 840 perunt
413 781 709 842 indignari³
735 785 797 831 de
828 786 1021 833 Iacobo
1052 789 1105 833 et

184 851 407 896 Joanne.

259 932 341 976 42.
372 932 523 977 Jesus
552 933 721 978 autem
760 947 955 980 vocans
992 949 1101 994 eos,

186 997 265 1044 ait
280 996 404 1044 illis:
419 999 589 1058 Scitis,
603 1000 720 1056 quia
737 999 808 1061 hi,
823 1003 910 1059 qui
919 1002 1103 1049 viden-

186 1069 275 1111 tur
310 1065 588 1124 principari
624 1068 887 1128 gentibus,
938 1069 1102 1116 domi-

183 1135 372 1179 nantur
402 1133 505 1190 eis3
546 1136 597 1180 et
624 1135 883 1194 principes
926 1150 1103 1184 eorum

183 1202 489 1258 potestatem
508 1201 696 1248 habent
713 1203 957 1261 ipsorum.

250 1282 335 1334 43.
363 1285 487 1330 Non
501 1285 571 1332 ita
589 1288 668 1332 est
684 1287 852 1334 autem
870 1288 925 1334 in
936 1289 1101 1350 vobis,

182 1352 273 1400 sed
328 1352 672 1410 quicumquer
715 1355 941 1402 voluerit
991 1359 1103 1404 fieri

188 1420 291 1478 maj
296 1433 375 1480 or,
398 1419 499 1466 erit
516 1423 689 1468 vester
706 1422 964 1482 minister3

250 1507 335 1550 44.
370 1507 425 1551 et
452 1505 751 1564 quicumque
788 1506 1016 1554 voluerit
1044 1509 1100 1554 in

181 1572 334 1619 vobis
354 1573 545 1630 primus
577 1587 717 1634 esse,
750 1574 849 1621 erit
876 1577 1100 1622 omnium

182 1653 388 1687 servus.

250 1709 340 1751 45.
372 1708 501 1754 Nam
521 1708 740 1755 etFilius
758 1709 979 1756 hominis
993 1724 1101 1756 non

182 1773 352 1834 venit,
372 1776 433 1819 ut
446 1775 815 1823 ministraretur
832 1779 907 1834 εἰς
940 1779 1030 1824 sed
1046 1780 1104 1823 ut

178 1841 519 1901 ministraret,
546 1847 595 1892 et
614 1844 758 1891 daret
776 1844 993 1891 animam
1012 1858 1101 1892 su-

182 1923 266 1956 am
283 1909 685 1969 redemptionem
703 1925 798 1971 pro
818 1911 1006 1960 multis.

246 1998 332 2043 46.
368 1995 474 2042 ‘Et
507 1996 724 2043 veniunt
758 1999 791 2043 J
794 1997 966 2044 ericho
984 2012 999 2057 ;
1050 1999 1104 2045 et

181 2063 538 2122 proficiscente
578 2077 639 2110 eo
680 2065 740 2111 de
777 2066 1009 2126 Jericho,
1050 2068 1102 2113 et

184 2132 444 2191 disscipuli
466 2132 577 2190 eJ'us
588 2162 603 2191 ,
626 2134 676 2178 et
692 2133 910 2191 plurima
926 2133 1099 2179 multi-

181 2200 383 2259 tudine,
416 2198 549 2245 filius
572 2200 768 2247 Timaei
785 2200 1099 2247 Bartimaeus

184 2280 383 2327 caecus,
404 2267 615 2314 sedebat
626 2267 779 2325 juxta
796 2268 935 2314 viam
951 2281 1097 2315 men-

184 2335 374 2381 dicans.

250 2403 333 2449 47.
371 2402 475 2455 Qui
494 2417 607 2449 eum
626 2402 866 2463 audisset,
880 2403 1097 2461 quiaJe-

183 2484 269 2517 sus
288 2471 592 2517 Nazarenus
615 2473 708 2531 est,
721 2471 892 2529 coepit
910 2472 1096 2518 clama-

179 2551 241 2584 re
262 2540 314 2584 et
334 2538 531 2585 dicere:
552 2539 693 2600 Jesu,
707 2539 778 2585 fili
787 2538 979 2585 David!
999 2539 1097 2585 mi-

183 2619 362 2653 serere
382 2606 497 2652 mei.

250 2674 336 2718 48.
373 2672 441 2718 Et
459 2673 893 2721 comminabantur
906 2676 955 2722 ei
964 2676 1097 2721 mul-

181 2740 244 2798 ti,
265 2742 325 2786 ut
340 2741 547 2787 taceret.
617 2744 684 2787 At
700 2742 789 2789 ille
808 2743 968 2790 multo
987 2757 1097 2790 ma-

182 2808 264 2867 gis
287 2806 533 2857 clamabat
543 2822 555 2855 :
566 2808 670 2855 Fili
678 2810 845 2857 David
858 2810 869 2857 Ξ
881 2810 1095 2858 misere-

178 2888 238 2922 re
256 2889 376 2923 mer.

248 2950 333 2997 49.
366 2950 439 2998 Et
474 2956 615 2999 stans
651 2955 683 2999 J
686 2967 801 3000 esus
838 2953 1097 3011 praecepit

180 3017 326 3065 illum
348 3021 543 3067 vocari.
578 3020 649 3067 Et
668 3023 856 3067 vocant
874 3034 1095 3079 caecum,

226 3121 261 3141 Φ
276 3114 427 3153 ΜιῑῑῙι.
450 3120 514 3160 25,
542 3120 607 3155 34.
674 3124 704 3143 ὃ·
718 3117 821 3153 Luc.
846 3120 908 3159 22,
926 3118 989 3153 24.
1010 3126 1094 3165 sqq.

176 3169 201 3195 7
218 3161 513 3206 Manilianas.
527 3175 615 3211 sqq.
664 3170 683 3188 ⁸
701 3175 739 3201 v·
757 3166 929 3203 46—52.
948 3163 1095 3201 Matth.

177 3211 241 3249 m,
258 3212 435 3247 29—34.
466 3210 569 3247 Luc.
588 3212 648 3252 18,
667 3212 840 3249 35—43.

1172 283 1398 331 dicentes
1437 287 1509 331 ei:
1546 287 1908 348 Animaequior
1943 297 2081 343 esto!

1172 363 1344 411 surge,
1364 356 1518 399 vocat
1535 353 1608 400 tel

1241 421 1321 464 50.
1369 420 1470 472 Qui
1504 422 1736 479 projecto
1774 429 2112 478 vestimento·

1170 498 1266 532 suo
1287 486 1528 546 exiliens,
1548 491 1691 536 venit
1709 493 1773 538 ad
1789 508 1920 543 eum.

1239 555 1319 600 51.
1354 553 1424 599 Et
1439 557 1758 612 respondens
1781 562 1932 609 Jesus
1952 565 2085 613 dixit

1169 620 1276 667 illi:
1312 621 1446 675 Quid
1464 621 1554 668 tibi
1573 623 1678 683 vis,
1708 627 1923 676 faciam?
1953 634 2082 680 Gae-

1172 702 1260 735 cus
1290 691 1458 735 autem
1487 689 1620 736 dixit
1638 691 1712 737 ei:
1740 694 1990 745 Rabboni!
2025 704 2085 747 ut

1170 756 1388 802 videam.

1242 825 1320 868 52.
1357 826 1506 870 Jesus
1527 829 1694 872 autem
1714 828 1786 874 ait
1805 830 1882 877 illi
1896 834 2081 882 :Vade!

1170 891 1296 936 {ides
1313 893 1400 938 tua
1418 893 1468 938 te
1488 892 1684 940 salvum
1703 897 1842 944 fecit.
1875 900 1948 947 Et
1957 915 2082 948 con-

1170 959 1340 1004 festim
1367 959 1520 1018 vidit,
1559 963 1610 1007 et
1638 968 1943 1020 sequebatur
1972 983 2084 1016 eum

1170 1039 1226 1071 m
1247 1039 1345 1072 via.

1468 1161 1635 1214 CAP.
1689 1165 1782 1216 XI.

1169 1257 1419 1300 Ierusalem
1449 1261 1705 1314 ingreditur
1727 1265 1948 1310 Christus.
2009 1271 2081 1314 De

1170 1313 1260 1355 ficu
1279 1313 1538 1357 maledicta.
1568 1317 1843 1364 venditores
1863 1337 1888 1364 e
1908 1325 2080 1380 templo

1168 1368 1324 1422 ejecti.
1374 1370 1506 1413 Fidei
1525 1374 1749 1417 efficacia.
1811 1377 1980 1422 Christi
2002 1393 2082 1424 au-

1247 1427 1454 1469 ctoritas.
1515 1428 1778 1485 Baptismus
1797 1433 2006 1478 Joannis.

1237 1521 1284 1565 1.
1323 1519 1424 1567 “Et
1460 1536 1570 1568 cum
1614 1528 2083 1586 appropinquarent

1169 1587 1526 1647 lerosolymae
1538 1621 1553 1650 ,
1609 1595 1677 1655 et.
1694 1593 1972 1644 Bethaniae
2019 1599 2082 1643 ad

1167 1657 1393 1700 montem
1429 1656 1692 1704 olivarum
1705 1691 1720 1718 ‚
1767 1663 1919 1708 mittit
1955 1664 2081 1710 duos

1170 1735 1238 1766 ex
1262 1722 1520 1780 discipulis
1541 1725 1664 1783 suis,

1239 1789 1285 1832 2.
1324 1791 1375 1834 et
1393 1789 1464 1834 ait
1478 1790 1612 1837 illis:
1634 1794 1708 1839 Ite
1725 1793 1781 1839 in
1802 1797 2080 1858 castellum,

1170 1854 1306 1912 quod
1325 1859 1504 1901 contra
1521 1871 1618 1903 vos
1639 1861 1732 1918 est,
1745 1863 1796 1906 et
1815 1863 1982 1908 statim
1999 1864 2081 1910 in-

1168 1925 1251 1969 tro
1257 1923 1434 1969 euntes
1445 1922 1584 1984 illuc,
1597 1924 1871 1975 invenietis
1890 1931 2082 1989 pullum

1168 1991 1406 2051 ligatum,
1446 2004 1599 2051 super
1629 2006 1772 2049 quem
1811 2010 1962 2045 nemo
1990 2000 2080 2046 ad-

1167 2059 1266 2105 huc
1281 2058 1541 2106 hominum
1553 2060 1706 2122 sedit3
1721 2064 1908 2113 solvite
1918 2067 2077 2128 illum,

1169 2129 1222 2173 et
1238 2126 1492 2174 adducite!

1235 2196 1283 2240 3.
1319 2194 1388 2241 Et
1432 2195 1478 2242 si
1519 2196 1630 2254 quis
1677 2200 1824 2247 vobis
1865 2202 2077 2251 dixerit:

1171 2261 1301 2316 Quid
1322 2263 1488 2309 facitis
1499 2264 1521 2309 21
1530 2264 1715 2327 Dicite,
1730 2269 1846 2325 quia
1855 2269 2078 2316 Domino

1167 2331 1488 2377 necessarius
1520 2332 1619 2379 est!
1651 2337 1703 2381 et
1740 2336 1984 2384 contiuuo
2013 2338 2078 2383 il-

1166 2396 1271 2443 lum
1291 2396 1506 2445 dimittet
1521 2399 1634 2447 huc.

1233 2466 1282 2510 4.
1311 2464 1380 2511 Et
1389 2467 1630 2514 abeuntes
1642 2467 2078 2529 inveneruntpul-

1165 2531 1271 2578 lum
1288 2532 1498 2591 ligatum
1517 2538 1634 2581 ante
1649 2536 1860 2593 J'anuam
1877 2538 2004 2584 foris
2025 2538 2076 2585 in

1166 2600 1335 2657 bivi03
1359 2602 1410 2647 et
1427 2601 1637 2648 solvunt
1656 2617 1784 2649 eum.

1236 2670 1282 2713 5.
1317 2668 1387 2713 Et
1405 2669 1604 2726 quidam
1624 2670 1686 2716 de
1706 2670 1812 2717 illic
1831 2672 2077 2721 stantibus

1167 2734 1402 2783 dicebant
1436 2736 1566 2783 illis:
1609 2736 1741 2789 Quid
1775 2737 1942 2787 facitis
1969 2742 2077 2789 sol-

1165 2805 1346 2849 ventes
1366 2802 1590 2861 pullum?

1235 2873 1281 2915 6.
1304 2870 1404 2923 Qui
1423 2870 1665 2915 dixerunt
1675 2869 1765 2931 eis,
1779 2872 1910 2921 sicut
1925 2889 2076 2937 prae-

1166 2939 1372 2995 ceperat
1390 2936 1492 2982 illis
1511 2936 1544 2981 J
1546 2948 1661 2983 esus
1673 2969 1688 2999 ,
1711 2943 1761 2986 et
1780 2940 2078 2992 dimiserunt

1166 3018 1257 3051 eis.

1233 3072 1281 3117 7.
1314 3070 1384 3117 Et
1403 3071 1659 3119 duxerunt
1683 3076 1873 3133 pullum
1903 3078 1968 3124 ad
1984 3079 2075 3124 Je-

1210 3174 1232 3193 ⁸
1248 3178 1286 3204 v.
1304 3171 1450 3207 1—10.
1481 3168 1626 3208 Matth.
1644 3174 1705 3214 21,
1724 3176 1866 3210 1-11.
1897 3172 2001 3209 Luc.
2014 3177 2074 3215 19,

1161 3216 1336 3251 29—44.
1367 3208 1458 3254 soh.
1475 3219 1538 3261 12,
1556 3220 1726 3256 12—15.

297 3356 415 3412 Cap.
452 3355 517 3399 X.
572 3360 642 3401 39.
674 3358 733 3401 ba
768 3360 947 3403 tismum
976 3374 1062 3415 quo
1090 3360 1218 3418 (sic).
1285 3368 1356 3407 40.
1391 3347 1626 3418 dextram}
1654 3366 1762 3411 ibid.
1792 3380 1937 3409 meum
1967 3367 2074 3411 dare

178 3414 333 3457 omin.
355 3413 506 3455 vobis·
564 3418 633 3457 45·
663 3428 715 3457 re
751 3416 1006 3459 emtionem·
1062 3421 1133 3461 46.
1167 3418 1455 3474 Hierichum3
1483 3422 1591 3465 ibid.
1619 3436 1672 3465 eo
1701 3422 1943 3473 Hierich03
1963 3420 2072 3466 ibid.

176 3468 459 3514 Bartimeus.
538 3472 607 3512 4¹¹.
647 3469 716 3513 fili
745 3472 895 3515 David
922 3473 1058 3518 Jesus
1088 3474 1314 3520 clamavit.

438 3522 529 3568 xl.
590 3529 630 3568 1.
662 3526 1022 3583 Hierosolymae.
1084 3535 1124 3575 2.
1162 3537 1235 3575 est
1254 3537 1409 3577 contra
1427 3547 1522 3576 vos.

174 3525 316 3568 viam.

1399 3482 1468 3521 ⁵1.
1510 3478 1713 3532 quidvis
1740 3478 1839 3518 tibi.
1927 3481 1994 3521 52.
2027 3479 2074 3523 in

1618 3592 1662 3636 D
