2376 3925
349 203 450 256 ⁸56

352 308 558 365 oportet
606 306 927 353 accedentem
973 307 1036 352 ad
1070 306 1251 363 Deum,

351 375 470 431 quia
488 375 587 432 est,
617 377 668 419 et
696 373 1062 431 inquirentibus
1093 386 1148 419 se
1167 386 1253 418 re-

351 442 646 486 munerator
665 440 744 485 sit.

389 526 398 537 ·
419 508 465 552 ⁴1.
499 507 624 553 Fide
659 508 842 566 Now,
881 518 1128 565 responso
1164 519 1253 552 ac-

353 576 497 630 cepto
519 573 580 619 de
601 573 690 633 iis,
722 587 848 632 quae
868 574 1028 620 adhuc
1046 587 1151 619 non
1171 574 1252 618 vi-

353 641 614 700 debantur,
627 644 855 687 metuens
875 640 1066 698 aptavit
1084 654 1254 686 arcam

349 707 404 753 in
425 706 635 754 salutem
655 708 829 754 domus
849 721 1088 766 suae‚per
1107 720 1254 765 quam

353 774 608 821 damnavit
623 776 917 832 mundum'⁸;
939 777 991 821 et
1004 775 1251 832 Justitiae‚

351 854 480 898 quae
497 855 592 900 per
609 842 754 888 fidem
772 844 865 901 est,
876 842 1054 888 haere
1076 846 1152 888 est
1170 843 1252 888 in-

352 909 569 954 stitutus.

417 978 464 1021 8.
492 976 634 1033 Fide,
654 975 738 1032 qui
753 977 963 1022 vocatur
973 976 1255 1023 Abrabam⁰

350 1041 574 1088 obedivit
606 1042 661 1087 in
697 1041 864 1088 locum
900 1043 1060 1102 exire,
1106 1057 1253 1100 quem

350 1110 646 1166 accepturus
668 1112 778 1155 erat
795 1110 846 1154 in
862 1111 1248 1170 haereditatem3

351 1179 402 1221 et
420 1175 562 1233 exiit,
585 1176 835 1235 nesciens,
858 1192 956 1234 quo
977 1179 1088 1224 iret.

417 1246 463 1287 9.
499 1242 624 1289 Fide
645 1244 929 1290 demoratus
947 1247 1023 1291 est
1041 1247 1094 1290 in
1114 1246 1253 1291 terra

349 1310 778 1370 repromissionis,
791 1314 1040 1368 tamquam
1058 1314 1111 1358 in
1123 1313 1250 1359 alie-

348 1389 415 1422 na
425 1382 474 1434 P,
517 1378 572 1423 in
610 1379 792 1424 casulis
830 1380 1099 1426 habitando
1141 1394 1253 1426 cum

346 1444 488 1489 Isaac
507 1447 559 1490 et
575 1446 732 1491 Jacob
748 1476 762 1503 ,
785 1446 1145 1493 cohaeredibus
1165 1460 1251 1493 re-

347 1502 700 1567 promissionis
722 1512 960 1568 ejusdem.

415 1579 496 1622 1⁰.
533 1577 875 1635 Exspectabat
905 1580 1040 1625 enim
1065 1580 1251 1626 funda-

345 1645 516 1689 menta
542 1645 805 1692 habentem
835 1646 1138 1707 civitatem⁹‚
1160 1662 1251 1695 cu-

342 1711 427 1768 jus
446 1712 632 1758 artifex
651 1715 702 1759 et
721 1714 954 1760 conditor
968 1713 1123 1761 Deus.

414 1780 495 1825 11.
528 1780 653 1827 Fide
665 1785 687 1811 Γ
706 1784 756 1827 et
770 1782 881 1839 ipsa
892 1783 1043 1828 Sara-³
1061 1782 1250 1829 sterilis

347 1846 584 1893 virtutem
610 1848 666 1894 in
694 1849 1080 1907 conceptionem
1097 1850 1251 1897 semi-

346 1913 429 1959 nis
457 1915 676 1975 accepit,
707 1916 857 1962 etiam
882 1921 1084 1976 praeter
1122 1920 1251 1965 tem-

347 1994 440 2038 pus
461 1984 656 2042 aetatis,
668 1985 906 2041 quoniam
923 1986 1116 2032 fidelem
1135 2000 1249 2032 cre-

350 2048 473 2094 didit
492 2063 603 2095 esse
624 2065 752 2108 eum,
771 2052 854 2107 qui
871 2053 1249 2108 repromiserat.

416 2129 496 2174 12.
540 2132 756 2189 Propter
791 2135 922 2188 quod
961 2137 1013 2180 et
1047 2136 1107 2181 ab
1143 2149 1248 2181 uno

351 2196 452 2241 orti
473 2199 589 2242 sunt
609 2199 685 2254 [et
701 2198 798 2244 hoc
818 2201 1099 2259 emortuo‘]
1119 2204 1249 2248 tam-

348 2275 492 2319 quam
513 2263 678 2310 sidera
699 2266 866 2311 coe1i¹⁴
893 2269 946 2313 in
967 2269 1248 2316 multitudi-

347 2343 462 2376 nem
475 2361 489 2388 ,
521 2333 572 2376 et
591 2332 719 2378 sicut
737 2346 920 2392 arena,
942 2350 1068 2392 quae
1091 2340 1167 2384 est
1185 2338 1249 2384 ad

347 2411 486 2443 oram
507 2399 675 2456 maris,
701 2401 1094 2449 innumerabilis.

413 2467 492 2511 13.
528 2467 682 2513 Juxta
709 2468 855 2514 fldem
885 2470 1107 2518 defuncti
1132 2474 1251 2517 sunt

348 2545 522 2579 omnes
551 2535 662 2593 isti,
692 2548 797 2580 non
827 2539 1044 2596 acceptis
1064 2552 1247 2597 repro-

344 2600 666 2648 missionibus
676 2607 718 2660 ν,
766 2603 854 2648 sed
903 2618 932 2649 a
968 2605 1121 2663 longe
1161 2620 1246 2653 eas

345 2667 647 2724 aspicientes
668 2671 718 2714 et
736 2669 1026 2731 salutantes,
1049 2676 1102 2719 et
1121 2687 1247 2719 con-

343 2734 541 2780 fitentes
552 2767 570 2791 ,
591 2737 707 2792 quia
727 2739 984 2796 peregrini
1004 2742 1054 2785 et
1070 2741 1247 2799 bospi-

343 2802 471 2845 tesw
489 2804 606 2848 sunt
623 2816 775 2861 super
793 2807 995 2852 terram.

391 2914 422 2933 ’¹⁸
441 2907 622 2952 Gen.6,8
645 2913 705 2948 14.
753 2919 775 2938 ¹⁸
793 2917 813 2949 1
830 2911 1056 2957 Petnsfm.
1106 2923 1124 2943 ⁰
1144 2916 1246 2955 Gen.

342 2955 408 2995 12,
432 2958 467 2989 1.
485 2957 523 2990 4.
570 2962 593 2988 P
619 2956 718 2992 Gen.
739 2962 808 3002 14,
836 2964 895 2997 13.
922 2965 989 3004 17,
1014 2965 1049 2999 8.
1098 2970 1115 2998 ‘2
1135 2975 1166 2998 c.
1187 2967 1246 3006 12,

343 3001 402 3037 22.
420 3003 459 3042 4,
478 3002 622 3038 8-10.
670 3009 688 3030 7¹
705 3003 818 3042 Rom.
833 3010 873 3050 4,
891 3011 1058 3045 18-21.
1106 3015 1120 3034 ⁰
1141 3009 1245 3046 Gen.

343 3049 404 3088 21,
423 3049 458 3082 2.
523 3048 542 3072 θ
559 3046 678 3084 Rom.
695 3054 744 3092 4,
765 3056 825 3088 19.
891 3061 913 3078 ⁸
931 3055 1033 3090 Gen.
1053 3057 1112 3098 15,
1130 3057 1166 3092 5.
1184 3059 1246 3098 22,

340 3095 400 3128 17.
450 3099 470 3118 υ
486 3103 528 3128 V·
545 3097 605 3131 39.
652 3102 686 3120 ’Ψ
706 3096 806 3132 Gen.
824 3101 885 3142 23,
904 3102 942 3135 4.
959 3102 1022 3142 47,
1041 3105 1076 3138 9.

456 3238 568 3295 Cap.
598 3241 686 3283 XI.
752 3245 792 3285 6.
831 3251 1137 3290 remunerator
1169 3250 1236 3291 fit.

558 202 914 256 EPISTOLA
946 202 1160 254 PAULI
1194 202 1289 252 AD
1324 197 1723 251 HEBRAEOS.
1764 198 1916 250 CAP.
1938 202 2025 250 11.

1388 306 1467 349 14.
1506 302 1605 355 Qui
1624 302 1763 348 enim
1778 303 1903 350 baec
1924 302 2127 365 dicunt,
2162 305 2229 351 si-

1321 372 1437 429 gnifi
1444 372 1557 416 cant
1575 383 1630 415 se
1650 370 1865 426 patriam
1882 370 2165 428 inquirere.

1388 440 1467 483 15.
1502 437 1571 482 Et
1588 437 1632 481 si
1651 436 1851 492 quidem
1870 437 2030 494 ipsius
2048 440 2231 486 memi-

1320 505 1538 563 nissent,
1570 504 1631 549 de
1658 516 1757 560 qua
1786 504 2051 562 exierunt,
2070 506 2230 553 habe·

1324 574 1441 618 bant
1456 572 1628 628 utique
1647 573 1843 629 tempus
1862 574 2176 619 revertendi.

1390 641 1469 684 16.
1505 639 1649 684 Nunc
1668 641 1835 684 autem
1853 640 2119 687 meliorem
2136 655 2227 699 ap-

1320 708 1515 763 petunt,
1536 706 1588 751 id
1607 708 1684 751 est
1696 736 1711 763 ,
1744 706 2036 753 coelestem.
2106 709 2224 754 ldeo

1320 786 1427 818 non
1479 772 1807 820 confunditur
1860 774 2000 820 Deus
2054 776 2225 821 vocari

1318 841 1457 885 Deus
1478 846 1720 898 eorum&
1748 842 1949 899 paravit
1971 842 2109 888 enim
2128 842 2222 888 iuis

1322 908 1591 954 civitatem.

1389 976 1469 1019 17.
1504 974 1629 1020 Fide
1650 973 1832 1021 obtulit
1846 974 2103 1021 Abraham
2120 976 2222 1022 Isa-

1320 1055 1378 1087 ac
1389 1047 1438 1100 θ’,
1460 1055 1572 1088 cum
1589 1044 1891 1097 tentaretur,
1912 1043 1964 1086 et
1984 1043 2223 1101 unigeni-

1318 1110 1421 1153 tum
1444 1109 1707 1166 offerebat,
1728 1109 1810 1166 qui
1828 1114 2123 1166 susceperat
2140 1124 2221 1157 re-

1319 1176 1709 1234 promissiones3

1388 1244 1467 1288 18.
1488 1242 1551 1287 ad
1570 1256 1715 1299 quem
1737 1242 1921 1288 dictum
1938 1244 2035 1289 est:
2050 1244 2224 1301 „Quia

1319 1309 1411 1369 „in
1421 1312 1561 1355 Isaac
1581 1309 1842 1357 vocabitur
1861 1310 1954 1357 tibi
1972 1310 2219 1357 semen‘ss.

1386 1378 1465 1421 19.
1502 1377 1790 1436 Arbitrans,
1822 1377 1941 1433 quia
1961 1380 2013 1424 et
2038 1392 2069 1423 a
2085 1392 2217 1424 mor-

1318 1443 1417 1489 tuis
1446 1445 1691 1491 suscitare
1718 1447 1941 1501 potens«
1960 1447 2041 1491 est
2056 1444 2215 1501 Deus;

1318 1510 1451 1556 unde
1489 1525 1604 1557 eum
1634 1515 1684 1559 et
1716 1512 1771 1557 in
1806 1512 2099 1569 parabolam
2132 1526 2217 1559 ac-

1319 1578 1468 1635 cepit.

1385 1646 1466 1691 20.
1500 1645 1625 1693 Fide
1644 1646 1696 1692 et
1719 1645 1780 1692 de
1809 1646 1999 1692 futuris
2016 1648 2215 1695 benedi·

1318 1712 1395 1759 xit
1412 1714 1552 1759 Isaac
1562 1706 1601 1773 ⁶,
1621 1714 1780 1759 Jacob
1800 1715 1853 1760 et
1869 1714 2027 1759 Esau.

1385 1781 1465 1825 21.
1500 1778 1624 1827 Fide
1660 1782 1816 1827 Jacob
1852 1782 2083 1827 moriens
2117 1783 2214 1828 sin-

1318 1847 1464 1903 gulos
1484 1847 1701 1893 tiliorum
1711 1849 1907 1905 Joseph
1922 1850 2211 1908 benedixitc,

1318 1918 1368 1960 et
1387 1914 1618 1960 adoravit
1634 1916 1891 1974 fastigium
1903 1916 2083 1976 virgae
2098 1918 2213 1976 ejus.

1385 1997 1465 2042 22.
1497 1996 1622 2042 Fide
1649 1990 1883 2054 Josephd
1908 1999 2134 2045 moriens
2158 1999 2213 2044 de

1316 2064 1635 2120 profectione
1662 2065 1883 2110 filiorum
1917 2066 2082 2112 Israel
2114 2081 2214 2112 me-

1317 2133 1538 2177 moratus
1570 2134 1670 2192 est,
1711 2133 1761 2177 et
1795 2131 1857 2178 de
1889 2133 2091 2181 ossibus
2118 2134 2213 2180 suis

1316 2197 1585 2244 mandavit.

1383 2267 1463 2310 23.
1498 2265 1622 2312 Fide
1650 2267 1892 2325 Moyses⁶
1917 2269 2097 2328 natus,
2130 2282 2211 2315 oc-

1316 2332 1530 2378 cultatus
1579 2335 1657 2378 est
1698 2333 1956 2380 mensibus
1994 2336 2153 2382 tribus
2186 2348 2213 2380 a

1316 2400 1605 2456 parentibus
1643 2401 1766 2456 suis,
1806 2415 1867 2446 eo
1898 2402 2036 2457 quod
2064 2402 2213 2448 vidis-

1316 2469 1429 2512 sent
1447 2467 1726 2526 elegantem
1750 2468 1997 2514 infantem
2010 2501 2025 2529 ‚
2048 2473 2100 2516 et
2116 2483 2214 2516 non

1314 2533 1589 2581 timuerunt
1606 2535 1743 2593 regis
1764 2535 1998 2581 edictum.

1380 2602 1461 2646 24.
1497 2602 1620 2648 Fide
1656 2603 1863 2661 Moyses
1902 2603 2111 2660 grandis
2139 2605 2210 2650 fa-

1315 2659 1469 2714 ctusf
1478 2669 1686 2727 negavit
1704 2683 1759 2716 se
1779 2682 1891 2715 esse
1909 2670 2069 2716 filium
2086 2671 2211 2718 filiae

1313 2735 1620 2794 Pharaonis3

1379 2804 1460 2848 25.
1502 2803 1663 2861 magis
1689 2802 1884 2862 eligens
1918 2804 2078 2863 affligi
2109 2818 2213 2852 cum

1359 2926 1387 2945 0
1406 2920 1509 2956 Gen.
1528 2923 1588 2964 26,
1606 2923 1669 2957 24.
1703 2919 1834 2957 Exod.
1849 2923 1897 2963 3,
1915 2923 1953 2957 6.
1990 2921 2134 2959 Manli.
2153 2926 2211 2964 22,

1311 2969 1371 3003 32-
1436 2975 1460 3002 θ’
1480 2967 1582 3003 Gen.
1602 2971 1668 3009 22,
1695 2971 1839 3004 1—10.
1903 2974 1924 2992 ⁸
1943 2968 2045 3005 Gen.
2071 2972 2139 3010 21,
2158 2973 2211 3006 12.

1312 3011 1427 3050 Rom.
1443 3018 1479 3055 9,
1501 3018 1534 3050 7.
1580 3021 1603 3039 α
1618 3013 1738 3049 Rom.
1755 3015 1796 3055 4,
1817 3017 1876 3052 1⁷.
1924 3012 1942 3040 δ
1962 3013 2065 3052 Gen.
2082 3019 2141 3057 27,
2155 3018 2211 3052 27.

1312 3065 1329 3084 Φ·
1348 3059 1449 3094 Gen.
1468 3062 1541 3101 48,
1569 3063 1746 3096 14-20.
1794 3058 1816 3086 ³
1835 3059 1937 3097 Gen.
1956 3065 2029 3103 50,
2045 3063 2112 3098 24.
2132 3072 2211 3108 sqq.

1312 3110 1328 3131 θ
1344 3104 1476 3142 Exod.
1495 3109 1531 3148 2,
1550 3109 1587 3141 2.
1634 3102 1661 3138 Ι
1676 3105 1810 3145 Exod.
1826 3109 1865 3148 2.
1882 3111 1942 3144 11.
1962 3110 2022 3144 12.

1312 3254 1355 3294 7.
1394 3252 1449 3295 de
1481 3252 1568 3296 his.
1644 3258 1685 3297 8.
1723 3254 1969 3296 oboedivit.
2047 3259 2089 3300 9.
2126 3257 2213 3299 fide

345 3301 544 3338 moratus
571 3301 655 3339 est.
726 3301 791 3339 11.
836 3297 974 3342 Sarra
1003 3302 1207 3355 stoi-elin
1236 3304 1340 3350 ibid.
1368 3321 1470 3350 esse
1499 3311 1572 3362 qui
1603 3311 1875 3363 promiserat
1904 3310 2053 3364 (deest
2076 3313 2213 3366 eum).

349 3353 418 3417 ¹²⁶.
449 3355 637 3406 propter
656 3353 774 3404 quod
793 3355 848 3395 ab
870 3369 958 3397 uno
979 3359 1067 3399 orti
1084 3366 1188 3401 sunt
1208 3363 1351 3416 (deest
1366 3365 1451 3417 et).
1513 3369 1579 3406 13.
1610 3378 1747 3419 supra
1766 3370 1949 3408 terram·
2010 3370 2079 3408 15.
2110 3371 2161 3410 et
2177 3369 2212 3409 si

347 3405 525 3471 quidem
556 3405 682 3448 illius
713 3410 1076 3453 memminissent.
1143 3418 1207 3458 16.
1246 3417 1481 3471 adpetunt.
1549 3424 1615 3462 17.
1646 3433 1744 3462 eum
1772 3424 2089 3475 temptaretur.
2151 3425 2211 3466 19.

348 3468 394 3498 et
430 3473 478 3500 ιιι
515 3460 748 3514 parabola.
814 3466 882 3506 22.
912 3465 1100 3510 Israhel.
1168 3475 1237 3514 23.
1268 3473 1442 3526 Mosen
1479 3475 1589 3519 ibid.
1632 3474 1889 3528 eligantem.
1944 3480 2017 3520 24.
2046 3477 2211 3522 Moses.

346 3515 414 3552 25.
446 3515 619 3566 adfligi.
