2376 3925
270 139 336 189 82

275 245 327 288 et
356 237 719 287 convenientia
746 235 1043 282 testimonia
1074 248 1183 280 non

277 309 438 356 erant.

346 377 426 421 57.
460 372 529 419 Et
546 371 746 430 quidam
764 371 1033 433 surgentes
1050 399 1065 428 ,
1084 368 1185 416 fal-

280 456 389 490 sum
401 439 745 487 testimonium
753 438 989 486 ferebant
998 437 1185 484 adver-

278 523 367 556 sus
385 521 516 566 eum,
540 507 791 553 dicentes:

346 579 427 622 58.
464 574 717 628 Quoniam
759 585 857 618 nos
903 569 1185 617 audivimus

280 657 395 692 eum
424 643 698 689 dicentem:
734 640 887 697 Ego?
912 637 1190 684 dissolvam

278 711 521 769 templum
548 710 671 768 hoc,
702 719 853 753 manu
880 706 1073 752 factum
1083 735 1099 764 ,
1138 706 1191 750 et

278 793 373 838 per
408 777 653 834 triduum,
692 773 855 834 aliud,
893 786 1001 819 non
1037 785 1191 819 manu

278 848 485 904 factum,
507 843 799 890 aedificabo.
936 843 941 848 '

348 916 427 960 59.
462 912 531 958 Et
566 923 673 955 non
726 909 836 955 erat
872 906 1191 956 conveniens

278 978 621 1028 testimonium
640 975 860 1023 illorum.

348 1049 430 1092 60.
462 1045 533 1091 Et
551 1056 836 1101 exsurgens
858 1055 1077 1089 summus
1094 1042 1191 1089 Sa-

280 1114 459 1161 cerdos
490 1113 546 1158 in
572 1111 817 1169 medium,
853 1109 1196 1167 interrogavit

280 1185 311 1229 J
314 1195 479 1240 esum,
518 1179 719 1226 dicens:
758 1179 876 1224 Non
911 1176 1193 1235 respondes

282 1248 550 1307 quidquam
568 1247 632 1293 sd
651 1259 728 1307 es,
750 1258 877 1304 quae
896 1244 991 1292 tibi
1009 1243 1193 1302 objici-

280 1319 437 1363 untur
456 1318 517 1362 ab
536 1315 647 1361 his?

350 1385 433 1429 61.
468 1383 561 1428 llle
582 1383 749 1427 autem
766 1382 982 1438 tacebat,
995 1380 1048 1425 et
1063 1377 1194 1424 nihil

281 1450 566 1508 respondit.
622 1449 838 1493 Rursum
858 1458 1077 1492 summus
1098 1446 1194 1492 Sa-

284 1516 466 1565 cerdos
494 1516 845 1572 interrogabat
873 1528 1013 1572 eum,
1044 1514 1097 1559 et
1114 1511 1194 1557 di-

282 1585 365 1633 xit
382 1584 455 1630 ei:
477 1584 556 1629 Tu
576 1594 632 1628 es
652 1581 899 1642 Christus,
916 1580 1080 1626 Filius
1096 1579 1196 1624 Dei

285 1648 563 1700 benedicti!

354 1721 435 1765 62.
456 1720 487 1765 J
491 1731 607 1765 eus
626 1719 795 1764 autem
815 1714 947 1762 dixit
964 1713 1194 1774 illizssgo

284 1801 423 1844 sum3
454 1788 507 1833 et
522 1785 795 1832 videbitis?
823 1783 1010 1830 Filium
1026 1783 1196 1829 homi-

285 1857 367 1902 nis
405 1855 665 1902 sedentem
698 1865 729 1898 a
758 1852 953 1900 dextris
990 1850 1196 1898 virtutis

284 1923 411 1983 Dei,
444 1924 496 1969 et
524 1921 815 1971 venientem
842 1934 955 1968 cum
979 1918 1196 1966 nubibus

288 1990 437 2038 coeli.

354 2058 437 2103 63.
474 2058 704 2103 Summus
732 2056 901 2099 autem
927 2052 1196 2111 Sacerdos,

286 2122 525 2169 scindens
577 2120 882 2168 vestimenta
932 2132 1041 2177 sua,
1096 2119 1196 2165 ait:

288 2188 423 2243 Quid
442 2188 603 2234 adhuc
622 2187 965 2233 desideramus
986 2186 1178 2232 testes?

354 2258 437 2303 64.
510 2254 735 2302 Audistis
812 2253 1196 2311 blasphemiam3

286 2323 407 2383 quid
428 2322 579 2370 vobis
612 2321 846 2369 videtur?
887 2321 987 2374 Qui
1020 2334 1198 2369 omnes

286 2391 803 2448 condemnaverunt⁸,
832 2402 948 2435 eum
975 2402 1091 2435 esse
1107 2401 1198 2435 re-

288 2475 373 2507 um
390 2460 587 2507 mortis.

354 2532 437 2575 65.
470 2527 541 2574 Et
559 2526 841 2583 coeperunt
850 2523 1051 2581 quidam
1070 2535 1198 2570 con-

287 2609 472 2654 spuere
508 2607 651 2652 eum,
697 2594 750 2638 et
768 2590 771 2594 ’
792 2591 969 2637 velare
1015 2591 1200 2639 faciem

288 2664 418 2721 ejus,
442 2665 493 2710 et
512 2659 738 2719 colaphis
761 2672 875 2705 eum
894 2657 1124 2716 caedere,
1147 2660 1201 2703 et

288 2728 457 2775 dicere
488 2730 561 2777 ei:
598 2723 924 2785 prophetiza!
964 2726 1016 2771 et
1044 2724 1199 2771 mini-

288 2795 386 2841 stri
406 2794 565 2852 alapis
584 2811 699 2843 eum
718 2794 1010 2842 caedebant.

360 2864 441 2907 66.
476 2860 571 2908 tEt
605 2877 718 2909 eum
756 2864 891 2909 esset
926 2860 1107 2907 Petrus
1144 2859 1200 2906 in

291 2928 422 2977 atrio
445 2926 706 2986 deorsum,
726 2931 871 2975 venit
894 2941 999 2975 una
1020 2940 1089 2975 ex
1104 2940 1199 2973 an-

294 2995 425 3043 cillis
446 2994 626 3039 summi
648 2996 963 3055 Sacerdotis3

359 3064 439 3109 67.
478 3063 530 3108 et
548 3061 1094 3109 cumvidissetPetrum
1112 3074 1200 3112 cs-

338 3181 355 3208 ff
373 3169 519 3211 Matthe
537 3172 597 3213 m,
615 3172 673 3207 61.
738 3177 758 3197 r
776 3182 810 3207 c·
830 3174 889 3213 1³,
906 3174 967 3209 26·
1022 3178 1038 3197 ,
1054 3170 1199 3210 Matth-

290 3222 352 3263 26,
369 3222 430 3257 66,
477 3220 497 3243 ‘²
514 3227 553 3252 v.
572 3218 739 3255 66—72.
784 3216 932 3253 Matth.
952 3220 1012 3261 95,
1032 3220 1200 3257 69-75.

284 3266 391 3303 Ῑιιιο.
410 3268 471 3307 22,
489 3265 658 3302 ⁵6—62.
674 3261 764 3300 Joh.
782 3266 843 3307 18,
862 3266 1033 3301 14—18.
1045 3266 1201 3303 25—-27,

792 131 1148 184 MARCUS.
1223 130 1394 182 cAP.
1432 131 1516 180 14.
1546 131 1630 182 15.

1252 233 1574 280 letacientem
1603 245 1658 279 se
1673 264 1687 291 ,
1719 234 1980 292 aspiciens.
1998 235 2165 296 illum,

1251 301 1346 347 ait:
1385 300 1455 346 Et
1489 302 1546 346 tu
1583 313 1696 346 cum
1731 301 1762 345 J
1765 314 1854 347 esu
1887 302 2164 350 Nazareno

1251 366 1386 415 eros!

1321 437 1402 480 68.
1421 435 1488 481 At
1504 434 1594 481 ille
1605 435 1833 495 negavit,
1844 433 2018 482 dicens
2032 437 2166 484 :Ne-

1255 516 1352 560 que
1372 502 1498 561 scio,
1518 515 1684 561 neque
1706 503 1852 561 novi,
1874 504 1994 560 quid
2012 504 2168 552 dieas.

1253 570 1323 616 Et
1343 569 1473 616 exiit
1489 571 1629 616 fores
1647 572 1766 616 ente
1777 570 1979 632 atrium,
1992 573 2043 618 et
2053 572 2169 630 gal-

1254 637 1334 684 lus
1353 636 1594 684 cantavit.

1323 707 1404 750 69.
1434 705 1626 750 Rursus
1647 704 1816 751 autem
1836 704 2170 751 cumvidisset

1257 771 1402 818 illum
1426 770 1642 830 ancille,
1670 770 1842 829 coepit
1869 771 2037 818 dicere
2063 773 2169 818 eir-

1259 839 1644 886 cumstantibus:
1686 837 1816 893 Quia
1851 839 1935 886 hic
1969 852 2038 886 ex
2065 839 2168 885 illis

1259 905 1359 954 est!

1329 976 1410 1020 70.
1445 975 1512 1021 At
1560 973 1651 1021 ille
1703 973 1890 1020 iterum
1941 975 2169 1032 negavit.

1259 1041 1329 1088 Et
1345 1044 1464 1100 post
1473 1041 1711 1100 pusillum
1727 1054 1923 1100 rursus,
1936 1041 2021 1098 qui
2032 1042 2170 1088 asta·

1260 1111 1408 1169 bant,
1449 1109 1682 1156 dicebant
1709 1108 1888 1154 Petro:
1925 1109 2058 1154 Vere
2099 1122 2172 1155 ex

1261 1177 1366 1223 illis
1389 1174 1464 1223 es!
1485 1189 1604 1223 nam
1621 1179 1674 1222 et
1691 1175 1949 1222 Galilaea-
1969 1188 2038 1221 es.

1329 1245 1410 1289 71.
1445 1243 1540 1290 Ille
1565 1244 1734 1290 autem
1763 1243 1933 1301 eoepit
1957 1242 2172 1289 anathe-

1260 1311 1522 1371 matizare,
1546 1313 1598 1358 et
1612 1311 1812 1369 jurare:
1844 1310 1976 1364 Quis
1993 1310 2172 1357 nescio

1259 1378 1519 1425 hominem
1535 1379 1704 1438 istum,
1724 1392 1870 1436 quem
1889 1377 2074 1424 dicitis.

1329 1447 1411 1492 72.
1445 1446 1515 1491 Et
1557 1446 1727 1492 statim
1771 1444 1932 1503 gellus
1985 1445 2177 1491 iterum

1263 1512 1504 1560 cantavit.
1572 1512 1643 1558 Et
1659 1510 1950 1559 recordatus
1973 1514 2054 1558 est
2071 1513 2175 1559 Pe-

1261 1583 1369 1626 trus
1391 1580 1565 1639 verbi,
1595 1579 1727 1637 quod
1755 1578 1990 1625 dixerat¹⁴
2008 1579 2061 1624 ei
2079 1581 2177 1626 Je-

1263 1661 1348 1694 sus
1363 1648 1534 1694 :Prius
1547 1661 1694 1705 quam
1711 1645 1869 1706 gallus
1881 1648 2060 1692 cantet
2077 1647 2176 1705 bis,

1262 1718 1344 1763 ter
1361 1729 1442 1762 me
1459 1715 1686 1774 negabis.
1755 1713 1822 1760 Et
1841 1714 2013 1772 coepit
2035 1716 2174 1760 flere.

1547 1894 1717 1947 CAP.
1771 1893 1892 1947 XV.

1264 1994 1401 2038 Jesus
1429 2008 1579 2039 coram
1605 1994 1760 2038 Pilato
1792 2000 2053 2045 accusatus,
2081 1995 2174 2037 Bs-

1263 2050 1432 2094 rsbbse
1459 2053 1596 2095 cedit·
1657 2049 1816 2106 Spinis
1845 2062 2086 2095 coronatus
2115 2050 2177 2093 il-

1265 2105 1442 2149 luditur
1471 2112 1519 2150 et
1537 2108 1825 2161 crucifigitur.
1867 2106 2099 2163 Sepelitur
2117 2108 2177 2149 ab

1449 2160 1654 2219 Josepho
1676 2162 1987 2207 Arimathseo.

1333 2259 1382 2304 1.
1415 2257 1520 2303 Etv
1538 2258 1832 2317 confestim,
1865 2272 2015 2305 mane
2046 2272 2178 2305 con-

1266 2324 1437 2371 silium
1455 2325 1702 2372 facientes
1722 2326 1901 2371 summi
1923 2326 2178 2373 Sacerdo-

1265 2394 1362 2451 tes,
1385 2406 1498 2438 eum
1527 2392 1855 2452 Senioribus,
1888 2395 1940 2439 et
1965 2393 2178 2452 Scribis,

1267 2460 1320 2505 et
1335 2459 1581 2505 universo
1612 2458 1860 2519 concilio,
1889 2460 2181 2507 vincientes

1265 2527 1456 2587 Iesum,
1484 2527 1764 2587 duxerunt,
1794 2529 1845 2574 et
1862 2528 2184 2575 tradiderunt

1266 2593 1451 2640 Pilato.

1333 2662 1365 2705 2
1415 2661 1532 2708 WEt
1547 2661 1892 2721 interrogavit
1913 2677 2028 2709 eum
2039 2662 2182 2709 Pila-

1267 2730 1375 2774 tus:
1416 2729 1495 2774 Tu
1515 2742 1570 2775 es
1601 2730 1715 2776 Rex
1733 2730 2078 2777 ludaeorum?
2111 2732 2184 2776 At

1267 2795 1357 2842 ille
1375 2796 1712 2856 respondens,
1725 2797 1800 2844 ait
1814 2796 1917 2844 illi:
1930 2799 2012 2844 Tu
2033 2797 2181 2843 dicis!

1336 2864 1383 2908 3.
1417 2862 1488 2909 Et
1514 2866 1821 2911 accusabant
1849 2878 1966 2911 eum
2002 2866 2186 2911 summi

1270 2930 1571 2978 Sacerdotes
1593 2931 1648 2977 in
1666 2931 1854 2979 multis.

1333 2999 1384 3044 4.
1403 2998 1596 3045 Pilatus
1607 3001 1778 3045 autem
1795 3012 2000 3045 rursum
2017 3000 2184 3046 inter-

1268 3066 1477 3124 rogavit
1512 3080 1653 3126 eum,
1698 3066 1898 3113 dicens:
1935 3066 2058 3115 Non
2092 3079 2185 3114 re-

1315 3180 1340 3199 a
1355 3184 1395 3210 v·
1412 3177 1474 3211 ως
1539 3180 1562 3200 ν
1577 3174 1722 3212 Μ·ιι11α
1742 3178 1803 3218 2⁷,
1821 3180 1858 3212 1-
1923 3182 1957 3202 w
1973 3186 2015 3214 v·
2031 3178 2190 3214 2-m0

1269 3218 1415 3257 Mntssh
1435 3222 1496 3263 2⁷,
1515 3224 1686 3260 11—310
1708 3220 1813 3259 Luc·
1830 3224 1893 3266 2³,
1909 3224 2058 3261 2—250
2088 3220 2188 3261 ³011·

1270 3268 1331 3308 18,
1351 3270 1467 3304 ³30·-
1480 3272 1540 3312 1⁹,
1558 3270 1619 3307 16·

406 3410 519 3466 Gap.
538 3406 673 3451 XIV.
724 3411 795 3451 61.
826 3406 938 3447 dicit
956 3404 1015 3446 ei.
1055 3406 1123 3446 62.
1156 3420 1184 3450 a
1205 3406 1383 3451 dextris
1401 3407 1637 3451 sedentem
1653 3406 1839 3451 virtutis
1858 3403 2030 3457 (omiss.
2052 3402 2186 3453 Dei)-

298 3470 367 3509 72.
398 3470 445 3508 et
465 3466 619 3509 statim
638 3464 813 3507 iterum.
829 3492 839 3504 ,
870 3458 980 3501 XV.
1008 3462 1052 3501 4.
1083 3462 1324 3518 respondis
1346 3461 1470 3517 (sic).
