2376 3925
250 161 350 214 102
876 142 1158 200 LUCAS.

1231 137 1400 190 CAP.
1439 139 1489 185 7.

252 201 2140 247 -...--.---————--——-—-----—-·

252 264 477 320 audistis,

518 262 567 306 et
593 254 815 304 vidistis:
858 251 987 304 Quia
1015 245 1154 293 caeci
1221 254 1332 287 mus
1353 238 1502 284 vobis
1521 235 1675 293 tibiis,
1687 237 1736 279 et
1753 245 1860 278 non
1877 231 2133 288 saltastis3

251 331 455 388 vident,
478 325 640 373 claudi
659 320 935 376 ambulant,
965 311 1158 373 leprosi
1224 304 1628 360 lamentavimus,
1650 304 1701 347 et
1717 312 1826 346 non
1846 297 2108 357 plorastis.

254 397 583 452 mundantur,
606 389 745 437 surdi
764 386 997 442 audiunt,
1016 393 1157 426 mor-

257 467 331 512 tui
348 461 645 518 resurgunt,
665 465 913 515 pauperes
934 461 1157 505 evange-

260 533 508 585 lizantur;

328 599 407 642 23.
444 597 496 642 et
521 596 695 640 beatus
724 592 825 648 est,
864 585 1159 642 quicumque

262 678 369 710 non
388 661 546 710 fuerit
564 657 927 706 scandalizatus
948 653 1003 696 in
1021 663 1117 694 me.

329 733 409 777 24.
430 729 499 775 Et
510 742 621 775 cum
632 721 981 771 discessissent
997 714 1163 762 nuntii

262 794 672 855 Joannis‚coepit
691 791 751 835 de
770 789 975 834 Ioanne
995 785 1163 830 dicere

259 866 329 912 ad
344 867 541 912 turbas:
565 858 696 913 Quid
717 855 895 902 existis
915 854 971 899 in
990 852 1163 897 deser—

262 938 369 980 tum
404 928 609 976 videre?
644 923 973 972 arundinem&
1008 920 1164 964 vento

264 995 532 1059 agitatam‘.¹

330 1068 411 1110 25.
457 1062 556 1110 Sed
592 1058 709 1118 quid
744 1055 923 1104 existis
961 1050 1167 1099 videre?

264 1132 521 1180 hominem
548 1127 817 1174 mollibunr
852 1117 1168 1168 vestimentis

267 1192 792 1250 indutum‘ssEccelqui
811 1191 865 1236 in
888 1190 1031 1235 veste
1052 1199 1169 1243 pre-

266 1268 401 1313 tiosa
418 1267 535 1311 sunt
554 1265 605 1309 et
623 1259 844 1318 deliciis,
870 1257 924 1303 in
944 1255 1170 1301 domibus

267 1347 447 1394 regum
466 1335 597 1378 sunt.

339 1404 419 1445 26.
457 1398 556 1445 Sed
592 1395 710 1454 quid
746 1391 927 1438 existis
966 1385 1171 1435 videre?

270 1464 597 1525 prophetam?
640 1461 821 1518 Utique
859 1458 970 1503 dico
1010 1453 1172 1510 vobis,

274 1537 325 1580 et
342 1532 453 1591 plus
474 1543 623 1588 quam
641 1521 959 1586 prophetam!

341 1602 420 1645 27.
456 1599 549 1643 Hic
580 1598 679 1652 est,
718 1594 778 1638 de
808 1604 905 1648 quo
937 1589 1177 1645 scriptum

275 1671 375 1715 est:
399 1663 746 1726 „Eccelmitto
768 1658 1003 1716 angelum
1012 1667 1178 1700 meum

276 1737 431 1796 „ante
451 1733 636 1779 faciem
664 1734 825 1786 tuam,
852 1725 938 1784 qui
962 1735 1177 1782 praepa-

276 1803 447 1864 „rabit
466 1801 599 1846 viam
617 1799 752 1844 tuam
770 1795 887 1840 ante
910 1790 1014 1839 te.“
1026 1796 1046 1820 ⁸

344 1873 423 1916 28.
459 1869 586 1914 Dico
627 1865 761 1912 enim
800 1861 972 1908 vobis:
1010 1858 1181 1915 Major

277 1940 409 1985 inter
444 1939 591 1982 natos
628 1933 892 1980 mulierum
935 1926 1183 1986 propheta

279 2008 479 2051 Joanne
513 2002 735 2059 Baptista
770 2009 917 2042 nemo
958 1997 1060 2049 est3
1100 1992 1183 2049 qui

282 2069 474 2117 autem‘
500 2069 668 2113 minor
701 2068 778 2111 est
804 2064 857 2107 in
885 2072 1047 2117 regno
1068 2058 1180 2116 Dei,

280 2137 444 2193 major
466 2135 543 2179 est
558 2132 668 2177 illo.

348 2204 430 2247 29.
464 2200 533 2245 Et
552 2197 714 2244 omnis
734 2194 948 2253 populus
975 2190 1183 2238 audiens

284 2272 335 2317 et
353 2266 659 2327 publicaniu,
667 2259 1184 2321 justificaveruntDe-

283 2351 386 2396 um,
406 2333 644 2393 baptizati
676 2330 917 2387 baptismo
938 2329 968 2372 J
972 2326 1167 2372 oannis.

352 2405 433 2451 30.
469 2399 729 2448 Pharisaei
746 2397 912 2442 autem
926 2426 939 2453 ,
961 2397 1011 2440 et
1029 2393 1185 2451 legis-

286 2472 438 2531 periti
468 2468 735 2516 consilium
760 2463 858 2509 Dei
886 2461 1188 2519 spreverunt

286 2541 341 2586 in
359 2540 520 2586 semet
538 2537 703 2595 ipsos,
734 2545 840 2578 non
869 2528 1108 2587 baptizati
1127 2529 1186 2573 ab

289 2620 369 2654 eo.

356 2676 435 2719 31.
471 2674 557 2719 Ait
593 2670 759 2716 autem
785 2665 1055 2710 Dominus:
1098 2662 1192 2707 Cui

293 2752 415 2797 ergo
437 2740 625 2785 similes
654 2738 813 2783 dicam
842 2731 1071 2777 homines
1100 2742 1191 2786 ge-

293 2806 575 2852 nerationis
604 2803 785 2863 hujus?
826 2803 877 2847 et
903 2798 983 2845 cui
1003 2795 1192 2842 similes

294 2872 443 2919 sunt?

362 2940 442 2985 32.
465 2936 661 2983 Similes
682 2941 798 2982 sunt
814 2934 984 2993 pueris
1010 2931 1192 2979 seden-

294 3009 425 3054 tibus
456 3004 512 3049 in
538 3004 682 3061 foro,
716 3005 767 3047 et
793 3000 1113 3059 loquentibus
1132 2996 1192 3044 ad

1292 375 1371 420 33.
1413 371 1568 417 Venit
1605 368 1738 414 enim
1770 367 1998 412 Joannes
2035 365 2140 410 Ba-

1226 442 1396 501 ptista,
1417 451 1582 495 neque
1603 434 1912 482 manducans
1932 445 2138 490 panem,

1227 521 1388 564 neque
1407 505 1588 553 bibens
1617 503 1825 559 vinum,
1865 503 1917 546 et
1943 500 2136 545 dicitis:

1227 573 1562 621 Daemonium
1580 566 1754 615 habet!

1297 643 1376 687 34.
1412 639 1566 685 Venit
1575 637 1735 682 Filius
1755 635 1976 681 hominis
1995 647 2140 678 man-

1232 712 1444 766 ducam,
1485 707 1536 751 et
1572 704 1776 761 bibens,
1823 705 1877 748 et
1911 701 2141 747 dicitisv:

1231 777 1382 834 Ecce,
1403 775 1556 820 homo
1579 771 1872 827 devorator,
1894 771 1948 814 et
1965 769 2142 814 bibens

1232 845 1402 890 vinum
1417 873 1432 901 ,
1462 839 1650 885 amicus
1679 837 2066 894 publicanorum
2093 839 2147 880 et

1233 904 1577 970 peccatorum!

1303 979 1382 1024 35.
1417 975 1485 1020 Et
1499 973 1770 1031 Justificata
1789 974 1866 1016 est
1893 969 2147 1027 sapientia

1235 1048 1298 1091 ab
1318 1043 1547 1089 omnibus
1567 1041 1682 1086 filiis
1702 1039 1822 1084 suis.

1304 1113 1384 1157 36.
1419 1110 1646 1166 Rogabat
1662 1108 1832 1152 autem
1867 1103 2010 1150 illum
2027 1104 2148 1160 qui-

1239 1178 1349 1224 dam
1369 1178 1430 1222 de
1449 1173 1735 1222 Pharisaeis
1749 1204 1764 1232 ,
1796 1175 1852 1218 ut
1870 1171 2144 1216 manduca-

1235 1250 1316 1292 ret
1343 1258 1456 1290 cum
1482 1243 1590 1288 illo.
1656 1241 1725 1286 Et
1760 1239 2018 1296 ingressus
2047 1237 2140 1283 do-

1237 1327 1372 1358 mum
1391 1308 1652 1356 Pharisaei
1671 1306 1932 1352 discubuit.

1307 1381 1388 1426 37.
1423 1378 1492 1423 Et
1511 1374 1648 1422 ecce!
1667 1373 1863 1430 mulier,
1886 1385 2018 1430 quae
2039 1377 2152 1418 erat

1240 1447 1291 1492 in
1305 1446 1510 1492 civitate
1531 1442 1802 1501 peccatrix,
1814 1442 1869 1483 ut
1878 1439 2149 1496 cognovit,

1243 1512 1377 1572 quod
1408 1510 1721 1557 accubuisset
1749 1508 1800 1552 in
1830 1504 1981 1550 domo
2011 1507 2152 1552 Pha-

1242 1578 1412 1638 risaei,
1426 1577 1592 1624 attulit
1602 1574 1899 1623 alabastrum
1909 1585 2152 1630 unguen-

1246 1647 1311 1706 ti;

1315 1716 1394 1760 38.
1431 1717 1482 1760 et
1501 1716 1638 1758 stans
1668 1714 1806 1756 retro
1828 1721 1976 1754 secus
1995 1708 2150 1765 pedes

1249 1783 1384 1842 eJ'us,
1411 1780 1648 1840 lacrymis
1676 1777 1844 1834 coepit
1870 1776 2042 1833 rigare
2061 1789 2154 1833 pe-

1250 1851 1336 1896 des
1366 1850 1503 1908 eius,
1542 1849 1593 1893 et
1631 1845 1826 1902 capillis
1864 1843 2044 1900 capitis
2075 1843 2156 1888 sui

1248 1919 1504 1975 tergebat,
1555 1919 1605 1959 et
1641 1911 1963 1958 osculabatur
2000 1909 2151 1968 pedes

1251 1986 1379 2044 eJus,
1401 1986 1451 2029 et
1471 1982 1728 2039 unguento
1748 1981 1987 2037 ungebat.

1318 2054 1397 2097 39.
1432 2051 1620 2095 Videns
1651 2050 1815 2094 autem
1833 2046 2155 2103 Pharisaeus,

1251 2119 1336 2177 qui
1356 2119 1632 2163 vocaverat
1651 2128 1788 2173 eum,
1820 2114 1892 2159 ait
1918 2114 2054 2159 intra
2081 2125 2157 2170 se,

1253 2187 1424 2231 dicens
1437 2198 1448 2231 ε
1469 2184 1564 2229 Hic
1577 2184 1620 2229 si
1633 2184 1766 2228 esset
1777 2182 2041 2238 propheta,
2055 2179 2157 2225 sci-

1251 2257 1332 2299 ret
1347 2253 1538 2311 utique,
1553 2263 1679 2307 quae
1700 2252 1752 2295 et
1770 2248 1930 2305 qualis
1951 2250 2029 2293 est
2046 2260 2157 2292 mu-

1251 2322 1374 2379 lier,
1403 2332 1528 2377 quae
1547 2318 1710 2375 tangit
1729 2330 1870 2373 eum3
1901 2314 2020 2372 quia
2037 2328 2161 2373 pec·-

1255 2387 1422 2435 catrix
1442 2389 1532 2432 est.

1320 2456 1401 2500 4⁰.
1436 2454 1504 2499 Et
1520 2451 1834 2509 respondens
1845 2451 1878 2495 J
1879 2462 2016 2508 esus,
2029 2448 2164 2495 dixit

1255 2522 1314 2568 ad
1335 2521 1502 2567 illum:
1525 2517 1722 2565 Simon!
1761 2518 1920 2563 habeo
1954 2516 2047 2562 tibi
2065 2515 2165 2561 ali-

1257 2589 1373 2647 quid
1403 2587 1588 2634 dicere.
1658 2587 1723 2631 At
1750 2584 1837 2630 ille
1863 2584 1956 2630 ait:
1993 2583 2166 2640 Magi-

1257 2654 1382 2703 ster!
1405 2654 1498 2699 dic.

1323 2724 1404 2767 41.
1440 2721 1555 2767 Duo
1591 2720 1846 2766 debitores
1875 2720 2024 2763 erant
2055 2716 2168 2762 cui-

1261 2790 1372 2836 dam
1403 2786 1744 2842 foeneratori3
1783 2798 1915 2831 unus
1954 2785 2169 2831 debebat

1262 2856 1496 2903 denarios
1551 2854 1873 2911 quingentos,
1931 2855 1982 2898 et
2037 2850 2169 2896 alius

1261 2922 1621 2982 quinquaginta
1634 2936 1647 2977 3

1325 2993 1407 3036 42.
1442 3003 1548 3035 non
1576 2986 1874 3033 habentibus
1901 2984 2003 3030 illis
2033 2986 2176 3030 unde

1259 3058 1533 3105 redderent
1550 3086 1566 3114 ,
1647 3053 1856 3099 donavit
1921 3052 2175 3109 utrisque.

1263 3126 1388 3179 Quis
1409 3136 1532 3181 ergo
1553 3135 1666 3167 eum
1685 3120 1796 3179 plus
1817 3118 2015 3175 diligit?

1307 3220 1328 3241 ⁸
1345 3212 1490 3250 Matth.
1509 3216 1547 3255 9,
1564 3216 1624 3248 11.

295 3074 534 3129 invicem,
556 3072 607 3115 et
626 3068 929 3115 dicentibus:
954 3065 1195 3113 cantavi-

341 3184 358 3211 ⁴1
374 3172 480 3223 Eph.
506 3175 547 3213 4,
568 3173 629 3207 14.
692 3176 711 3196 f
727 3168 871 3206 Matth.
897 3173 935 3211 3,
959 3172 997 3206 4.
1062 3174 1078 3193 ⁸
1095 3166 1196 3204 Mal.

291 3227 329 3265 3,
349 3228 384 3259 1.
431 3224 450 3247 f
466 3216 613 3257 muln.
632 3220 691 3259 13,
709 3219 769 3253 17.
817 3222 840 3240 ¹⁸
858 3214 906 3253 cs.
927 3226 961 3250 c.
980 3219 1019 3258 3,
1036 3217 1095 3253 12.
1116 3225 1178 3261 sq.

410 3366 525 3419 Cap.
554 3362 661 3405 VII.
720 3366 791 3403 22.
820 3362 1001 3404 vidistis
1020 3366 1068 3405 et
1086 3363 1293 3405 audistis.
1349 3364 1421 3403 24.
1455 3361 1602 3403 dicere
1623 3360 1679 3401 de
1699 3358 1948 3403 Johanne.;
1965 3355 2080 3398 ibid.
2096 3355 2184 3397 ha-

298 3422 536 3463 rundinem
560 3422 693 3460 vento
720 3418 902 3459 moveri·
979 3420 1048 3458 ΖΠ.
1078 3419 1196 3469 quod
1225 3417 1450 3458 accubuit.
1524 3419 1594 3456 38.
1621 3419 1832 3465 ungento.
1911 3414 1979 3454 39.
2012 3410 2189 3454 mulier

304 3480 440 3518 esset.
499 3478 569 3516 41.
597 3471 715 3516 alius
734 3472 1055 3525 quinquaginta
1068 3472 1235 3523 (omiss.
1255 3476 1336 3523 et).
1359 3474 1429 3513 42.
1463 3469 1633 3520 diliget.
