2376 3925
343 171 442 222 298

345 344 471 389 citus
491 343 564 387 fui
583 341 678 386 hoc
698 340 862 397 ipsum
879 340 1050 384 facere
1060 343 1099 382 q·

413 412 491 454 11.
529 409 653 452 Cum
689 409 855 452 autem
891 405 1114 451 venisset
1149 405 1247 450 Ce-

567 167 920 222 EPISTOLA
957 165 1173 220 PAULI
1208 167 1303 217 AD
1344 163 1683 216 GALATAS.
1724 163 1873 215 CAP.
1896 167 1947 213 2.
1969 165 2021 214 3.

341 241 2239 260 --..-.-.-..-—-—----—--——————-———

341 288 510 321 mores
531 286 769 330 essemus,
797 271 932 328 quod
951 272 1102 316 etiam
1121 270 1245 315 soli»
1314 272 1541 313 mortuus
1580 280 1707 325 sum,
1744 269 1801 312 ut
1834 267 1946 312 Deo
1980 268 2235 324 vivamw;

1318 335 1517 380 Christo
1539 335 1767 380 confixus
1788 347 1895 379 sum
1916 335 2109 380 cruci-².

1382 403 1461 446 2⁰.
1498 401 1627 446 Vivo
1649 402 1947 460 autem,Jam
1966 415 2073 447 non
2094 417 2225 460 ego;

343 478 465 536 phas
479 474 812 532 Antiochiam,
825 474 879 518 in
898 473 1075 518 faciem
1094 472 1141 517 ei
1161 484 1247 516 re-
1318 469 1445 515 vivit
1466 481 1585 514 vero
1607 468 1661 514 in
1679 481 1760 514 me
1781 468 2027 514 Christus.
2074 470 2225 522 Quod

343 543 494 600 stitis,
517 541 634 598 quia
655 540 1067 600 reprehensibilis
1089 540 1213 584 erat.

411 611 490 654 12.
510 610 655 654 Prius
677 609 827 666 enim,
846 621 990 664 quam
1016 607 1250 651 venirent

346 677 546 734 quidam
567 690 597 723 a
614 678 807 722 Jacobo
822 706 836 734 ‚
866 688 978 720 cum
1003 673 1247 719 Gentibus

344 745 577 802 edebat⁸3
619 758 729 790 cum
766 745 932 788 autem
967 740 1248 799 venissent,

345 813 667 858 subtrahebat
685 813 736 856 et
754 810 1054 866 segregabat
1073 821 1127 853 se
1146 839 1159 865 ,
1179 808 1249 852 ti-

345 893 486 924 mens
508 893 623 937 eos,
654 877 739 934 qui
768 889 835 922 ex
865 876 1250 922 circumcisione

345 950 505 993 erant.

413 1015 491 1059 13.
530 1012 598 1056 Et
632 1009 944 1056 simulationi
980 1010 1090 1067 eJus
1124 1023 1250 1055 con-

346 1081 616 1126 senserunt
635 1069 823 1124 caeteri
849 1078 1054 1136 sudaei,
1076 1077 1176 1135 ita,
1198 1080 1253 1122 ut

347 1151 398 1193 et
427 1147 681 1192 Barnabas
714 1145 982 1192 duceretur
998 1147 1071 1191 ab
1105 1145 1178 1190 eis
1200 1145 1251 1190 in

345 1213 485 1260 illam
504 1212 892 1259 simulationem.

412 1284 492 1327 14.
533 1281 632 1327 Sed
670 1294 781 1326 cum
820 1281 1083 1338 vidissem,
1118 1278 1252 1335 quod

345 1362 450 1395 non
470 1351 609 1395 recte
629 1348 944 1394 ambularent
970 1347 1031 1392 ad
1062 1347 1251 1392 verita-

344 1419 445 1462 tem
475 1415 771 1472 Evangelii,
803 1416 910 1462 dixi
939 1414 1138 1471 Cephae
1162 1427 1251 1459 co-

343 1497 452 1528 ram
473 1483 728 1528 omnibus:
752 1482 806 1526 Si
826 1485 906 1540 tu,
935 1496 1043 1527 cum
1064 1482 1253 1526 Judae-

345 1562 404 1594 us
443 1549 530 1606 sis,
570 1547 827 1606 gentiliter
864 1549 1020 1605 vivis,
1061 1551 1112 1594 et
1146 1561 1252 1593 non

341 1616 569 1674 judaice,
612 1616 864 1672 quomodo
893 1615 1080 1662 Gentes
1110 1616 1252 1673 cogis

341 1683 639 1742 Judaizare3

413 1753 493 1797 15.
529 1752 635 1798 Nos
655 1752 836 1798 natura
853 1750 1056 1811 ludaei,
1078 1752 1130 1798 et
1146 1764 1254 1798 non

347 1833 412 1866 ex
434 1819 676 1866 Gentibus
697 1822 1005 1878 peccatores.

415 1889 495 1932 16.
535 1887 767 1933 Scientes
789 1890 970 1945 autem,
995 1887 1127 1943 quod
1146 1900 1252 1932 non

341 1955 645 2013 justificatur
664 1956 815 2001 homo
838 1970 904 2001 ex
921 1955 1157 2012 operibus
1175 1953 1253 2000 le-

348 2022 452 2081 gis,
481 2024 581 2068 nisi
601 2036 693 2079 per
723 2023 867 2068 fidem
886 2024 1008 2066 Jesu
1039 2022 1251 2078 Christi3

348 2091 399 2133 et
417 2103 511 2134 nos
531 2090 584 2133 in
606 2089 803 2133 Christo
835 2089 959 2133 Jesu
986 2088 1251 2145 credimus,

346 2156 404 2199 ut
415 2146 746 2211 justificemur
775 2168 841 2199 ex
861 2154 955 2199 fide
977 2154 1180 2213 Christi,
1204 2158 1256 2200 et

345 2233 452 2265 non
484 2233 550 2265 ex
580 2220 817 2276 operibus
847 2220 1003 2277 legis3
1042 2224 1251 2279 propter

347 2286 479 2344 quod
493 2300 558 2333 ex
575 2287 812 2344 operibus
830 2287 958 2345 legis
979 2300 1084 2333 non
1099 2288 1253 2345 Justi-

346 2354 573 2402 ficabitur
594 2354 756 2400 omnis
778 2368 896 2400 caro
907 2354 939 2400 ff.

415 2425 494 2467 17.
534 2422 680 2476 Quod
712 2423 756 2469 si
784 2425 1082 2479 quaerentes
1099 2424 1253 2481 justi-

345 2490 484 2537 ficari
513 2491 566 2536 in
597 2491 825 2550 Christo,
857 2491 1052 2537 inventi
1083 2505 1251 2537 sumus

347 2559 1252 2617 etipsipeccatores“,numquidchri-

345 2630 453 2671 stus
473 2627 667 2685 peccati
685 2626 916 2671 minister
935 2629 1011 2672 est
1023 2627 1043 2671 ’.ἱ
1056 2626 1250 2672 Absitvl

412 2695 491 2739 18.
538 2695 593 2741 Si
637 2694 797 2751 enim,
838 2706 965 2749 quae
1004 2693 1249 2753 destruxi,

343 2759 527 2805 iterum
554 2761 678 2807 haec
707 2760 945 2818 aedific03
984 2761 1249 2818 praevari-

345 2828 566 2871 catorem
585 2843 664 2875 me
685 2828 956 2875 constituo.

411 2894 490 2937 19.
525 2894 638 2951 Ego
671 2896 804 2941 enim
832 2909 924 2954 per
951 2895 1116 2953 legem
1137 2894 1250 2953 legi

388 2996 406 3022 ι
426 2988 518 3023 Act.
537 2993 596 3030 11,
615 2992 676 3026 29.
708 2994 730 3026 1
751 2991 839 3028 Cor.
859 2995 918 3035 16,
937 2996 971 3029 1.
1002 2995 1027 3027 2
1047 2991 1137 3027 cor.
1155 2994 1195 3033 8,
1213 2995 1248 3028 1.

344 3048 362 3069 s
393 3046 432 3082 q.
478 3041 496 3060 ν
513 3032 604 3070 Aet.
624 3038 684 3077 1⁵,
702 3040 760 3073 39.
810 3044 826 3063 ⁸
843 3038 936 3073 Act.
956 3043 1016 3079 10,
1033 3041 1092 3076 28.
1130 3042 1191 3080 11,
1210 3041 1245 3074 3.

1317 540 1481 582 autem
1501 549 1635 581 nunc
1648 535 1767 580 vivo
1786 537 1844 581 in
1863 549 2016 582 carne
2028 551 2041 593 ;
2053 537 2107 581 in
2128 538 2227 582 fide

1323 604 1439 649 vivo
1458 603 1578 648 Filii
1596 602 1719 661 Dei,
1741 603 1829 659 qui
1850 603 2029 650 dilexit
2044 618 2123 650 me
2136 635 2151 663 ,
2174 609 2229 650 et

1315 670 1519 717 tradidit
1539 670 1694 716 semet
1712 669 1877 727 ipsum
1896 684 1989 728 pro
2009 685 2101 716 me.

1384 739 1465 782 21.
1502 739 1618 783 Νοιι
1645 737 1831 794 abjicio
1864 738 2075 796 gratiam
2107 739 2223 784 Dei.

1319 805 1372 852 Si
1393 805 1527 850 enim
1546 817 1637 862 per
1664 804 1831 862 legem
1845 805 2067 864 justitia,
2096 819 2223 863 ergo

1318 872 1474 930 gratis
1496 871 1722 917 Christus
1740 874 1969 918 mortuus
1989 875 2080 918 est.

1618 1002 1791 1054 CAP.
1828 1004 1917 1055 ΠΙ.

1318 1102 1435 1145 Fide
1453 1103 1502 1144 in
1522 1100 1750 1145 Christum
1768 1104 1891 1146 venit
1908 1103 2094 1158 spiritus
2114 1116 2223 1145 san-

1320 1163 1431 1201 ctus.
1487 1157 1530 1198 A
1551 1156 1868 1202 maledictione
1884 1157 1994 1212 legis
2004 1159 2224 1202 Christus

1318 1229 1400 1257 nos
1418 1212 1647 1256 liberavit.
1698 1213 1815 1256 Nam
1834 1213 1913 1258 lex
1930 1229 2015 1257 non
2034 1223 2225 1270 poterat

1460 1269 1610 1322 justos
1627 1270 1817 1313 reddere
1838 1270 2057 1313 mortales.

1388 1365 1435 1410 1.
1480 1366 1521 1409 Ο
1560 1363 1808 1411 insensati
1844 1364 2069 1412 Galatae!
2106 1367 2220 1422 quis

1319 1445 1413 1477 vos
1434 1431 1702 1478 fascinavit
1719 1445 1826 1478 non
1847 1433 2050 1479 obedire
2084 1435 2220 1479 veri-

1320 1500 1428 1557 tati,
1450 1502 1567 1545 ante
1587 1512 1801 1556 quorum
1831 1501 2049 1546 oculo-y
2072 1502 2218 1546 Jesus

1322 1566 1550 1612 Christus
1570 1567 1911 1626 praescriptus
1937 1571 2031 1629 est,
2055 1569 2106 1613 in
2126 1582 2219 1614 vo·-

1321 1633 1395 1680 bis
1417 1635 1717 1680 crucifixus?

1388 1703 1434 1746 2.
1464 1703 1574 1748 Hoc
1594 1702 1759 1748 solum
1776 1715 1807 1748 a
1826 1703 1971 1749 vobis
2002 1703 2115 1750 volo
2149 1704 2217 1749 di-

1322 1782 1488 1816 scere:
1501 1769 1585 1816 Ex
1598 1770 1834 1829 operibns
1846 1770 1977 1829 legis
1990 1771 2217 1830 Spiritum

1322 1837 1586 1894 accepistis
1597 1843 1638 1895 ⁸,
1660 1851 1724 1883 an
1746 1851 1813 1884 ex
1832 1838 2008 1884 auditu
2030 1839 2171 1884 fidei?

1390 1905 1435 1950 3.
1474 1905 1556 1950 Sic
1576 1905 1717 1951 stulti
1736 1905 1857 1951 estis
1871 1936 1885 1965 ,
1914 1908 1975 1951 ut
1994 1921 2104 1952 cum
2121 1908 2213 1965 spi-

1320 1972 1421 2018 ritu
1442 1974 1737 2033 coeperitis,
1766 1988 1903 2020 nunc
1929 1988 2084 2022 carne
2104 1989 2216 2022 con-

1322 2041 1670 2087 summemini3

1386 2110 1435 2155 4.
1474 2109 1639 2153 Tanta
1666 2108 1802 2167 passi
1830 2110 1951 2155 estis
1980 2110 2091 2157 sine
2110 2124 2215 2157 cau-

1322 2175 1406 2233 sa?
1428 2175 1472 2220 si
1491 2179 1659 2221 tamen
1680 2176 1790 2221 sine
1811 2190 1977 2223 causa.

1391 2245 1435 2287 5.
1476 2242 1574 2295 Qui
1595 2256 1718 2301 ergo
1744 2244 1921 2289 tribuit
1950 2246 2092 2291 vobis
2114 2246 2215 2302 Spi-

1320 2308 1489 2368 ritum,
1504 2311 1556 2355 et
1574 2314 1815 2367 operatur
1828 2312 2039 2358 virtutes
2061 2313 2113 2357 in
2132 2325 2213 2357 vo-

1322 2376 1424 2432 bis;
1448 2391 1513 2422 ex
1534 2378 1772 2433 operibus
1791 2377 1939 2437 legis,
1963 2392 2029 2425 an
2048 2394 2115 2425 ex
2134 2393 2211 2423 au-

1322 2444 1425 2489 ditu
1445 2444 1591 2489 fidei?

1387 2513 1434 2555 6.
1472 2512 1611 2557 Sicut
1630 2511 1869 2569 scriptum
1888 2517 1997 2558 est:
2028 2516 2211 2573 „Abra-

1321 2578 1469 2637 „bam
1493 2579 1704 2624 credidit
1722 2579 1853 2638 Deo,
1874 2582 1925 2626 et
1942 2584 2209 2640 reputatum

1320 2648 1436 2704 „est
1452 2646 1530 2691 illi
1548 2646 1610 2691 ad
1624 2647 1909 2703 justitiam“
1920 2654 1962 2692 ⁰.

1386 2714 1432 2758 7.
1471 2714 1777 2771 cognoscite
1798 2728 1951 2773 ergo,
1974 2716 2092 2772 quia
2106 2747 2119 2773 ,
2139 2712 2209 2770 qui

1319 2794 1387 2826 ex
1405 2779 1499 2825 fide
1519 2783 1653 2838 sunt,
1674 2781 1712 2826 ii
1732 2785 1850 2826 sunt
1866 2782 1956 2829 filii
1975 2784 2205 2829 Abrabae-

1385 2848 1431 2893 8.
1469 2847 1750 2893 Providens
1770 2852 1935 2895 autem
1947 2850 2205 2907 Scriptura,

1318 2915 1435 2971 quia
1447 2928 1513 2962 ex
1522 2914 1617 2962 fide
1625 2915 1863 2972 justificat
1875 2916 2204 2969 GentesDeus,

1360 3032 1637 3076 «cunensem.
1674 3037 1824 3077 7,4.6.
1869 3040 2094 3079 =c.5‚24.
2142 3043 2205 3069 m„

340 3085 360 3107 θ
416 3092 494 3117 om.
511 3084 549 3124 3,
567 3083 627 3118 28.
675 3089 698 3107 ¹⁶
713 3082 830 3120 Rom.
847 3087 885 3127 3,
903 3089 942 3121 9.
991 3092 1012 3111 ⁰
1027 3084 1144 3122 Rom.
1161 3086 1245 3127 6,1.
1312 3083 1350 3125 5,
1368 3085 1406 3118 7-
1453 3086 1474 3105 ὃ
1488 3078 1581 3117 Act.
1598 3082 1644 3123 2,
1669 3084 1731 3119 38.
1778 3088 1800 3106 ·
1820 3080 1923 3117 Gen.
1951 3086 2020 3125 1⁵,
2045 3086 2079 3120 6.
2103 3082 2204 3117 Rom.

346 3138 429 3175 sqq.

1312 3131 1353 3171 4,
1373 3131 1412 3166 3.

457 3277 568 3329 Cap.
599 3276 662 3317 ΙΙ.
734 3281 799 3318 12.
829 3277 886 3316 ab
913 3277 1098 3318 Jacobo.
1166 3281 1234 3319 13.
1266 3278 1315 3318 in
1342 3273 1427 3318 illa
1452 3273 1754 3317 simulatione.
1814 3279 1881 3317 14.
1910 3276 2139 3333 gentiliter
2162 3282 2197 3314 et

341 3347 428 3374 non
444 3334 627 3384 judaice
657 3331 784 3373 vivis.
847 3336 912 3372 18.
945 3331 1057 3373 haec
1082 3334 1241 3374 iterum
1273 3331 1526 3374 reaedifico.
1585 3335 1651 3373 20.
1683 3333 1806 3373 vivet
1830 3345 1952 3373 vero.
2014 3336 2077 3374 21.
2106 3342 2201 3380 ergo

345 3388 550 3428 Christus
579 3388 732 3438 gratis.
863 3386 949 3427 ΠΙ.
1027 3390 1065 3426 1.

1117 3388 1299 3428 veritati
1330 3399 1417 3427 non
1446 3387 1657 3436 obedire3
1688 3386 1795 3430 ibid.
1828 3390 1984 3431 demut
2009 3388 2139 3431 verba
2163 3384 2203 3425 in

345 3443 487 3482 vobis.
547 3446 587 3482 2.
628 3441 725 3482 volo
755 3451 782 3480 a
809 3441 950 3480 vobis.
1019 3444 1061 3481 3.
1105 3442 1487 3485 consummamini.
1555 3445 1595 3485 6.
1637 3442 1812 3487 Desunt
1837 3445 1976 3486 verba
2003 3444 2201 3497 scriptun

345 3499 439 3542 est;
458 3495 562 3538 ibid.
585 3500 655 3538 est
673 3497 717 3538 ei
737 3495 796 3536 ad
810 3494 1054 3547 justitiam.

2314 3084 2317 3166 t
