2376 3925
271 177 390 222 xv1
683 171 1231 218 coMMENTATlo
1288 171 1703 219 ISAGOGICA.

270 314 402 360 rant
438 305 630 360 decem
644 341 662 371 ‚
708 311 766 356 et
805 309 936 356 octo
973 302 1127 356 inter
1161 304 1454 376 episcopos
1496 311 1555 357 et
1588 301 1934 373 cardinales,
1986 305 2140 360 inter

269 406 410 464 quos
450 386 562 442 fuit
586 384 862 439 Vener-ab.
891 383 1229 440 Patriarcha
1253 381 1524 460 Aquezon
1560 377 1695 460 (int.
1722 384 2137 464 Aquilejensis)

271 488 402 525 cum
426 470 698 524 comitatu
712 464 862 522 Cleri
870 486 1063 522 corum
1081 476 1144 522 et·
1159 468 1402 522 aliorum
1421 468 1695 523 bonorum
1709 470 1966 524 virorum
1984 469 2137 526 etc.“

269 550 410 608 Post
449 551 932 606 enumerationem
972 551 1345 624 reliquiarum
1386 550 1779 626 subjungitur:
1840 547 1963 621 „Et
1994 568 2139 604 non-

271 635 455 690 nullas
500 635 642 690 alias
680 631 1283 689 honorificentissimas
1323 640 1381 688 et
1418 632 1841 688 colendissimas
1868 633 2140 707 reliquias

271 715 628 774 infinitorum
658 733 801 788 pene
829 712 1201 786 Sanctorum,
1241 733 1385 790 quae
1421 733 1639 771 summa
1676 733 1804 770 cum
1836 713 2139 771 affectione

269 801 334 853 in
359 802 604 856 armario
642 799 755 852 loci
793 814 1114 868 sacrorum,
1158 800 1281 854 sive
1318 800 1583 854 sacristia
1620 797 1949 854 reconditae
1984 807 2138 868 sunt,

270 899 374 938 nee
401 901 510 939 non
543 879 716 937 Vetus
742 876 1067 956 Novumque
1105 877 1566 949 Testamentum,
1602 897 1702 937 seu
1730 880 1961 937 bibliam
1988 883 2139 936 scri-

259 972 432 1040 ptam
460 961 719 1018 manibus
743 961 1066 1018 beatissimi
1079 964 1391 1042 pontificis
1422 961 1751 1042 Gregorii.“

393 1043 508 1101 Hic
538 1049 704 1118 juvat
738 1046 1092 1116 meminisse,
1123 1048 1390 1103 volumen
1426 1046 1725 1118 biblicum,
1767 1057 2007 1121 quatuor
2044 1049 2136 1102 in-

268 1130 469 1202 primis
505 1128 962 1203 evangeliorum,
1005 1130 1075 1184 ab
1115 1131 1529 1204 antiquissimis
1564 1130 1838 1184 ecclesiae
1864 1133 2135 1203 tempori-

269 1211 373 1266 bus
399 1212 550 1266 inter
575 1228 738 1266 sacra
761 1205 986 1281 κειμήλια
1013 1211 1194 1268 fuisse
1222 1220 1539 1281 servatum,
1568 1219 1647 1281 et,
1673 1210 1835 1267 finita
1863 1210 2137 1286 Episcopi

269 1293 341 1348 ad
363 1295 632 1368 populum
657 1295 924 1364 lectione,
954 1296 1144 1371 sigillo
1175 1313 1337 1350 cereo
1364 1296 1661 1350 munitum.
1723 1292 1788 1349 Id
1813 1294 1960 1370 quod
1984 1293 2137 1352 haud

269 1376 438 1431 dubie
463 1377 678 1432 factum
705 1386 792 1432 est
817 1378 1140 1434 imitatione
1163 1378 1339 1433 moris
1362 1377 1611 1451 judaici,
1651 1396 1724 1432 ex
1751 1396 1861 1453 quo
1888 1379 1982 1432 lex
2009 1375 2136 1432 Μο-
2210 1431 2213 1436 .

267 1460 424 1514 saica
447 1456 835 1516 Pentateucho
865 1462 1078 1534 scripta
1107 1453 1310 1538 (rrz'in)
1340 1462 1401 1514 in
1425 1461 1594 1515 altari
1621 1477 1947 1536 synagogae
1972 1463 2135 1534 quasi

265 1543 394 1596 loco
436 1549 798 1598 sacrosancto
855 1542 1021 1598 condi
1067 1544 1213 1598 solet
1255 1542 1535 1617 hodieque
1582 1542 1858 1597 conditur.
1944 1540 2133 1597 Tanto

267 1625 446 1699 igitur
469 1623 685 1680 honore
713 1624 892 1681 codex
920 1634 1007 1681 est
1027 1623 1276 1696 habitus,
1303 1633 1367 1680 ut
1395 1626 1457 1678 in
1485 1625 1912 1679 consecratione
1940 1626 2133 1697 templi

267 1706 465 1763 eodem
491 1725 618 1763 cum
643 1709 902 1782 reliquiis
930 1709 1108 1765 sacris
1138 1710 1267 1764 loco
1294 1715 1513 1764 secreto
1539 1716 1859 1781 poneretur.

392 1787 685 1865 Superest,
712 1799 777 1846 ut
803 1790 870 1846 de
895 1789 1072 1848 Petro
1099 1787 1351 1856 Αόὂατο,
1380 1808 1415 1845 a
1440 1787 1841 1868 Langobardis
1871 1790 2134 1860 oriundo,

267 1875 365 1948 qui
391 1891 550 1929 eraso
577 1875 807 1929 nomine
831 1873 1149 1940 Servandi‚
1193 1892 1357 1930 suum
1392 1875 1453 1930 in
1494 1874 1900 1947 epigrammate
1926 1889 2135 1927 nomen

263 1953 418 2012 hunc
445 1958 506 2012 in
531 1957 757 2014 modum
787 1957 1107 2015 substituit:

389 2037 599 2095 Petrus
644 2038 1154 2115 Langobardorum
1217 2039 1493 2095 extremis
1556 2038 1626 2093 de
1666 2036 1890 2107 finibus
1954 2038 2135 2095 abbas

268 2122 560 2190 dicantur,
600 2137 744 2195 quae
782 2121 1089 2175 memoriae
1127 2120 1394 2176 mandata
1418 2128 1565 2175 sunt.
1650 2118 1757 2175 Vir
1782 2121 1893 2176 fuit
1924 2138 2137 2195 magna

268 2204 607 2258 auctoritate
635 2202 780 2276 apud
801 2204 1106 2277 principes,
1136 2212 1195 2259 et
1224 2203 1475 2259 codicem
1502 2211 1756 2258 nostrum
1784 2204 2132 2258 monasterio

267 2304 367 2339 suo
395 2287 771 2359 comparavit,
809 2286 1002 2341 multis
1039 2286 1283 2341 forsitan
1306 2286 1568 2341 nummis.
1652 2283 1968 2360 Privilegia
1989 2287 2133 2341 item

264 2385 381 2423 non
415 2385 596 2442 pauca
629 2368 970 2443 adsequatus
996 2376 1117 2439 est,
1152 2377 1220 2424 ut
1254 2387 1289 2424 a
1318 2366 1577 2424 Gnidone
1606 2366 1742 2441 Imp.
1772 2385 1822 2421 a.
1854 2368 1973 2422 892
2009 2384 2133 2423 am-

264 2452 579 2523 plissimum
617 2451 860 2525 diploma
894 2469 997 2525 pro
1039 2450 1470 2507 confirmatione
1496 2452 1749 2505 omnium
1772 2450 2043 2507 bonorum
2071 2459 2134 2505 et

261 2536 478 2606 jurium
525 2535 888 2603 monasterii,
935 2541 1001 2589 ut
1041 2534 1108 2590 ab
1154 2529 1456 2610 Arnulpho
1491 2529 1627 2607 Imp.
1670 2551 1721 2588 a.
1760 2532 1877 2587 896
1933 2540 2133 2589 eontra

263 2617 473 2687 laicos,
525 2619 623 2693 qui
666 2615 992 2690 opulentum
1028 2617 1434 2690 patrimonium
1487 2614 1745 2671 coenobii
1781 2615 2131 2686 invaserant,

263 2706 331 2753 ut
357 2716 391 2752 a
411 2696 766 2763 Christiano,
793 2700 1054 2772 episcopo
1073 2696 1328 2769 Clusino,
1356 2716 1405 2753 a.
1436 2697 1551 2754 911
1584 2696 2133 2771 indulgenteAbbati

267 2780 512 2835 decimas
531 2800 723 2838 omnes
751 2778 830 2863 ¹).
869 2779 1026 2856 Ergo
1045 2782 1287 2836 multum
1310 2782 1570 2851 interest,
1590 2788 1655 2835 ut
1682 2780 1999 2856 distinguas
2029 2781 2131 2835 do-

263 2870 524 2917 natorem
557 2866 769 2921 codicis
805 2869 1038 2940 eJusque
1072 2864 1537 2936 interpolatorem
1574 2860 1817 2920 Petrum
1850 2860 2129 2919 Abbatem

264 2944 614 3000 Amiatinum
640 2950 864 3004 saeculo
892 2944 1000 3003 IX.
1029 2954 1088 3001 et
1115 2943 1195 3001 X.
1224 2943 1523 3000 florentem
1550 2964 1585 3001 a
1608 2946 1886 3018 scriptore
1924 2955 1984 3000 et
2024 2964 2127 3001 au-

268 3037 424 3083 ctore
449 3026 750 3086 Servando
786 3027 1008 3086 Abbate
1047 3028 1307 3085 coenobii
1353 3028 1643 3084 inferioris
1670 3026 1868 3082 Italiae
1909 3028 2124 3083 ordinis

263 3107 580 3181 Benedicti,
596 3110 823 3166 homine
851 3113 1074 3167 saeculo
1094 3110 1191 3167 Vl.
1223 3121 1281 3167 et
1304 3109 1590 3186 Gregorio
1609 3108 1687 3165 M.
1704 3111 1943 3185 aequali.
1999 3110 2123 3174 Quo

265 3202 459 3249 autem
499 3193 664 3248 modo
699 3192 914 3249 Petrus
948 3191 1134 3249 Abbas
1175 3197 1237 3251 in
1283 3195 1696 3269 possessionem
1734 3193 1946 3248 codicis
1984 3190 2123 3249 Ser-

259 3463 278 3509 1
398 3398 547 3509 muys.
587 3398 918 3508 pssfrimem
961 3400 1151 3455 partem
1185 3398 1428 3446 historiae
1468 3398 1701 3445 coenobii
1730 3398 1857 3456 apud
1889 3398 2127 3442 BANDIM

283 3477 426 3521 ,εκ-ρ,
553 3488 622 3499 --
730 3497 742 3508 .
