2376 3925
402 265 449 308 2.
486 265 565 308 An
583 263 806 319 nescitis,
821 262 1056 318 quoniam
1077 259 1240 305 sancti

337 329 400 376 de
419 330 517 376 hoc
534 328 719 375 mundo
731 334 750 357 ⁸
766 328 1090 386 J‘udicabunt3
1108 327 1178 372 Et
1196 326 1240 371 si

337 397 394 442 in
414 396 556 442 vobis
573 395 878 453 iudicabitur
895 395 1108 440 mundus
1121 425 1134 451 ,
1155 394 1238 439 in·-

339 463 477 521 digni
497 463 646 522 estis,
675 463 762 520 qui
781 462 841 510 de
859 463 1076 508 minimis
1100 461 1240 517 judi-

339 531 462 576 cetis
475 529 498 574 1

407 598 452 642 3.
489 596 734 656 Nescitis,
763 596 998 654 quoniam
1027 593 1239 652 angelos

334 663 698 722 iudicabimus?
727 665 916 721 quanto
941 661 1098 720 magis
1125 674 1240 707 sae-

341 731 566 778 colaria?

407 802 454 844 4.
493 797 781 845 saecularia
809 796 964 854 igitur
987 795 1178 852 „iudicia
1198 796 1242 842 si

341 864 640 920 habueritis3
689 863 1116 922 contemptibiles,
1155 864 1243 919 qui

340 935 458 978 sunt
475 933 528 977 in
545 930 792 990 Ecclesia,
812 929 930 975 illos
949 930 1241 977 constituite

342 1000 404 1045 ad
418 998 755 1057 iudicandum.

407 1069 454 1111 5.
487 1065 565 1111 Ad
618 1063 972 1111 verecundiam
1022 1068 1243 1110 vestram

341 1133 478 1179 dico:
517 1132 602 1178 Sic
629 1145 736 1177 non
765 1133 844 1177 est
870 1131 1004 1178 inter
1029 1145 1124 1177 vos
1156 1145 1242 1177 sa-

337 1200 484 1258 piens
503 1200 787 1258 quisquam,
817 1199 901 1256 qui
927 1199 1090 1256 possit
1103 1199 1241 1257 judi-

341 1281 456 1315 care
481 1267 614 1313 inter
632 1268 840 1312 fratrem
859 1267 1033 1312 suum?

405 1338 452 1380 6.
492 1335 592 1381 Sed
611 1336 768 1380 frater
787 1347 899 1380 cum
917 1335 1076 1379 fratre
1103 1333 1241 1390 J'udi-

339 1403 418 1448 cio
438 1401 714 1460 contendit,
729 1403 780 1446 et
799 1400 894 1446 hoc
913 1400 1044 1458 apud
1061 1401 1241 1446 infide-

336 1469 444 1514 les?

403 1535 450 1579 ⁶1.
485 1535 600 1579 Jam
633 1532 830 1590 quidem
869 1534 1076 1578 omnino
1112 1533 1240 1579 deli-

337 1605 470 1648 ctum
499 1602 578 1648 est
601 1601 656 1645 in
685 1599 855 1659 vobis,
893 1600 1028 1657 quod
1050 1599 1241 1658 judicia

338 1668 532 1716 habetis
576 1668 711 1714 inter
745 1679 856 1713 vos.
927 1667 1095 1720 Quare
1133 1681 1241 1714 non

335 1737 496 1794 magis
514 1735 754 1793 injuriam
771 1735 996 1792 accipitis
1007 1735 1025 1764 ⁸
1033 1737 1055 1780 ’ἕ
1081 1749 1239 1792 quare

335 1818 442 1851 non
467 1804 626 1862 magis
645 1803 871 1850 fraudem
885 1803 1149 1860 patimini?

404 1875 450 1918 8.
489 1871 588 1919 sed
608 1883 698 1916 vos
719 1871 958 1928 injuriam
975 1872 1140 1918 facitis
1153 1902 1167 1930 ,
1190 1873 1241 1918 et

338 1939 607 1996 fraudatis3
631 1940 682 1985 et
697 1939 796 1985 hoc
815 1939 1069 1985 fratribus.

405 2010 450 2051 9.
484 2008 566 2051 An
583 2005 790 2051 nescitis
803 2035 818 2062 ,
839 2006 956 2061 quia
975 2006 1133 2061 iniqui
1151 2019 1239 2051 re-

337 2086 486 2130 gnum
507 2071 604 2116 Dei
622 2083 727 2116 non
745 2072 1104 2127 possidebunt?
1129 2073 1239 2118 No-

334 2138 424 2183 lite
445 2135 824 2191 errare!Neque
843 2136 1122 2196 fornicarii,
1143 2152 1238 2185 ne-

336 2218 432 2261 que
451 2202 600 2249 idolis
611 2203 910 2262 servientes,
919 2216 1084 2261 neque
1093 2205 1239 2251 adul-

335 2271 450 2329 teri,

403 2340 483 2383 10.
519 2349 682 2394 neque
709 2335 917 2397 molles,
945 2350 1109 2395 neque
1128 2352 1239 2385 ma-

339 2407 594 2454 sculorum
627 2405 1033 2464 concubitoresu,
1071 2420 1239 2464 neque

337 2477 492 2533 fures,
506 2486 668 2529 neque
681 2473 839 2532 avari,
852 2486 1016 2530 neque
1028 2474 1235 2534 ebriosi,

335 2556 497 2599 neque
525 2540 783 2598 maledici,
815 2554 978 2597 neque
1007 2554 1237 2601 rapaces,

333 2606 1018 2730 regigemElgeiggsgsgisfflxg.
1039 2675 1205 2721 fuistis
1220 2690 1233 2733 ;

336 2742 424 2785 sed
451 2740 606 2787 abluti
633 2742 778 2799 estis,
817 2741 905 2787 sed
941 2742 1237 2788 sanctificati

337 2806 483 2865 estis,
514 2808 602 2854 sed
623 2808 880 2865 justificati
905 2808 1025 2854 estis
1055 2808 1109 2854 in
1136 2822 1235 2854 no-

333 2874 470 2919 mine
490 2874 692 2920 Domini
711 2876 874 2921 nostri
887 2877 919 2921 J
921 2889 1011 2921 esu
1029 2876 1233 2936 Christi,

338 2940 458 2987 etin
479 2940 670 2997 Spiritu
683 2942 782 2989 Dei
799 2943 978 2989 nostri.

404 3008 483 3051 12.
529 3007 707 3053 Omnia
750 3011 872 3057 mihi
919 3011 1100 3069 licent,
1145 3010 1236 3055 sed

383 3132 397 3151 ⁸
415 3123 560 3161 Matth.
589 3128 652 3165 19,
680 3128 737 3161 27.
768 3138 851 3173 sqq.
898 3128 1076 3165 ‘Mamm
1104 3130 1148 3170 5,
1173 3130 1234 3166 39.

337 3180 360 3197 ¹·
375 3172 490 3208 Rom.
511 3175 546 3212 1,
565 3172 624 3205 26,
646 3181 730 3217 sqq.

570 159 796 212 EPIST.
832 159 1048 211 PAULI
1082 159 1178 208 AD
1216 154 1659 208 CORINTHIOS
1694 155 1735 205 1.
1775 157 1926 207 GAP.
1950 156 1999 207 6.
2020 159 2070 208 7.

1305 271 1408 304 uon
1422 258 1590 304 omnia
1608 258 1908 316 expediunt3
1922 262 2092 306 omnia
2108 264 2195 306 mi-

1308 326 1357 370 hi
1374 325 1554 382 licent,
1576 325 1665 370 sed
1684 338 1780 383 ego
1801 327 1891 372 sub
1912 327 2099 374 nullius
2118 343 2197 374 re·

1308 392 1449 449 digar
1466 393 1734 448 potestate.

1372 461 1451 504 13.
1462 459 1595 504 Esca
1606 459 1791 517 ventri,
1803 460 1857 505 et
1864 462 2041 506 venter
2052 463 2194 520 escis;

1306 526 1441 572 Deus
1470 528 1637 572 autem
1666 527 1717 572 et
1742 526 1876 572 hunc
1910 529 1965 572 et
2002 527 2085 574 has
2116 530 2197 575 de-

1307 593 1493 650 struet3
1523 606 1706 650 corpus
1735 595 1904 640 autem
1922 606 2026 640 non
2044 596 2198 641 forni-

1308 659 1513 718 cationi,
1534 659 1623 706 sed
1632 660 1853 706 Domino
1869 675 1884 718 ς
1906 664 1959 707 et
1968 663 2197 708 Dominus

1308 723 1529 784 corpori.

1374 796 1454 839 14.
1464 794 1601 840 Deus
1616 807 1740 840 vero
1754 796 1806 840 et
1813 793 2084 842 Dominum
2094 811 2195 843 sus-

1308 860 1505 918 citavit3
1528 864 1579 907 et
1596 875 1693 907 nos
1712 862 1976 910 suscitabit
1992 878 2081 922 per
2101 866 2195 911 vir-

1306 930 1463 974 tutem
1482 941 1636 974 suam.

1374 997 1455 1040 15.
1489 995 1724 1055 Nescitis,
1737 997 1971 1053 quoniam
1990 1012 2197 1057 corpora

1309 1065 1479 1108 vestra
1496 1065 1715 1108 membra
1729 1067 1845 1109 sunt
1856 1064 2067 1111 Christi?
2081 1068 2203 1113 Tol·-

1306 1129 1419 1176 lens
1440 1143 1561 1188 ergo
1581 1133 1802 1176 membra
1812 1131 2010 1190 Christi,
2024 1135 2201 1181 faciam

1307 1199 1527 1242 membra
1544 1197 1857 1244 meretricis?
1874 1198 2034 1244 Absit!

1376 1265 1455 1309 16.
1491 1265 1570 1309 An
1588 1265 1823 1322 nescitis,
1845 1266 2096 1325 quoniam,
2114 1269 2201 1324 qui

1308 1330 1547 1377 adhaeret
1564 1331 1837 1389 meretrici,
1854 1346 2007 1379 unum
2024 1347 2198 1392 corpus

1309 1398 1549 1444 efficitur.²
1588 1399 1791 1457 „Erunt
1826 1399 1963 1446 enim
2001 1399 2197 1460 (inquit)

1308 1465 1445 1524 „duo
1467 1465 1520 1510 in
1541 1479 1693 1511 carne
1712 1465 1851 1511 una“
1864 1472 1901 1510 Ρ.

1374 1533 1455 1576 17.
1493 1532 1592 1585 Qui
1603 1534 1769 1578 autem
1780 1532 2027 1580 adhaeret
2035 1535 2198 1581 Domi-

1307 1611 1392 1657 no,
1412 1612 1543 1644 unus
1562 1599 1767 1656 spiritus
1790 1601 1884 1645 est.

1374 1667 1454 1711 18.
1488 1665 1672 1725 Fugite
1692 1666 2110 1715 fornicationem!
2140 1670 2202 1714 0-

1306 1747 1422 1779 mne
1450 1736 1735 1792 peccatum,
1768 1733 2115 1794 quodcumque
2133 1738 2205 1782 fe-

1307 1801 1433 1847 cerit
1448 1801 1620 1859 homo,
1642 1802 1787 1846 extra
1806 1814 1995 1860 corpus
2016 1806 2119 1862 est;
2132 1803 2209 1861 qui

1306 1871 1473 1914 autem
1489 1867 1786 1928 fornicatur,
1799 1867 1855 1914 in
1866 1881 2055 1928 corpus
2074 1885 2208 1918 sumn

1305 1937 1495 1994 peccat.

1373 2006 1452 2049 19.
1471 2004 1551 2048 An
1562 2003 1785 2062 nescitis,
1798 2005 2039 2061 quoniam
2056 2021 2207 2053 mem-

1306 2072 1396 2115 bra
1416 2074 1587 2135 vestra
1606 2071 1844 2128 templum
1862 2075 1985 2119 sunt
1996 2075 2204 2132 Spiritus

1306 2138 1532 2197 sanctim,
1569 2136 1656 2195 ‘elui
1684 2138 1737 2183 in
1764 2140 1910 2185 vobis
1933 2144 2029 2200 est,
2070 2156 2208 2198 quem

1304 2204 1498 2251 habetis
1509 2219 1539 2250 a
1552 2206 1680 2263 Deo,
1694 2206 1745 2251 et
1762 2218 1868 2251 non
1890 2208 2013 2253 estis
2026 2209 2209 2253 vestri?

1372 2272 1452 2317 20.
1504 2272 1676 2330 Empti
1712 2271 1847 2317 enim
1885 2274 2010 2320 estis
2048 2276 2205 2333 pretio

1302 2345 1549 2397 magno&
1594 2339 1873 2397 glorificate
1923 2343 1977 2386 et
2011 2344 2206 2401 portate

1304 2405 1465 2451 Deum
1484 2406 1537 2451 in
1558 2418 1775 2463 corpore
1794 2409 1987 2453 vestro.

1581 2560 1748 2612 CAP.
1805 2561 1923 2613 Vn.

1404 2659 1476 2700 De
1496 2660 1774 2701 matrimonio
1794 2668 1841 2701 et
1860 2659 2115 2705 caelibatu.

1368 2752 1416 2796 1.
1449 2750 1527 2797 De
1546 2752 1721 2807 quibus
1741 2754 1908 2799 autem
1938 2754 2207 2813 scripsistis

1301 2817 1449 2863 mihi:
1477 2818 1671 2864 Bonum
1698 2821 1775 2865 est
1804 2820 2006 2868 homini
2030 2821 2209 2867 mulie-

1300 2898 1407 2931 rem
1427 2898 1531 2930 non
1550 2888 1788 2944 tangere3

1369 2954 1415 2997 2.
1449 2955 1658 3010 propter
1685 2953 2080 3003 fornicationem
2120 2967 2210 3000 au-

1301 3020 1403 3065 tem
1436 3020 1777 3078 unusquisque
1814 3034 1959 3069 suam
1994 3034 2211 3071 uxorem

1348 3136 1368 3153 v
1388 3128 1487 3164 Gen.
1505 3132 1549 3172 2,
1570 3132 1631 3165 24.
1678 3136 1712 3155 w
1728 3140 1762 3167 c.
1789 3134 1835 3174 3,
1854 3134 1912 3169 16.
1949 3130 2070 3171 Rom.
2087 3136 2135 3174 8,
2156 3135 2213 3167 11.

1302 3181 1331 3199 a·
1348 3179 1369 3210 1
1386 3174 1495 3211 Petr.
1515 3180 1551 3217 1,
1570 3178 1628 3213 18.
1650 3187 1709 3224 sq.

452 3317 562 3371 Cap.
590 3315 672 3358 VI.
731 3321 772 3357 2.
807 3318 860 3359 de
883 3321 1042 3361 mundo
1055 3322 1326 3373 (deesthoc).
1384 3326 1423 3364 Ἱ-
1460 3322 1704 3373 delectum3
1724 3324 1832 3367 ibid.
1853 3324 2215 3383 aceepitis(n'c).

342 3378 408 3414 13.
440 3376 487 3414 et
515 3375 631 3415 hunc
657 3376 704 3412 et
731 3370 855 3413 haec·
925 3378 991 3415 14.
1023 3378 1331 3418 suscitavit-
1350 3380 1596 3420 suscitavit.
1654 3384 1721 3421 15.
1760 3379 1936 3427 Christi
1963 3386 2087 3426 nunt.
2152 3382 2213 3423 16.

341 3427 549 3478 adheret3
579 3426 684 3469 ibici.
715 3427 884 3477 inquid.

341 3483 584 3525 scribsistis
602 3481 725 3523 mihi.

965 3432 1030 3471 18.
1062 3443 1190 3473 omne
1219 3432 1351 3473 enim.

1432 3436 1497 3474 19.
1529 3433 1745 3489 templum
1782 3443 1867 3481 est.
1998 3437 2117 3479 VII.
2181 3439 2212 3475 1·
