2376 3925
222 181 288 231 54

292 283 373 328 13.
407 279 478 326 Et
496 280 604 325 erat
623 277 676 321 in
698 274 898 319 deserto
912 268 1128 326 quadra-

228 351 369 410 ginta
390 348 562 393 diebus
577 375 591 403 ,
614 345 663 389 et
684 338 1013 399 quadraginta
1032 348 1130 381 no-

232 419 415 472 ctibus;
456 415 508 460 et
545 411 832 457 tentabatur
864 419 894 452 a
930 406 1129 458 satana3

231 486 437 540 eratque
453 493 566 526 cum
583 476 775 535 bestiis,
794 476 845 520 et
854 471 1023 530 angeli
1037 467 1131 514 mi-

232 549 513 598 nistrabant
531 545 623 592 illi.

298 619 380 664 14.
413 615 712 670 ‘Postquam
732 612 898 656 autem
918 602 1134 650 traditus

236 687 316 732 est
334 686 572 740 loannes,
586 679 731 725 venit
748 677 778 723 J
782 687 896 721 esus
917 673 972 718 in
994 669 1135 714 Gali-

232 755 425 810 laeam,
463 747 758 807 praedicans
800 737 1138 798 Evangelium

235 820 385 880 regni
402 817 515 875 Dei,

304 890 385 934 15.
422 887 473 932 et
482 883 677 928 dicens:
696 875 949 931 Quoniam
958 871 1137 929 imple-

238 959 343 1002 tum
362 954 438 1000 est
457 954 669 1006 tempus,
692 948 744 992 et
764 941 1140 1001 appropinqua-

239 1025 315 1069 vit
332 1031 544 1078 regnum
561 1015 684 1072 Dei3
713 1008 1071 1070 poenitemini,
1092 1008 1145 1052 et

244 1089 431 1136 credite
451 1078 763 1140 Evangelio!

307 1158 389 1200 16.
422 1144 459 1193 s
468 1151 537 1197 Et
547 1147 860 1208 praeteriens
874 1156 1019 1191 secus
1030 1143 1143 1187 Ma-

237 1239 297 1271 re
316 1220 597 1278 Galilaeae,
628 1216 756 1264 vidit
786 1215 1071 1268 Simonem,
1096 1209 1147 1255 et

242 1291 496 1339 Andream
516 1287 725 1333 fratrem
745 1280 1145 1345 eJus‚mittentes

243 1360 373 1406 retia
390 1358 446 1404 in
463 1367 601 1402 marc
637 1352 808 1411 (erant
826 1348 961 1394 enim
980 1346 1147 1404 pisca-

245 1433 384 1473 tores
426 1439 439 1481 ;

313 1425 407 1537 17.)
430 1492 481 1536 et
500 1487 630 1533 dixit
658 1485 731 1530 eis
760 1484 935 1528 Jesus:
964 1477 1148 1524 Venite

246 1560 363 1620 post
379 1554 482 1603 me!
516 1556 567 1600 et
591 1553 774 1599 faciam
800 1562 897 1595 vos
926 1545 1037 1594 fieri
1070 1544 1149 1602 pi-

248 1630 473 1674 scatores
493 1621 765 1668 hominum.

316 1696 397 1740 18.
432 1691 499 1736 Et
527 1688 760 1748 protinus
797 1682 989 1731 relictis
1024 1679 1151 1727 reti-

251 1767 342 1809 bus
361 1758 522 1807 secuti
540 1758 659 1804 sunt
678 1769 807 1802 eum.

319 1832 401 1874 19.
436 1827 504 1872 Et
520 1835 821 1883 progressus
850 1819 968 1866 inde
995 1815 1152 1876 pusil-

252 1899 375 1956 lum,
397 1894 525 1940 vidit
542 1893 785 1938 Jacobum
806 1885 1084 1943 Zebedaei,
1106 1885 1157 1930 ct

255 1969 499 2011 loannem
526 1962 737 2007 fratrem
763 1958 902 2015 ejus,
936 1957 989 2001 et
1017 1953 1157 2011 ipsos

258 2030 621 2090 componentes
638 2026 768 2071 retia
786 2025 839 2069 in
856 2022 1007 2077 navi3

327 2116 410 2159 2⁰.
444 2113 495 2158 et
512 2110 681 2157 statim
697 2105 905 2153 vocavit
923 2103 1059 2149 illos.
1094 2101 1163 2147 Et

259 2180 442 2228 relicto
481 2180 624 2235 patre
672 2186 763 2219 suo
802 2169 1065 2217 Zebedaeo
1109 2168 1163 2214 in

260 2247 384 2294 navi
445 2257 557 2291 cum
612 2238 939 2287 mercenariis
1004 2236 1166 2283 secuti

262 2316 379 2362 sunt
398 2326 527 2358 eum.

331 2383 412 2427 21.
444 2376 550 2424 εΕῐ
567 2372 921 2434 ingrediuntur
940 2372 1164 2430 Caphar-

266 2462 446 2507 naum3
469 2448 522 2493 et
539 2444 706 2491 statim
727 2440 943 2489 sabbatis
964 2441 1167 2497 ingres-

268 2532 352 2567 sus
372 2518 427 2564 in
447 2524 775 2574 synagogam,
798 2509 1009 2555 docebat
1028 2519 1135 2553 eos.

336 2604 417 2649 22.
450 2599 519 2646 Et
551 2584 855 2654 stupebant-'¹
884 2605 1034 2649 super
1076 2589 1169 2635 do-

272 2670 434 2715 ctrina
474 2667 610 2726 ejus3
663 2664 772 2709 erat
812 2660 945 2705 enim
984 2659 1171 2704 docens

272 2748 379 2794 eos,
403 2734 545 2792 quasi
563 2732 865 2791 potestatem
882 2728 1099 2784 habens,
1123 2724 1174 2769 et

274 2815 383 2847 non
403 2802 532 2846 sicut
552 2799 772 2847 Scribae.

344 2869 422 2913 23.
457 2866 526 2911 Et
537 2866 707 2913 eratin
722 2874 984 2925 synagoga
1000 2872 1177 2907 eorum

275 2938 427 2983 homo
448 2934 505 2978 in
527 2933 706 2990 spiritu
726 2931 998 2988 immundo,
1011 2930 1062 2975 et
1082 2939 1177 2973 ex·-

277 3001 527 3059 clamavit,

325 3120 341 3140 ‘
359 3122 398 3149 v.
418 3110 479 3146 14.
496 3110 555 3145 15.
594 3105 738 3143 Mutua.
756 3110 797 3146 4.
816 3110 980 3144 12—17.
1018 3106 1121 3142 Luc.
1138 3104 1179 3146 4,

278 3162 339 3196 14,
384 3152 412 3189 f
428 3167 469 3191 v.
488 3157 655 3191 16—20.
680 3153 824 3191 Mami.
842 3156 882 3195 4,
900 3155 1065 3191 18—-22,
1081 3151 1183 3187 Luc.

278 3209 315 3249 5,
333 3207 479 3241 2-11,
526 3206 551 3235 ὅ
567 3212 607 3237 v.
626 3202 795 3235 21—28.
829 3199 929 3235 Luc.
954 3200 996 3241 4,
1012 3200 1183 3235 31--37‚

278 3250 297 3277 ¹*
316 3249 459 3288 Matth.
480 3252 516 3291 7,
534 3249 595 3285 28.
611 3249 671 3283 29.
696 3244 784 3282 soh.
804 3248 839 3286 7,
860 3246 921 3282 46.

398 3397 510 3452 Cap.
540 3396 581 3437 I.
662 3396 726 3434 13.
768 3393 1041 3433 temtabatur
1079 3392 1308 3447 (semper).

822 163 1177 220 MARCUS.
1251 160 1418 212 CAP.
1457 161 1505 207 1.

1265 265 1345 308 24.
1383 253 1606 306 dicensi:
1628 253 1759 310 Quid
1789 251 1935 298 nobis
1965 257 2016 298 et
2039 252 2114 297 ti-

1197 331 1273 389 bi,
1301 330 1424 376 Jesu
1441 321 1726 372 Nazarene!
1765 317 1954 366 venisti
1983 330 2117 375 per-

1201 398 1320 444 dere
1342 394 1471 442 nos!
1499 393 1605 438 scio
1619 421 1634 450 ,
1663 389 1750 448 qui
1767 387 1838 434 sis
1851 418 1868 447 ,
1887 385 2116 432 Sanctus

1199 465 1312 510 Dei.

1269 533 1349 576 25.
1385 529 1454 574 Et
1476 525 1807 574 comminatus
1839 525 1916 569 est
1941 521 1990 568 ei
2016 522 2114 567 Je-

1203 611 1314 657 sus,
1348 597 1548 652 dicens3
1577 594 1904 650 obmutesce,
1941 591 1993 636 et
2021 589 2120 635 exi

1205 667 1265 713 de
1287 664 1514 711 homine!

1272 751 1352 794 26.
1387 746 1456 792 Et
1486 746 1776 802 discerpens
1807 756 1921 788 eum
1959 740 2118 798 spiri-

1206 819 1286 864 tus
1296 813 1594 871 immundus,
1612 815 1662 858 et
1677 810 1969 858 exclamans
1982 821 2117 853 voce

1207 896 1407 942 magna,
1430 880 1561 927 exiit
1579 881 1641 924 ab
1662 892 1741 925 eo.

1278 969 1356 1012 27.
1391 965 1459 1010 Et
1475 962 1645 1010 mirati
1669 962 1787 1007 sunt
1811 973 2014 1017 omnes,
2046 959 2128 1004 ita

1210 1038 1266 1082 ut
1295 1031 1655 1090 conquirerent
1683 1029 1818 1074 inter
1855 1041 1909 1073 se
1940 1027 2124 1072 dicen-

1210 1107 1312 1149 tes:
1336 1100 1582 1155 Quidnam
1604 1100 1680 1143 est
1699 1096 1827 1142 hoc?
1857 1094 2126 1147 Quaenam

1213 1169 1444 1216 doctrina
1463 1169 1588 1212 haec
1607 1164 1772 1210 nova?
1802 1163 1918 1219 quia
1945 1161 1999 1206 in
2017 1173 2126 1217 po-

1212 1239 1394 1283 testate
1430 1233 1582 1280 etiam
1615 1230 1873 1289 spiritibus
1900 1229 2124 1274 immun-

1215 1305 1289 1350 dis
1308 1302 1538 1360 imperat,
1560 1300 1612 1346 et
1631 1297 1874 1345 obediunt
1893 1296 1955 1342 ei.

1282 1388 1362 1432 28.
1397 1385 1467 1430 Et
1492 1372 1777 1443 processitk
1804 1392 1980 1426 rumor
2007 1379 2126 1435 ejus

1217 1454 1385 1500 statim
1410 1452 1466 1498 in
1495 1463 1697 1498 omnem
1723 1447 1989 1506 regionem
2015 1446 2128 1491 Ga-

1216 1522 1413 1567 lilaeae.

1285 1591 1366 1634 29.
1400 1579 1418 1616 Ι
1425 1587 1494 1632 Et
1530 1584 1763 1644 protinus
1802 1579 2130 1640 egredientes

1220 1657 1282 1703 de
1303 1667 1582 1715 synagoga,
1596 1649 1908 1699 veneruntin
1920 1647 2134 1694 domum

1222 1723 1442 1772 Simonis
1462 1723 1514 1769 et
1522 1721 1773 1779 Andreae,
1789 1731 1896 1765 cnm
1909 1717 2134 1774 Iacobo,

1222 1795 1274 1840 et
1291 1793 1498 1837 Ioanne.

1290 1861 1371 1906 30.
1405 1856 1746 1904 Decumbebat
1764 1855 1932 1899 autem
1949 1864 2136 1898 socrus

1225 1925 1446 1975 Simonis
1466 1923 1759 1971 febricitans
1773 1935 1787 1981 3
1801 1923 1854 1968 et
1863 1919 2031 1968 statim
2051 1919 2135 1965 di-

1227 1996 1346 2042 cunt
1364 1994 1413 2039 ei
1434 1993 1495 2039 de
1514 1992 1619 2039 illa.

1294 2079 1376 2123 31.
1411 2076 1480 2123 Et
1492 2076 1738 2123 accedens
1759 2072 1986 2121 elevavit
2003 2084 2138 2128 eam,

1228 2146 1546 2204 apprehensa
1573 2156 1726 2189 manu
1745 2142 1886 2199 eJus3
1926 2140 1978 2185 et
2007 2151 2140 2185 con-

1229 2215 1372 2260 tinuo
1398 2211 1584 2258 dimisit
1605 2224 1712 2258 eam
1731 2208 1906 2266 febris,
1923 2204 2141 2253 etmini-

1231 2282 1420 2329 strabat
1439 2280 1529 2326 eis.

1301 2350 1382 2395 32.
1419 2350 1643 2403 ,Vespere
1663 2346 1831 2390 autem
1849 2343 2004 2397 sactu,
2027 2355 2147 2387 cum

1236 2416 1506 2463 occidisset
1524 2412 1622 2471 sol,
1644 2412 1925 2458 afferebant
1943 2409 2009 2455 ad
2028 2422 2149 2455 eum

1238 2496 1412 2530 omnes
1430 2480 1562 2527 male
1583 2480 1844 2537 habentes,
1865 2479 1918 2524 et
1934 2476 2150 2523 daemo-

1237 2552 1322 2598 nia
1342 2551 1613 2606 habentes;

1307 2619 1388 2663 33.
1427 2620 1476 2663 et
1496 2618 1607 2661 erat
1625 2613 1788 2661 omnis
1811 2611 1990 2659 civitas
2019 2624 2152 2657 con·

1240 2688 1450 2745 gregata
1467 2683 1528 2728 ad
1543 2682 1767 2740 januam.

1309 2771 1389 2815 34.
1424 2768 1492 2813 Et
1510 2766 1710 2815 curavit
1725 2765 1928 2822 multos,
1950 2763 2038 2820 qui
2057 2776 2155 2809 ve-

1243 2838 1496 2884 xabantur
1526 2834 1684 2881 variis
1710 2830 2072 2890 languoribus,
2105 2831 2159 2876 et

1246 2903 1510 2950 daemonia
1527 2901 1684 2947 multa
1702 2899 1955 2957 ejiciebat,
1975 2900 2029 2944 et
2046 2910 2160 2943 non

1246 2972 1444 3019 sinebat
1462 2984 1522 3016 ea
1543 2968 1700 3026 loqui,
1715 2966 2003 3024 quoniamm
2021 2964 2160 3011 scie-

1248 3041 1368 3086 bant
1388 3052 1515 3085 eum.

1295 3143 1310 3175 ἰ
1330 3160 1362 3185 c.
1381 3152 1418 3190 s,
1435 3151 1492 3182 11.
1523 3142 1668 3181 Matth.
1685 3147 1722 3187 8,
1740 3146 1801 3181 29.
1849 3140 1872 3169 ’τ
1887 3140 2035 3179 Matth.
2045 3143 2086 3184 4,
2097 3144 2162 3178 24.

1249 3194 1265 3223 l
1281 3207 1320 3233 v.
1338 3194 1512 3231 29—34.
1559 3190 1704 3229 Manli.
1721 3193 1760 3234 8,
1779 3192 1950 3227 14-17.
1995 3188 2100 3226 Luc.
2119 3192 2163 3230 4,

1250 3244 1420 3281 38—41.
1467 3246 1499 3265 ν·
1517 3236 1565 3276 cf.
1583 3248 1623 3275 ν.
1641 3240 1702 3273 24.

1387 3391 1455 3431 19.
1493 3390 1542 3429 in
1560 3387 1664 3428 navi
1685 3388 2007 3441 componentes
2027 3386 2166 3425 retia.

284 3458 351 3497 21.
389 3455 617 3504 ingressus
653 3459 809 3499 synag·
867 3451 935 3488 24-
968 3448 1060 3489 scio
1100 3449 1201 3500 quis
1233 3460 1298 3487 es·
1357 3447 1423 3485 26.
1471 3444 1630 3487 exivit·
1690 3444 1760 3482 2¹1.
1793 3454 1906 3494 quae
1928 3441 2169 3491 doctrina3

282 3508 391 3551 ibid.
411 3512 457 3550 et
476 3505 723 3561 spiritibus.
780 3505 849 3544 34.
882 3501 1012 3557 loqui
1032 3514 1101 3545 ea.
