2376 3925
333 179 558 232 EPIST.
598 178 815 230 PAULI
847 177 944 229 AD
985 175 1429 230 CORINTHIOS
1462 179 1530 230 Π.
1571 179 1722 230 ΟΑΡ.
1744 182 1794 229 1.
1818 182 1865 230 2.

257 285 340 328 20.
378 283 640 339 Quotquot
653 281 786 327 enim
798 280 1098 338 promissio-

185 363 282 396 nes
302 349 400 396 Dei
417 351 563 408 eunt,
583 349 638 395 in
655 348 746 394 illo
763 348 884 406 Est3
912 347 1028 394 ideo
1050 349 1101 392 et

185 430 282 476 per
303 417 467 475 ipsum
484 418 647 463 Amen
664 416 774 462 Deo
801 414 864 462 ad
882 414 1098 474 gloriam

187 486 438 531 nostram.

257 551 342 598 21.
381 550 482 603 Qui
511 551 674 596 autem
709 550 971 595 confirmat
1001 560 1098 593 nos

187 618 455 664 vobiscum
473 616 527 663 in
548 616 765 675 Christo,
779 619 830 662 et
847 615 934 673 qui
953 615 1100 662 unxit

188 698 287 731 nos
308 684 474 742 Deus;

257 753 341 797 22.
379 751 464 808 qui
482 753 532 796 et
549 742 934 809 signavithnoa,
947 751 998 795 et
1008 748 1098 794 de-

192 819 266 867 dit
303 820 486 877 pignus
523 818 742 877 Spiritus
779 817 834 863 in
863 815 1099 864 cordibus

191 887 401 933 nostris.

260 953 342 998 23.
375 951 490 1011 Ego
529 953 697 998 autem
731 953 912 998 testem
939 950 1100 995 Deum

193 1021 381 1065 invoco
412 1019 466 1064 in
493 1019 710 1065 animam
742 1031 930 1076 meam,
968 1017 1100 1074 quod

195 1081 439 1145 porcensi
473 1086 638 1145 vobin,
677 1098 784 1130 nou
820 1084 940 1130 veni
967 1083 1102 1129 ultra

199 1153 494 1200 Corinthum
507 1167 522 1210 3
535 1165 642 1198 non
662 1152 778 1209 quia
789 1151 1102 1198 dominamur

197 1221 314 1268 fidei
342 1224 572 1279 vestrae,
601 1219 690 1266 ned
718 1218 978 1276 adiutores
1015 1231 1101 1264 au·-

195 1302 307 1335 mus
327 1288 496 1347 gaudii
525 1287 711 1345 vestri3
742 1299 858 1334 nam
884 1286 978 1334 fide
999 1289 1104 1332 ata-

196 1356 280 1402 tir.

501 1473 670 1526 GAP.
734 1475 800 1526 ll.

197 1575 303 1618 Non
329 1576 454 1619 venit
479 1573 714 1630 apostolus
744 1574 804 1615 ad
827 1572 1101 1621 Corinthios,

197 1646 256 1674 ne
303 1631 488 1684 majoris
534 1635 658 1672 esset
701 1641 834 1670 caiisa
870 1628 1102 1670 tristitiae.

199 1689 445 1736 Hortatur,
481 1688 534 1727 ut
559 1685 829 1727 fornicarius
858 1683 1108 1740 recipiatur

487 1759 494 1764 ·
519 1741 570 1781 in
589 1740 792 1792 gratiam-

263 1837 316 1882 1.
365 1832 529 1881 statui
580 1832 748 1878 autem
796 1831 895 1878 hoc
947 1831 1120 1894 ipsum‘

197 1903 332 1965 apud
361 1915 467 1960 me,
503 1913 569 1946 ne
596 1899 778 1945 iterum
813 1899 867 1944 in
905 1897 1110 1944 tristitia

199 1970 430 2019 venirem
449 1969 512 2015 ad
530 1961 641 2014 voe.

269 2041 316 2084 2.
355 2038 410 2085 Si
431 2035 564 2083 euim
586 2048 684 2095 ego
719 2032 964 2082 contristo
988 2046 1106 2091 vos;

199 2110 254 2155 et
273 2106 384 2163 qui·
404 2107 497 2163 est,
521 2104 607 2161 qui
622 2117 702 2150 me
721 2102 980 2161 laetificet,
1007 2100 1109 2147 nisi

199 2174 288 2232 qui
307 2172 635 2219 contristatur
655 2184 722 2217 ex
739 2170 849 2216 me?

269 2242 317 2287 3.
351 2239 420 2286 Et
437 2240 534 2285 hoc
554 2239 717 2295 ipsum
735 2237 917 2295 scripsi
933 2235 1108 2293 vobin

202 2310 259 2355 ut
293 2320 416 2366 non,
455 2318 567 2352 cum
601 2317 818 2363 venero,
857 2303 1110 2351 tri-titiam

201 2388 356 2432 super
375 2372 634 2420 tristitiam
651 2372 862 2419 habeam
877 2402 892 2431 ‚
914 2371 976 2417 de
995 2370 1110 2428 qui-

201 2446 299 2489 bua
312 2442 610 2499 oportuerat
625 2453 706 2485 me
719 2439 940 2498 gaudere
953 2454 967 2496 ;
983 2450 1109 2485 con·

199 2510 360 2557 fidens
397 2509 452 2555 in
503 2507 734 2554 omnibu·
773 2507 942 2565 vobis,
993 2504 1111 2563 quia

201 2590 369 2623 meum
387 2575 621 2635 gaudium
645 2574 865 2621 omnium
888 2576 1111 2620 vestrum

203 2646 297 2691 ent.

269 2712 317 2756 4.
352 2710 479 2756 Nam
508 2722 574 2756 ex
601 2708 757 2755 multa
783 2706 1110 2755 tribulatione

203 2780 256 2825 et
282 2778 514 2836 angustia
551 2776 718 2822 cordis
757 2776 937 2833 scripsi
968 2775 1110 2821 vobis

202 2858 297 2905 per
341 2844 524 2891 multas
569 2842 845 2901 lacrymam
907 2854 1015 2887 non
1055 2843 1113 2888 ut

205 2909 608 2969 contristemini,
673 2907 763 2955 sed
815 2909 869 2953 ut
920 2908 1108 2967 sciatis,

205 2993 354 3038 quam
381 2978 675 3025 charitatem
701 2975 912 3020 habeam
950 2978 1108 3022 abun-

206 3046 406 3093 dantius
425 3046 479 3092 in
501 3045 662 3091 vobin.

274 3117 330 3161 5.
360 3112 544 3171 Siquis
565 3113 732 3158 autem
746 3101 1108 3170 contristaviff,

251 3208 272 3236 ἰ
289 3209 396 3257 Eph.
415 3214 451 3251 1,
469 3212 529 3247 13.
575 3203 592 3233 ⁸·
609 3220 644 3245 c.
663 3210 701 3250 2,
719 3208 754 3245 3.
774 3208 835 3249 12,
853 3211 915 3245 ω.
933 3208 1110 3251 13,2.10.

203 3255 226 3283 ¹¹
244 3262 266 3294 1
287 3256 378 3293 Cor.
398 3259 434 3293 ⁵.

325 3402 439 3458 Cap.
477 3400 514 3444 1.
589 3406 657 3445 21.
685 3402 914 3445 vobiscum
945 3403 992 3445 in
1025 3402 1268 3446 Christum.
1346 3408 1416 3449 22.
1455 3408 1500 3449 et
1527 3408 1603 3459 qui
1628 3406 1836 3458 signavit.

209 3458 423 3502 stetistis·

1972 181 2071 230 283

1167 293 1273 326 nou
1292 294 1373 326 me
1394 282 1738 340 contristavit3
1760 282 1847 328 ned
1868 296 1931 328 ex
1952 295 2070 340 par-

1165 349 1234 407 te,
1253 349 1311 392 ut
1327 360 1431 393 non
1454 361 1659 395 onerem
1679 362 1856 395 omnes
1878 362 1985 395 vos.

1234 417 1281 459 6.
1328 415 1519 460 Sufficit
1552 416 1654 474 illi,
1702 416 1785 474 qui
1823 416 2073 475 ejusmodi

1168 484 1270 540 est,
1302 482 1588 541 objurgatio
1618 483 1768 543 haec,
1804 496 1931 541 quae
1960 485 2016 530 fit
2041 496 2072 529 a

1167 549 1422 607 pluribus:

1235 618 1281 662 7.
1310 616 1398 675 ita,
1411 618 1505 662 ute
1520 616 1777 662 contrario
1797 618 1958 675 magia
1978 618 2071 663 do-

1165 683 1327 742 netis,
1360 686 1412 729 et
1440 683 1805 742 consolemini3
1842 697 1907 730 ne
1935 686 2071 730 forte

1166 749 1523 797 abundantiori
1557 750 1765 797 tristitia
1798 753 2071 798 absorbea-

1166 819 1267 876 tur,
1288 818 1374 874 qui
1392 818 1639 877 ejusmodi
1662 819 1751 864 ent.

1236 887 1283 930 8.
1317 885 1534 943 Propter
1561 885 1696 942 quod
1725 887 1939 932 obsecro
1959 897 2071 944 von,

1167 952 1227 996 ut
1256 953 1563 1001 confirmetis
1590 953 1647 998 in
1671 952 1816 999 illum
1854 952 2071 999 charita-

1168 1021 1287 1066 tem.

1236 1088 1284 1132 9.
1321 1085 1440 1132 Ideo
1461 1086 1596 1132 enim
1614 1089 1667 1132 et
1684 1086 1891 1145 scripsi,
1912 1087 1967 1132 ut
1984 1098 2074 1133 co-

1170 1165 1413 1210 gnoscam
1424 1153 1823 1210 experimentum
1834 1155 2073 1212 vestrum,

1171 1233 1237 1264 an
1257 1219 1313 1265 in
1333 1220 1563 1266 omnibu·
1585 1220 1877 1267 obedientes
1898 1220 2027 1266 sitin.

1240 1287 1319 1332 10.
1334 1286 1429 1332 Cui
1448 1288 1612 1332 autem
1632 1286 1821 1344 aliquid
1832 1287 2074 1346 donastis,

1173 1353 1224 1400 et
1243 1366 1340 1412 ego
1354 1367 1369 1410 3
1383 1367 1500 1398 nam
1520 1357 1571 1400 et
1590 1367 1705 1413 ego,
1717 1353 1852 1411 quod
1870 1354 2076 1413 donavi,

1173 1421 1217 1467 si
1253 1421 1372 1478 quid
1409 1420 1611 1479 donavi,
1649 1423 1859 1480 propter
1896 1435 1987 1467 voa
2024 1421 2079 1468 in

1170 1501 1396 1546 persona
1416 1488 1601 1534 Christi
1610 1480 1645 1549 ἶ,

1243 1557 1323 1601 11.
1358 1557 1415 1602 ut
1442 1569 1550 1604 non
1577 1555 2030 1602 circumveniamur
2050 1569 2081 1602 a

1172 1626 1377 1681 satana3
1397 1636 1505 1668 non
1524 1623 1661 1670 enim
1676 1623 1970 1682 ignoramus
1991 1636 2080 1669 co-

1176 1690 1451 1748 gitationes
1470 1690 1599 1746 ejus.

1245 1757 1325 1801 12.
1341 1757 1464 1801 Cum
1475 1769 1502 1801 v
1510 1757 1728 1802 enisaem
1738 1758 1905 1802 autem
1915 1758 2080 1803 Troa-

1177 1823 1338 1870 demm
1355 1824 1563 1881 propter
1579 1823 1916 1881 Evangelium
1936 1823 2084 1869 Chri-

1178 1889 1269 1949 sti,
1292 1890 1343 1935 et
1362 1889 1547 1935 ostium
1562 1889 1685 1935 mihi
1703 1891 1931 1948 apertum
1951 1893 2086 1936 esset

1175 1957 1233 2004 in
1249 1956 1495 2018 Domino,

1246 2025 1327 2071 13.
1363 2038 1471 2071 non
1499 2024 1651 2073 habui
1677 2027 1905 2084 requiem
1932 2026 2084 2085 spiri-

1175 2092 1253 2139 tui
1270 2106 1384 2139 meo
1399 2123 1413 2151 ,
1435 2106 1499 2139 eo
1518 2094 1651 2151 quod
1669 2107 1777 2140 non
1798 2094 2085 2141 invenerim

1179 2160 1383 2207 Titumn
1402 2162 1609 2207 fratrem
1626 2162 1921 2221 meum32ed
1942 2162 2084 2209 vale·

1175 2228 1377 2275 faciens
1391 2229 1484 2289 eis,
1496 2230 1755 2287 profectur
1776 2244 1887 2277 aum
1905 2230 1961 2276 in
1974 2231 2084 2275 Ma-

1179 2296 1458 2343 cedoniam.

1246 2364 1325 2408 14.
1378 2362 1490 2409 Deo
1528 2366 1693 2411 autem
1730 2364 1947 2422 gratian,
2000 2364 2087 2420 qui

1179 2443 1379 2489 semper
1396 2431 1671 2489 triumphat
1689 2444 1785 2476 nos
1804 2431 1860 2475 in
1881 2429 2081 2476 Christo

1178 2497 1328 2555 Iesu,
1377 2500 1429 2544 et
1464 2498 1674 2543 odorem
1710 2497 1925 2543 notitiae
1965 2509 2084 2543 suae

1177 2564 1469 2609 manifestat
1486 2578 1576 2624 per
1603 2578 1701 2610 noa
1718 2562 1773 2609 in
1794 2563 1932 2609 omni
1949 2564 2082 2610 loeo.

1247 2632 1326 2677 15.
1365 2632 1495 2684 Quia
1532 2631 1719 2677 Christi
1755 2633 1919 2677 bonus
1957 2630 2086 2677 odor

1178 2712 1349 2745 sumus
1366 2699 1477 2745 Deo
1498 2698 1552 2745 in
1571 2698 1634 2745 iis
1647 2729 1662 2757 ,
1693 2697 1779 2754 qui
1796 2697 1926 2744 salvi
1941 2699 2082 2758 fiunt,

1179 2769 1231 2813 et
1248 2767 1303 2813 in
1320 2766 1403 2824 iia,
1424 2765 1508 2821 qui
1526 2767 1756 2823 pereunt.

1247 2836 1327 2881 16.
1363 2832 1495 2877 Aliis
1518 2830 1718 2888 quidem
1747 2831 1874 2879 odor
1904 2834 2081 2880 mortis

1177 2899 1231 2947 in
1252 2903 1491 2956 mortem;
1522 2898 1635 2944 aliis
1664 2900 1831 2946 autem
1857 2901 1984 2947 odor
2003 2902 2081 2947 vi-

1179 2969 1261 3012 tae
1297 2966 1351 3011 in
1383 2965 1550 3011 vitam.
1616 2965 1685 3011 Et
1710 2967 1775 3013 ad
1807 2967 1933 3015 haec
1972 2968 2081 3025 quis

1177 3036 1280 3080 tam
1300 3032 1512 3078 idoneus
1524 3033 1547 3077 ’Ξ

1247 3102 1327 3145 17.
1354 3100 1471 3147 Non
1491 3100 1623 3147 enim
1641 3113 1810 3149 sumno
1830 3100 2082 3159 sicutplu-

1177 3259 1201 3292 ⁷
1226 3208 1277 3293 ²⁵1
1300 3208 1389 3249 Cor.
1406 3213 1443 3252 5,
1461 3212 1499 3248 4.
1546 3217 1577 3236 ”⁸
1593 3210 1686 3248 Act.
1706 3213 1767 3252 16,
1785 3214 1823 3248 8.
1841 3214 1902 3253 20,
1919 3214 1954 3247 6.
2002 3216 2023 3236 ’⁸
2044 3222 2063 3245 c

1203 3282 1215 3299 ,
1258 3281 1266 3291 .
1287 3267 1347 3303 sq.

1896 3408 1964 3445 23.
1996 3404 2084 3447 tide

545 3457 610 3500 ΙΙ.
669 3463 708 3501 1.
738 3459 788 3500 in
823 3460 1071 3501 tristitiam.
1130 3462 1172 3501 ³.
1206 3461 1367 3516 scripsi
1408 3461 1551 3516 (deest
1582 3462 1746 3513 vobis).
1805 3463 1846 3501 4.
1876 3457 2088 3502 lacrimas

211 3514 393 3559 multae.
453 3516 496 3556 9.
518 3515 634 3556 enim
654 3515 814 3569 scripsi
831 3515 974 3569 (deest
991 3519 1057 3569 et)
1135 3519 1202 3559 1⁰.
1226 3516 1415 3563 donatis.
1478 3522 1545 3559 15.
1564 3516 1677 3559 etin
1696 3515 1765 3556 his
1786 3514 1859 3567 qui
1879 3520 2084 3571 pereunt.
