2376 3925
673 127 1223 175 commlffl‘rarlo
1278 133 1697 180 Isaeomcs.
2054 135 2097 178 V

328 261 578 320 Factum
601 269 689 317 cst
729 269 952 330 autem,
995 269 1060 314 ut
1097 268 1156 314 et
1190 279 1283 316 me
1318 271 1452 319 ante
1486 265 1601 320 iter
1628 264 1904 321 biblicum
1932 266 2093 320 criti-

204 361 340 405 cum
383 356 444 402 et
476 344 897 420 theologicum,
939 342 1092 417 quod
1129 345 1193 400 in
1236 341 1604 403 Germaniam
1640 347 2095 418 meridionalem,

201 430 470 500 Italiam,
505 426 796 498 Siciliam,
837 421 1087 482 Galliam
1101 466 1120 497 ,
1152 444 1257 501 per
1292 429 1514 504 aliquot
1540 447 1719 487 annos
1745 431 1972 504 suscepi
2008 427 2093 508 ¹),

203 519 378 588 cujus
414 513 708 569 luculenta
746 509 1054 582 descriptio
1089 527 1207 565 una
1250 529 1381 567 cum
1424 513 1997 570 commentationibus
2020 514 2094 568 li-

201 597 442 654 terariis
466 602 637 669 atque
661 592 1007 668 theologicis
1034 591 1104 648 ab
1133 593 1325 669 aliquo
1348 603 1605 670 tempore
1626 597 1690 650 in
1712 597 1901 651 lucem
1922 598 2094 652 emis-

211 698 276 734 sa
301 686 390 734 est
422 675 510 758 ²),
539 675 768 733 Codicis
793 675 1078 749 praeclari
1104 679 1434 749 praesentia
1457 687 1518 733 et
1545 677 1901 734 domicilium
1928 679 2095 754 fuge·

213 771 372 832 rent,
407 771 468 817 et
492 759 725 837 quidem
750 757 955 815 iisdem
984 756 1056 813 dc
1081 761 1270 816 causis
1283 801 1302 831 ,
1341 777 1481 837 quas
1514 764 1580 816 in
1613 762 1745 818 aliis
1774 779 1911 816 'csse
1942 761 2097 818 indi·-

223 847 358 901 cavi.
445 844 750 914 Quocirca,
777 859 952 918 quum
977 842 1227 916 primum
1252 844 1317 899 in
1343 843 1485 900 urbe
1508 843 1895 918 pulcherrima
1920 841 2095 900 Etru-

221 929 332 984 riae
365 928 628 1002 principe
658 942 953 995 versarer,
991 925 1121 981 aliis
1149 924 1219 981 de
1254 944 1465 1003 graeco
1492 925 1566 982 N.
1596 924 1667 983 T.
1694 935 1863 982 textu
1885 926 2098 983 lahori-

223 1009 326 1064 bus
343 1011 686 1080 distractus,
727 1025 962 1066 securus
987 1007 1322 1084 insciusque
1346 1012 1661 1085 praeterivi
1683 1008 1839 1067 hunc
1865 1009 2097 1066 thesau-

217 1109 376 1160 rum,
427 1095 526 1169 qui
570 1095 723 1148 inter
769 1093 884 1148 alia
921 1087 1316 1149 Bibliothecae
1358 1086 1587 1165 κειμήλια
1627 1093 1926 1149 recondito
1968 1094 2096 1148 loco

224 1175 504 1249 depotitus
535 1185 674 1232 erat.
759 1172 887 1231 Iam
915 1193 1046 1230 cum
1071 1171 1315 1232 Romam
1331 1217 1351 1248 ,
1388 1175 1590 1233 urbem
1624 1186 1915 1232 aeternam
1931 1215 1949 1246 ‚
1986 1172 2101 1230 Dei

222 1257 492 1316 bencfcio
545 1261 797 1336 migrare
851 1259 1223 1333 contigisset,
1287 1260 1481 1335 ibique
1534 1259 1809 1316 admirari
1861 1263 2095 1314 immor-

223 1343 369 1398 talia
401 1345 597 1398 artium
635 1351 694 1397 et
730 1343 1029 1398 literarum
1079 1351 1450 1398 monumenta
1496 1335 1683 1419 (quod
1714 1345 1778 1398 in
1814 1342 2098 1418 singulari

223 1426 388 1481 vitae
411 1441 557 1482 neae
581 1443 818 1482 munere
843 1421 1122 1502 repono),
1157 1428 1293 1482 veni
1326 1435 1555 1500 praeter
1578 1427 1722 1481 alios
1748 1428 1810 1481 in
1848 1425 2098 1480 familia-

225 1509 462 1564 ritatem
474 1508 724 1566 hominis
762 1506 973 1563 eruditi
988 1547 1008 1578 ,
1043 1505 1451 1565 UNGHARELM
1466 1550 1483 1580 ,
1522 1508 1870 1578 sacerdotis,
1910 1509 2013 1584 qui
2035 1511 2100 1563 in

229 1594 563 1649 monastffio
612 1590 673 1649 S.
725 1588 929 1647 Caroli
986 1611 1025 1647 a
1073 1589 1384 1649 cattinas-i
1435 1594 1634 1649 literas
1688 1590 1988 1648 hebraicas
2043 1601 2102 1645 et

231 1691 472 1751 graecas
491 1679 728 1746 iuvenes
769 1673 1022 1729 docebat.
1107 1672 1199 1745 Is,
1240 1694 1415 1751 quum
1453 1674 1756 1733 historiam
1783 1672 2103 1729 Bibliorum

233 1759 453 1812 latinae
487 1759 761 1814 wersionis
806 1755 1091 1830 Vulgatae
1128 1768 1188 1813 et
1229 1756 1412 1814 Italae
1446 1768 1580 1814 ante
1616 1755 2033 1830 Hieronymum
2071 1773 2105 1809 a

235 1924 490 1972 librorum
505 1921 714 1985 inignes
734 1925 1024 1985 possident,
1054 1928 1182 1973 bene
1202 1925 1461 1972 mererent
1480 1923 1541 1971 de
1560 1922 1723 1971 literis
1744 1925 1796 1971 et
1814 1921 2104 1981 cvangelio,

235 1991 286 2038 si
311 1991 543 2051 potiores
565 1995 754 2041 eodiccs
789 1993 1003 2041 biblicos
1034 2006 1097 2041 ea
1124 1993 1339 2041 solertia
1368 1996 1420 2040 et
1439 1992 1729 2051 diligentia,
1769 2004 1897 2048 quae
1916 1989 2107 2037 nostris

234 2060 416 2106 diebus
453 2057 712 2120 flagiatur,
751 2061 919 2108 denuo
959 2076 1070 2109 cum
1105 2064 1253 2109 textu
1288 2060 1422 2121 typis
1459 2061 1708 2119 impresso
1737 2064 2108 2117 compararent.

235 2126 666 2185 peregrinatorum
696 2128 1017 2176 festinantius
1046 2128 1325 2176 videntium
1358 2129 1523 2175 facilis
1554 2131 1605 2175 et
1632 2126 1940 2174 excusabilis
1961 2138 2109 2173 error

241 2198 335 2242 est.
406 2193 486 2239 Ea
503 2192 684 2242 tanam
703 2198 932 2255 ratione,
965 2199 1254 2255 praesumta
1273 2209 1477 2255 eorum,
1508 2194 1595 2253 qui
1621 2195 1721 2242 hoc
1748 2194 1927 2241 labore
1954 2206 2109 2240 exer·

243 2266 454 2319 centur,
485 2262 621 2307 bona
634 2263 756 2322 fide,
785 2264 1028 2323 paulatim
1051 2266 1389 2321 *perficeretur
1408 2262 1563 2310 editio
1586 2262 1649 2308 N.
1671 2264 1730 2308 Τ.
1750 2276 1874 2309 vere
1900 2262 2109 2317 critica,

243 2332 302 2377 in
321 2327 636 2377 commodum
651 2336 688 2378 et
705 2330 949 2381 laetitiam
970 2331 1375 2379 Christianorum
1393 2332 1629 2377 omnium.
1646 2354 1715 2365 --

383 2412 438 2471 1)
476 2414 520 2457 Α
537 2425 688 2459 mens.
709 2418 818 2463 Oct.
841 2429 887 2465 a.
909 2418 1040 2462 1831
1063 2428 1225 2471 usque
1245 2414 1307 2460 ad
1326 2427 1553 2461 mensem
1571 2414 1731 2471 April.
1751 2427 1797 2460 a.
1818 2414 1967 2459 1834.

384 2479 439 2540 2)
475 2478 537 2527 In
567 2492 702 2537 oper*
729 2485 880 2542 hujus
914 2483 1073 2530 tituli:
1116 2482 1175 2527 F.
1196 2482 1255 2527 F.
1280 2482 1499 2539 Fmecx,
1524 2480 1927 2543 wissenschastl.
1960 2478 2111 2527 Reice

248 2546 412 2597 durch
432 2546 528 2594 das
548 2547 676 2594 sv’idl.
696 2551 1050 2608 leutschland,
1068 2550 1264 2596 Italien
1276 2582 1291 2605 ‚
1314 2549 1524 2596 Sz'ct'lien
1542 2562 1592 2595 u.
1612 2545 1963 2595 Frank-reich.
1987 2547 2047 2593 Τ.
2066 2548 2107 2592 1.

247 2640 320 2655 ·-
335 2617 398 2662 V·
427 2615 565 2672 Lim·
587 2616 716 2659 1835
733 2642 781 2653 -
797 2620 947 2665 1838.
971 2621 1019 2665 8.
1052 2617 1150 2665 duo
1179 2617 1382 2677 priores
1404 2617 1555 2663 Tomi
1582 2616 1827 2663 exhibent
1852 2614 2112 2661 narratio-

252 2697 372 2730 nem
391 2682 590 2729 itineris
611 2680 1154 2747 (Reiubesclzreibung)
1166 2698 1192 2744 ,·
1225 2685 1327 2731 tria
1344 2697 1490 2743 vero,
1504 2696 1634 2741 quae
1653 2685 1948 2743 sequuntur,
1962 2682 2111 2729 volu-

251 2751 394 2799 mina
409 2749 676 2797 continent
693 2748 1053 2801 dinei-tationes
1073 2754 1206 2801 varii
1224 2751 1537 2812 argumenti,
1567 2752 1713 2797 natas
1739 2764 1769 2797 e
1794 2752 1946 2798 rebus
1965 2750 2116 2797 theo·-

249 2818 454 2877 logicis,
475 2816 733 2875 literarffl,
756 2822 974 2869 e·indole
993 2821 1316 2881 populorum,
1337 2820 1473 2866 inter
1490 2817 1917 2877 peregrinandum
1936 2820 2116 2865 obser-

253 2886 385 2932 Vflfifl
426 2884 608 2942 (²71⁶ss-
648 2883 1029 2945 Ret'Sejti‘chte).
1102 2890 1334 2943 Quorum
1364 2886 1623 2943 ultimum,
1660 2885 1819 2933 latine
1856 2886 2114 2945 scriptum,

251 2955 410 3001 etiam
425 2953 521 2999 hac
541 2950 850 3008 inscription
871 2955 1083 3016 prodiit:
1118 2953 1387 3003 Anecdota
1406 2954 1689 2999 maximam
1700 2954 1915 3014 partem
1934 2968 2117 3009 sacra,

249 3023 308 3068 e‘n
334 3020 608 3067 itineribus
625 3018 834 3065 Italic&
849 3030 897 3071 vt
915 3022 1134 3071 Gallicis
1161 3022 1401 3071 collecta.
1444 3020 1604 3081 Lips„
1634 3022 1782 3068 1837.
1812 3024 1859 3066 8.
1890 3021 1954 3066 ad
1981 3018 2117 3077 quod

254 3088 426 3135 statim
454 3087 552 3134 erit
577 3084 872 3132 rcdeundun
945 3089 1234 3137 nolendum
1260 3101 1385 3136 vero
1415 3090 1516 3148 est,
1546 3090 1808 3136 Anecdota
1825 3087 2117 3143 theologica

255 3169 364 3203 non
386 3154 564 3201 eodem
583 3155 790 3199 fervore
812 3158 956 3216 exipi
974 3160 1036 3204 ab
1057 3158 1337 3204 amantibus
1357 3157 1643 3215 literarum,
1672 3169 1819 3213 quam
1838 3152 2116 3212 philologi-

257 3237 336 3271 ca.
408 3220 739 3279 Theologicifl
769 3218 1130 3271 enimtlissidiis
1151 3226 1205 3271 et
1223 3224 1647 3283 disputationibus
1663 3221 1811 3269 multi
1833 3233 1969 3265 nunc
1987 3217 2116 3265 adeo

259 3289 588 3347 distineatur,
608 3290 666 3334 ut
684 3300 807 3333 vera
824 3287 1118 3339 inermenta
1136 3292 1425 3350 literarum,
1456 3290 1658 3348 quaein
1678 3287 1878 3345 scriptis
1897 3284 2119 3342 antiqui-

257 3358 380 3404 tssfifl
401 3356 709 3403 christianae
727 3352 976 3412 i¹¹⁰⁰ff¹¹i¹s
996 3360 1049 3407 in
1079 3359 1246 3409 lucem
1262 3357 1523 3407 trahendis
1554 3357 1857 3417 cernuntur,
1889 3348 2000 3408 plus
2030 3364 2119 3399 ae-

263 3439 366 3483 quo
387 3424 665 3483 negligant.
