2376 3925
307 153 418 198 mv
741 147 956 192 snrrt
1005 147 1279 200 QUINTI
1323 150 1753 200 PRAEFATIO.

306 293 464 340 scopo
483 279 582 326 sibi
598 275 913 335 tradendum,
923 275 1076 322 etiam
1091 276 1300 324 minima
1316 277 1485 334 aliqua
1502 281 1745 336 particula
1760 287 1965 350 mutata,
1984 290 2177 356 addin,

303 364 391 412 vel
417 362 666 420 detracta,
705 362 794 407 aut
820 359 884 407 ad
912 359 1215 419 marginem,
1252 359 1337 408 vel
1354 360 1407 407 in
1428 363 1575 408 textu
1590 361 1859 430 adscripta,
1896 373 2047 422 etiam
2078 390 2176 435 per

303 447 506 496 modurn
523 444 852 504 scholiorum,
874 443 1287 502 annotationum,
1308 444 1391 489 vel
1410 444 1641 504 glossae,
1661 446 1784 504 tyn,
1803 457 2059 519 manaa-e,
2078 465 2175 510 aut

305 530 379 580 sic
397 529 596 587 quidem
616 528 817 576 codices
835 529 1127 586 impressos,
1141 527 1193 573 et
1211 527 1523 588 emendatos,
1534 529 1647 576 sine
1668 529 1823 584 tamen
1843 538 1977 588 dicto
1994 543 2170 606 signo,

305 616 358 662 et
375 613 719 672 attestatione,
741 611 874 670 quod
893 624 1004 658 cum
1023 610 1186 668 priori
1204 611 1515 672 exemplari,
1536 612 1651 672 sibi,
1670 615 1727 660 ut
1742 624 2037 686 praefertur,
2056 630 2169 676 tn„

305 698 410 746 dito
431 698 758 756 concordent,
778 695 1019 751 vendere,
1048 693 1254 750 venales
1274 695 1478 756 habere,
1500 698 1589 744 ant
1604 696 1731 744 alias
1751 696 1904 767 edne,
1918 709 2003 758 vel
2022 713 2171 760 evm,

305 795 455 842 gare3
491 785 602 841 aut,
633 781 677 826 si
695 779 806 838 quis
823 778 1111 836 Bibliopola
1128 791 1161 825 a
1178 792 1263 839 se,
1294 779 1377 826 vel
1402 782 1465 828 ab
1494 781 1609 827 aliis
1630 780 1912 840 quibusvis,
1926 793 2076 842 „fiam
2102 797 2169 842 ad

303 867 436 916 hanc
455 879 610 924 usque
631 862 788 923 diem,
819 863 900 910 vel
917 863 973 910 in
991 865 1242 923 futurum,
1270 866 1419 924 ante,
1454 865 1538 911 vel
1568 869 1687 924 post
1715 865 1813 912 dat.
1840 877 2167 928 praeentiam

305 951 566 998 literarum
593 947 866 1006 impressos
892 947 1078 1008 libros,
1114 961 1210 996 sen
1236 948 1625 1010 imprimendos,
1664 963 1696 996 a
1722 950 1949 1008 praefata
1975 963 2047 1010 p-‚r
2064 977 2165 1012 ιω,

307 1034 566 1091 restituta,
605 1034 657 1078 et
683 1035 915 1078 correcta
941 1033 1166 1080 editione
1196 1032 1252 1080 in
1287 1033 1459 1090 aliquo
1500 1033 1845 1091 discrepantes
1858 1063 1875 1093 ,
1918 1034 2002 1080 vel
2032 1049 2165 1096 ,hm

303 1130 414 1164 eam
433 1116 496 1161 ad
512 1128 735 1174 unguem
753 1129 860 1161 non
879 1117 1201 1175 emendatos,
1220 1131 1280 1166 ac
1299 1117 1454 1164 simili
1476 1117 1811 1178 inquisitoris,
1829 1130 1921 1164 seu
1938 1117 2163 1191 Episeqfi

303 1199 672 1259 subscriptione
693 1213 800 1246 non
820 1204 1150 1260 approbatos,
1181 1214 1275 1248 seu
1295 1214 1407 1248 cum
1426 1201 1793 1261 additionibus,
1822 1203 1911 1248 aut
1930 1201 2083 1248 variis
2102 1201 2163 1266 lg

303 1285 553 1332 ctionibus
573 1285 636 1330 ad
653 1285 932 1344 marginem
953 1286 1254 1343 conscriptis
1275 1297 1494 1332 excusos
1510 1315 1526 1341 ,
1545 1285 1738 1342 pariter
1757 1285 1999 1345 vendere,
2020 1297 2185 1334 vena-

300 1369 377 1415 les
395 1381 710 1429 proponere,
739 1369 828 1416 vel
855 1369 1096 1428 evulgare
1126 1369 1549 1428 praesumpserit3
1584 1369 1657 1429 is,
1686 1370 1773 1426 qui
1798 1369 1855 1416 in
1881 1369 2186 1428 supradictis

303 1453 497 1501 casibus
511 1483 528 1512 ,
557 1453 665 1500 sive
685 1465 862 1500 eorum
879 1455 1106 1511 quolibet
1123 1455 1331 1500 nostrae
1348 1453 1468 1500 huic
1488 1452 1841 1500 constitutioni
1860 1467 1966 1500 non
1994 1467 2187 1512 parue-

299 1537 392 1597 rit,
427 1537 558 1584 ultra
573 1537 899 1584 amissionem
917 1537 1139 1584 omnium
1157 1536 1432 1597 librorum,
1462 1539 1513 1584 et
1530 1537 1658 1584 alias
1677 1537 1983 1595 temporales
1994 1568 2011 1598 ,
2042 1539 2185 1586 arbi-

299 1623 400 1670 trio
422 1621 720 1680 infligendas
739 1635 931 1681 poenas
945 1652 961 1681 ,
992 1621 1144 1668 etiam
1169 1621 1383 1678 majnris
1411 1621 1951 1668 excommunicationis
1970 1623 2183 1670 senten-

299 1707 422 1754 tiam
440 1720 504 1754 eo
523 1706 636 1764 ipso
657 1706 910 1766 incurret,
931 1719 963 1753 a
981 1719 1106 1766 qua,
1135 1704 1239 1751 nisi
1255 1704 1311 1750 in
1329 1705 1509 1752 mortis
1528 1705 1743 1752 articulo
1765 1706 2069 1754 constitutus
2082 1737 2097 1766 ,
2120 1709 2185 1756 ab

301 1792 432 1852 aiio,
471 1804 619 1849 quam
647 1805 741 1850 pro
769 1794 999 1850 tempore
1030 1790 1284 1838 existente
1309 1789 1539 1836 Romano
1566 1789 1813 1846 Pontifice
1848 1789 2051 1838 absolvi
2074 1803 2187 1838 non

300 1877 476 1936 possit.
548 1875 696 1928 Quod
723 1876 767 1923 si
793 1875 1095 1935 inquisitor,
1133 1875 1221 1922 ant
1245 1873 1531 1933 Episcopus
1560 1872 1697 1920 aliud
1722 1873 1983 1932 exemplar
2010 1875 2073 1921 ab
2095 1887 2183 1935 eo,

303 1962 435 2020 quod
462 1961 518 2008 in
535 1961 780 2008 Vaticana
809 1959 1170 2021 'typographia
1197 1959 1493 2016 impressum
1524 1959 1629 2017 est,
1659 1971 1861 2016 quoquo
1890 1958 2045 2007 modo
2076 1958 2184 2007 dis-

303 2046 518 2093 cordans
551 2044 894 2101 Typographo
927 2044 992 2089 ad
1018 2043 1403 2102 Imprimendum
1429 2042 1723 2102 tradiderit,
1760 2043 1846 2090 vel
1880 2043 2185 2101 impressum

303 2140 395 2175 suo
427 2127 573 2184 signo
586 2156 602 2184 ,
629 2127 717 2171 aut
745 2126 1116 2184 subscriptione
1135 2126 1520 2185 approbaverit,
1546 2126 1683 2183 quod
1702 2140 1889 2175 revera
1908 2129 1970 2174 ab
1990 2142 2055 2175 eo
2074 2128 2183 2175 dis-

301 2210 502 2267 cordet;
539 2210 594 2255 in
611 2223 752 2267 eum,
773 2209 819 2255 si
835 2210 1059 2257 Antiates
1080 2211 1263 2270 fuerit,
1286 2211 1485 2259 etiamsi
1500 2210 1963 2271 Archiepiscopali,
1982 2212 2183 2259 Prima-

298 2294 410 2343 tiali
423 2325 438 2353 ‚
467 2293 824 2354 Patriarchali,
854 2294 942 2341 vel
959 2295 1062 2341 alia
1079 2295 1264 2352 majori
1281 2295 1601 2355 praefulgeat
1618 2295 1863 2353 dignitate
1876 2326 1891 2356 ,
1922 2296 2184 2345 interdicti

297 2380 557 2438 ingressus
575 2377 866 2437 Ecclesiae3
895 2379 941 2427 si
961 2382 1128 2427 autem
1145 2380 1389 2441 inferior,
1410 2379 1949 2428 excommunicationis
1968 2382 2183 2429 senten-

300 2464 421 2511 tiam
449 2463 558 2523 ipso
584 2463 719 2509 facto
748 2462 1105 2510 incurrendam
1135 2478 1203 2511 ex
1230 2478 1369 2511 nunc
1394 2477 1487 2522 per
1514 2466 1811 2523 praesentes
1837 2463 2080 2523 ferimus,
2108 2464 2183 2513 ita

304 2550 364 2595 nt
381 2550 443 2596 ab
463 2546 584 2607 alio,
605 2559 752 2603 quam
770 2559 801 2592 a
817 2547 962 2593 Rom.
979 2548 1228 2595 Pontifice
1250 2548 1603 2607 absolutionis,
1624 2550 1711 2595 aut
1728 2547 2067 2595 relaxationis
2090 2550 2181 2595 be·-

301 2632 534 2679 neficium
569 2631 812 2688 consequi
848 2634 1082 2688 nequeat.
1147 2633 1219 2679 Et
1254 2632 1583 2680 nihilominus
1618 2634 1718 2679 tam
1746 2632 2048 2690 inquisitor,
2084 2645 2181 2679 seu

299 2714 582 2774 Episcopus
610 2716 720 2773 ipse
733 2746 748 2775 ,
779 2715 866 2772 qui
883 2716 1173 2774 hujusmodi
1202 2716 1363 2763 libros
1384 2729 1415 2761 a
1434 2718 1661 2774 praefata
1679 2716 2015 2775 impressione
2034 2717 2181 2763 Vati-

303 2811 429 2845 cana
447 2799 736 2847 differentes
755 2798 1130 2859 approbaverit,
1151 2811 1299 2857 quam
1318 2800 1467 2847 etiam
1482 2802 1523 2847 Τ
1528 2801 1870 2861 ypographus,
1882 2813 1973 2847 seu
1982 2799 2179 2847 Biblio-

299 2882 449 2943 pola,
477 2882 563 2938 qui
581 2884 771 2931 nostris
790 2884 1022 2943 superins
1043 2884 1299 2944 expressis
1318 2886 1603 2944 praeceptis
1616 2916 1630 2944 ‚
1660 2898 1719 2933 ac
1746 2883 2178 2943 prohibitionibus

300 2967 356 3015 in
375 2965 543 3022 aliquo
571 2978 679 3011 non
699 2968 1148 3029 obtemperaverit,
1175 2969 1233 3015 in
1263 2971 1663 3029 congregatione
1684 2968 2027 3015 Cardinalium
2054 2981 2179 3017 san-

303 3039 412 3099 ctae
446 3050 728 3109 Romanae,
777 3053 828 3098 et
865 3053 1167 3101 universalis
1202 3052 1549 3111 inquisitionis
1587 3053 1830 3101 adversus
1866 3052 2178 3099 haereticam

301 3134 598 3197 pravitatem
618 3146 710 3191 pro
729 3136 956 3192 tempore
978 3137 1355 3199 deputatorum,
1386 3153 1478 3187 sen
1504 3151 1675 3185 coram
1697 3136 1869 3195 judice
1880 3168 1898 3193 ‚
1925 3137 2011 3183 vel
2033 3135 2177 3193 jndi-

303 3221 443 3269 cibus
461 3220 523 3265 ab
544 3218 718 3265 eadem
745 3220 1144 3278 congregatione
1165 3221 1441 3283 delegatis,
1470 3222 1530 3269 de
1558 3220 1847 3280 hujusmodi
1864 3221 1998 3267 facto
2018 3218 2073 3265 in
2092 3218 2177 3265 di-
2198 3244 2211 3259 ·

302 3305 478 3352 stricto
504 3301 696 3362 judicio
715 3302 965 3351 rationem
984 3304 1197 3352 reddere
1216 3307 1450 3354 teneatur
1463 3336 1478 3365 ,
1498 3319 1557 3353 ac
1575 3318 1669 3364 pro
1690 3304 1841 3351 modo
1863 3303 2039 3361 culpae
2052 3332 2067 3360 ,
2089 3315 2178 3349 se-

306 3389 438 3434 veris
458 3388 637 3447 poenis
665 3385 890 3443 eiusdem
909 3389 1352 3451 congregationis,
1382 3403 1473 3437 seu
1498 3389 1712 3447 judicis,
1750 3388 1835 3434 vel
1858 3386 2084 3445 judicum
2112 3387 2179 3433 ab

306 3482 365 3516 ea
385 3470 779 3528 deputandorum
799 3470 1008 3518 arbitrio
1029 3470 1283 3529 puniatur.
1381 3474 1630 3533 Ceterum,
1650 3472 1696 3520 si
1711 3470 2069 3528 manuscripta,
2092 3467 2180 3515 vel
