2376 3925
307 157 534 210 EPIST.
572 157 787 210 PAULI
819 159 916 209 AD
954 157 1399 210 CORINTHIOS
1434 159 1477 209 1.
1514 159 1665 210 cAP.
1686 159 1735 209 4.
1756 159 1806 210 5.
1829 159 1878 210 6.
1947 160 2045 212 265

240 263 320 307 17.
355 262 475 308 ldeo
496 263 612 307 misi
629 261 694 306 ad
708 275 798 307 vos
815 261 1077 307 Timothe-
1145 260 1315 306 salvus
1354 261 1419 306 sit
1444 261 1496 306 in
1533 261 1613 307 die
1641 263 1849 309 Domini
1882 265 2048 310 nostri

169 341 254 374 um
271 359 286 387 ,
317 328 404 385 qni
435 331 514 375 est
528 329 660 376 filius
679 341 818 374 meus
839 328 1078 375 charissi-

169 409 312 455 mus,
349 397 402 442 et
434 395 597 442 fidelis
631 395 687 441 in
710 395 957 454 Domino;
992 395 1079 452 qui

173 475 269 508 vos
315 462 736 510 commonefaciet
777 463 884 508 vias
920 475 1075 521 meas,

171 542 302 586 quae
331 532 451 577 sunt
478 530 533 574 in
552 529 748 576 Christo
768 531 919 588 Jesu,
950 529 1080 576 sicut

171 597 357 653 ubique
376 597 430 642 in
452 597 588 642 omni
605 597 836 643 Ecclesia
855 597 1032 642 doceo.

239 665 324 709 18.
365 666 638 721 Tamquam
678 676 788 709 non
831 666 1077 710 venturus

173 729 267 776 sim
277 730 341 776 ad
352 744 462 790 vos,
477 731 548 777 sic
560 731 720 777 inflati
731 734 848 776 sunt
859 731 1074 788 quidam,

238 799 320 844 19.
361 799 560 844 veniam
577 801 744 844 autem
761 798 824 844 ad
842 811 936 844 vos
955 798 1075 856 cito,

172 864 218 910 si
235 865 482 912 Dominus
507 865 749 924 voluerit3
777 868 828 911 et
855 877 1077 922 cognos-

174 945 284 978 cam
309 945 416 977 non
443 946 727 979 sermonem
759 944 960 993 eorum,
991 930 1078 989 qui

172 999 336 1044 inflati
353 1002 486 1059 sunt,
507 1000 596 1046 sed
615 1000 866 1046 virtutem.

243 1067 324 1110 2⁰.
358 1067 474 1112 Non
501 1068 638 1112 enim
664 1067 718 1112 in
747 1079 980 1112 sermone
1001 1066 1079 1112 est

174 1145 388 1190 regnum
406 1133 519 1192 Dei,
541 1134 631 1180 sed
649 1133 704 1179 in
725 1134 908 1180 virtute
919 1138 958 1178 ⁰.

241 1201 320 1244 21.
345 1200 474 1254 Quid
495 1201 647 1246 vultis
659 1201 680 1245 1
693 1201 748 1247 in
766 1200 913 1259 virga
929 1199 1076 1246 veni-

172 1279 252 1312 am
289 1267 354 1312 ad
383 1269 506 1314 vos?
543 1280 608 1313 an
638 1267 694 1314 in
721 1267 989 1327 charitate,
1026 1269 1078 1313 et

173 1334 356 1391 spiritu
373 1335 840 1382 mansuetudinisp‘!

473 1467 643 1518 CAP.
707 1467 776 1520 V.

169 1547 582 1602 Reprehenduntur
603 1549 848 1598 Corinthii,
869 1549 986 1602 qnod
1005 1553 1075 1590 to-

169 1602 324 1645 lei-ent
347 1605 492 1645 virum
517 1605 566 1646 in
595 1606 772 1648 incestu
802 1603 982 1658 publice
1007 1605 1074 1645 vi-

171 1663 376 1708 ventem,
399 1671 528 1712 quem
547 1672 574 1700 a
611 1659 783 1701 ostolus
800 1660 966 1701 absens
983 1663 1076 1703 tra-

483 1713 550 1756 dit
603 1719 780 1757 atanae.

234 1794 282 1837 1.
322 1789 544 1835 Omnino
580 1789 778 1836 auditur
813 1790 948 1835 inter
983 1802 1078 1835 vos

167 1856 476 1916 fornicatio,
531 1857 583 1903 et
629 1855 744 1901 talis
786 1855 1076 1915 fornicatio,

168 1925 333 1984 qualis
363 1937 460 1971 nec
487 1923 621 1971 inter
651 1923 863 1983 Gentes,
899 1924 996 1984 ita,
1023 1925 1080 1971 ut

167 2006 388 2041 uxorem
405 1991 563 2051 patris
582 1991 662 2037 sui
679 1992 860 2049 aliquis
879 1992 1076 2038 habeat.

235 2063 286 2106 2.
321 2060 391 2105 Et
410 2071 501 2105 vos
523 2059 682 2105 inflati
709 2060 856 2117 estis;
893 2061 945 2106 et
969 2072 1077 2105 non

167 2127 332 2187 magis
352 2127 537 2173 luctum
556 2127 797 2173 habuistis
816 2158 830 2186 ,
853 2128 906 2173 ut
922 2126 1076 2173 tolla-

167 2200 254 2241 tur
285 2194 347 2242 de
375 2194 539 2241 medio
577 2196 827 2253 vestrum,
866 2195 951 2251 qui
978 2195 1076 2241 hoc

169 2275 302 2321 opus
320 2262 458 2308 fecit.

238 2330 288 2375 3.
320 2328 435 2387 Ego
457 2327 656 2386 quidem
682 2330 862 2377 absens
890 2341 1078 2386 corpo-

168 2411 256 2455 re,
288 2409 532 2454 praesens
553 2398 718 2441 autem
738 2396 944 2455 spiritu,
971 2395 1078 2453 jam

164 2462 423 2522 judicavi,
451 2465 507 2508 ut
533 2476 799 2522 praesens,
830 2477 970 2522 eum,
991 2462 1078 2519 qui

169 2532 247 2577 sic
268 2532 506 2587 operatus
527 2532 631 2576 est:

236 2600 286 2643 4.
331 2596 387 2642 in
421 2596 627 2643 nomine
668 2596 875 2642 Domini
912 2595 1077 2641 nostri

168 2666 297 2711 Jesu
317 2664 550 2723 Christiq,
580 2663 900 2722 congregatis
931 2663 1076 2709 vobis

170 2734 224 2778 et
249 2743 365 2777 meo
387 2731 590 2791 spiritu,
622 2745 730 2777 cum
761 2731 946 2777 virtute
963 2731 1075 2776 Do-

167 2798 298 2845 mini
317 2797 482 2844 nostri
499 2799 531 2843 J
534 2812 640 2857 esu,

239 2868 289 2912 5.
325 2865 527 2912 tradere
553 2864 842 2922 hujusmodi
868 2864 1074 2910 satanae

171 2934 226 2979 in
244 2933 507 2981 interitum
532 2931 699 2979 carnis
712 2936 750 2990 r,
786 2933 843 2976 ut
869 2930 1074 2989 spiritus

220 3023 416 3063 oc.2,4.
450 3025 552 3065 9‚2.
574 3034 590 3056 s
622 3045 633 3056 .
681 3020 1008 3063 raconlssto.
1057 3026 1074 3053 ἱ

169 3066 322 3106 Matth.
340 3068 400 3111 18,
421 3072 479 3105 17.
525 3074 544 3093 ¹'
561 3070 585 3103 2
635 3080 694 3102 or.
715 3070 773 3107 12,
783 3068 817 3103 8.
835 3064 1005 3108 Lucas,
1017 3068 1074 3103 16.

169 3114 280 3163 Eph.
299 3118 338 3157 2,
357 3117 394 3150 2.
411 3117 449 3158 6,
467 3118 527 3151 12.

293 3262 407 3316 Cap.
435 3260 519 3303 lv.

587 3265 652 3304 17.
692 3262 1084 3311 commonefacist3
1103 3260 1211 3305 ibid.
1228 3262 1277 3302 in
1299 3259 1478 3304 Christo
1490 3261 1635 3315 (deest
1649 3262 1798 3315 Jesu).

1143 329 1267 374 Jesn
1288 327 1489 373 Christi.

1213 397 1259 440 6.
1294 395 1411 440 Non
1430 396 1509 440 est
1526 397 1659 441 bona
1686 397 1923 455 gloriatio
1956 412 2045 444 ve·

1145 459 1271 521 stra!
1289 461 1525 520 Nescitis,
1538 463 1655 518 quia
1668 464 1920 512 modicum
1937 467 2045 512 fer-

1142 531 1365 575 mentum
1392 530 1550 574 totam
1573 542 1787 576 massam
1815 546 2045 579 corrum-

1143 596 1249 654 pit?

1212 664 1257 708 7.
1300 662 1595 722 Expurgate
1642 665 1786 710 vetus
1820 667 2045 713 sermen-

1142 731 1274 788 tum,
1318 733 1375 776 ut
1408 731 1517 776 sitis
1553 743 1691 776 nova
1728 734 2045 792 conspersio,

1143 798 1275 844 sicut
1284 797 1405 843 estis
1424 798 1615 856 azymi3
1638 798 1823 844 etenim
1850 800 2045 846 Pascha

1143 867 1373 910 nostrum
1390 864 1673 910 immolatus
1704 859 1782 911 est'
1800 866 2044 913 Christus.

1209 933 1257 977 8.
1284 933 1457 988 ltaque
1470 930 1746 991 epulemur,
1756 934 1927 979 nonin
1936 936 2045 980 ser-

1141 1000 1312 1044 mento
1336 998 1512 1057 veteri,
1539 1012 1702 1055 neque
1720 1000 1775 1045 in
1792 1002 2044 1048 fermento

1141 1064 1361 1111 malitiae
1382 1068 1433 1111 et
1448 1067 1719 1125 nequitiae,
1740 1068 1829 1114 sed
1848 1069 1902 1114 in
1920 1081 2042 1128 azy-

1142 1133 1235 1178 mis
1256 1132 1559 1178 sinceritatis
1580 1135 1630 1178 et
1648 1135 1891 1182 veritatis.

1212 1202 1257 1244 9.
1304 1199 1494 1256 Scripsi
1531 1198 1675 1245 vobis
1710 1201 1765 1245 in
1802 1202 2043 1260 epistola:

1142 1267 1220 1312 Ne
1240 1266 1661 1312 commisceamini
1676 1268 1991 1315 fornicariis!

1210 1334 1290 1378 10.
1342 1333 1461 1378 Non
1520 1333 1693 1389 ntique
1753 1336 2043 1382 fornicariis

1142 1401 1292 1457 huJ’us
1309 1399 1481 1446 mundi
1492 1429 1507 1458 ‚
1536 1401 1623 1445 aut
1640 1402 1807 1447 avaris
1820 1433 1834 1461 ‚
1856 1407 1941 1449 aut
1957 1416 2044 1450 ra-

1141 1467 1370 1526 pacibus,
1399 1469 1485 1512 aut
1503 1466 1651 1512 idolis
1679 1469 2043 1527 servientibus3

1141 1535 1367 1591 alioquin
1386 1533 1671 1580 debueratis
1700 1535 1761 1583 de
1780 1537 1877 1584 hoc
1894 1551 2043 1584 mun-

1143 1602 1207 1648 do
1228 1601 1432 1648 exiisse.

1210 1669 1291 1713 11.
1325 1668 1469 1714 Nunc
1489 1670 1655 1715 autem
1674 1669 1853 1726 scripsi
1880 1669 2043 1729 vobis,

1142 1747 1250 1780 non
1270 1735 1607 1793 commisceri3
1638 1735 1683 1780 si
1702 1735 1764 1793 is,
1784 1735 1870 1792 qui
1888 1737 2047 1782 frater

1144 1799 1459 1858 nominatur,
1497 1802 1576 1846 est
1614 1802 1922 1862 fornicator,
1958 1805 2048 1848 aut

1145 1879 1353 1924 avarus,
1383 1871 1469 1912 aut
1495 1867 1645 1912 idolis
1676 1868 1931 1928 serviens,
1960 1870 2047 1914 aut

1144 1933 1415 1981 maledicus
1427 1964 1442 1993 ,
1470 1936 1557 1981 sut
1575 1932 1804 1981 ebriosus
1816 1966 1831 1995 ,
1854 1937 1943 1983 aut
1957 1949 2045 1983 ra-

1143 2014 1272 2061 pax;
1320 2014 1433 2049 cum
1468 2002 1719 2059 ejusmodi
1750 2017 1845 2051 nec
1882 2004 2045 2051 cibum

1143 2082 1358 2116 sumere.

1210 2138 1291 2183 12.
1328 2136 1459 2191 Quid
1478 2136 1611 2183 enim
1628 2138 1750 2183 mihi
1771 2138 1830 2184 de
1849 2138 1936 2198 iis,
1960 2139 2045 2196 qui

1142 2204 1271 2251 foris
1298 2207 1441 2263 sunt,
1476 2204 1735 2262 judicare?
1770 2206 1956 2252 Nonne
1982 2206 2044 2252 de

1142 2272 1224 2329 iis,
1245 2272 1328 2328 qui
1348 2272 1483 2317 intus
1502 2274 1646 2331 sunt,
1669 2284 1760 2318 vos
1775 2272 2043 2329 judicatis?

1211 2340 1290 2383 13.
1326 2339 1452 2385 Nam
1479 2351 1595 2397 eos,
1628 2339 1715 2395 qui
1747 2340 1875 2385 foris
1906 2343 2042 2397 sunt,

1143 2405 1280 2451 Deus
1295 2406 1554 2461 J’udicabit.
1622 2406 1833 2453 Auferte
1858 2405 2043 2451 malum

1145 2486 1212 2519 ex
1230 2473 1373 2519 vobis
1392 2470 1537 2529 ipsis!

1434 2594 1604 2646 CAP.
1659 2594 1751 2645 Vl.

1145 2693 1459 2749 Corripiuntur
1479 2690 1716 2739 Corinthii,
1738 2690 1855 2743 quos
1869 2672 2042 2744 judicio

1143 2750 1417 2793 contendant
1466 2760 1613 2791 coram
1662 2746 1817 2799 judice
1866 2752 2039 2790 extero.

1141 2804 1271 2855 Sunt,
1282 2817 1394 2859 quae
1402 2804 1556 2851 licent,
1567 2801 1649 2844 sed
1668 2816 1755 2843 non
1774 2803 2041 2857 expediunt.

1210 2899 1256 2942 1.
1289 2895 1455 2943 Audet
1490 2894 1669 2951 aliquis
1699 2898 1920 2943 vestrum
1946 2898 2040 2944 ha-

1140 2967 1265 3011 bens
1282 2962 1541 3021 negotium
1560 2962 1799 3009 adversus
1810 2965 2039 3023 alterum,

1137 3031 1355 3090 judicari
1391 3030 1522 3085 apud
1564 3029 1792 3090 iniquos,
1840 3035 1891 3078 et
1934 3045 2037 3077 non

1142 3098 1274 3157 apud
1292 3097 1522 3143 sanctos?

1859 3264 1926 3305 19.
1955 3262 2046 3303 cito

177 3319 239 3361 ad
264 3332 362 3360 vos.
422 3320 492 3358 21·
522 3320 600 3360 aut
629 3318 694 3359 in·
807 3316 864 3359 V.
923 3322 962 3360 1.
993 3318 1140 3373 patris
1173 3318 1318 3371 (deest
1334 3318 1443 3371 sui).
1498 3321 1539 3359 2.
1570 3316 1821 3360 tolleretur.
1878 3321 1921 3357 4.
1952 3317 2049 3357 Do-

176 3374 289 3417 mini
316 3373 430 3415 Jesu
457 3372 608 3424 (deest
641 3372 784 3415 nostri
821 3379 868 3416 et
906 3372 1118 3427 Christi).
1196 3376 1239 3415 5.
1286 3373 1464 3416 Domini
1502 3372 1613 3415 Jesu
1648 3374 1791 3426 (deest
1824 3371 1968 3413 nostri
2004 3378 2053 3414 et

179 3429 418 3482 (ΗΠ-ἰαὶ).
455 3430 496 3469 6.
517 3440 606 3469 non
624 3429 741 3471 bona
763 3430 906 3483 (deest
921 3430 1028 3483 est).
1085 3432 1125 3471 7.
1147 3430 1423 3484 consparsio.
1482 3430 1523 3470 9.
1554 3427 1767 3482 epistula.
1828 3431 1894 3468 10.
1925 3428 2049 3469 exis-

179 3498 245 3529 se.
306 3488 372 3526 12.
406 3483 461 3526 de
481 3480 552 3525 his
573 3484 646 3535 qui
677 3483 802 3540 (bis).
915 3483 997 3526 VI.
1057 3488 1097 3527 1.
1129 3489 1256 3540 aput.
