2376 3925
518 164 781 216 ACTUS
834 163 1486 215 APOSTOLORUM.
1528 165 1696 216 cAP.
1753 167 1802 216 ¹7.

227 283 340 314 ram
357 269 528 326 istam,
559 268 614 312 in
643 279 743 323 qua
768 280 901 312 nunc
930 279 1025 312 vos
1045 267 1135 311 ha-

227 336 397 382 bitatis
408 341 448 380 η.

298 406 343 447 5.
378 403 447 448 Et
464 414 573 447 non
592 401 729 447 dedit
752 399 829 446 illi
847 400 1134 446 haeredita-

224 473 331 516 tem
348 470 405 514 in
425 483 503 526 ea,
524 483 621 514 nec
639 481 835 525 passum
855 469 1027 527 pedis3
1048 467 1136 513 sed

225 536 525 594 repromisit
552 536 671 581 dare
698 535 774 580 illi
802 548 913 582 eam
940 535 995 580 in
1011 547 1135 592 pos-

227 604 533 660 sessionem,
573 606 623 648 et
658 602 837 648 semini
874 602 984 658 ejus
1021 605 1137 659 post

226 673 393 728 ipsum
407 701 423 730 ‚
444 684 553 716 cum
574 680 679 715 non
699 669 909 715 haberet
928 669 1083 714 fllium
1098 675 1135 714 ⁰.

296 757 344 799 6.
382 755 603 799 Locutus
624 755 703 799 est
720 755 882 798 autem
905 753 952 798 ei
970 752 1132 798 Deus:

227 822 405 883 „Quia
424 821 521 866 erit
549 833 720 866 semen
752 820 861 878 ejus
890 820 1063 865 accola
1082 819 1136 864 in

229 892 408 948 „terra
443 888 636 945 aliena,
690 889 741 932 et
775 887 1007 932 servituti
1045 898 1135 932 eos

230 956 563 1015 „subjicient‚
606 956 657 999 et
690 954 820 999 male
852 955 1137 1000 tractabunt

230 1035 362 1083 „eos
382 1022 526 1067 annis
546 1021 943 1079 quadringentis.

303 1107 349 1150 7.
385 1106 487 1163 „Et
505 1107 724 1163 gentem,
746 1103 826 1150 cui
847 1103 1133 1162 servierint,

232 1173 503 1232 „judicabo
526 1186 640 1230 ego,
664 1171 791 1217 dixit
808 1171 1072 1229 Dominus,
1087 1173 1137 1216 et

230 1244 391 1299 „post
415 1240 537 1285 haec
566 1240 804 1297 exibunt,
834 1241 885 1284 et
912 1238 1139 1285 servient

230 1307 397 1366 „mihi
415 1305 468 1350 in
487 1305 599 1352 loco
622 1305 819 1352 ist0.“1²

299 1377 348 1419 8.
384 1373 453 1417 Et
497 1373 631 1419 dedit
674 1371 751 1419 illi
787 1375 1135 1419 testamentum

232 1439 631 1488 circumcisionis
645 1444 669 1481 ⁴1
678 1454 692 1496 ς
744 1443 795 1485 et
841 1441 913 1487 sic
962 1439 1137 1497 genuit

229 1511 391 1565 Isaac,
446 1508 496 1552 et
549 1507 857 1553 circumcidit
907 1521 1018 1553 eum
1055 1506 1135 1551 die

231 1578 475 1630 octavo’·;
512 1575 562 1619 et
588 1575 727 1618 isaac
753 1575 939 1630 Jacob3
970 1575 1020 1620 et
1046 1575 1135 1618 Ja-

231 1645 328 1688 cob
348 1640 612 1686 duodecim
629 1640 960 1685 Patriarchas.

298 1721 344 1762 9.
380 1717 449 1762 Et
467 1714 790 1760 Patriarchae
810 1715 1135 1773 aemulantes,

226 1785 422 1841 Ioseph
480 1780 814 1826 vendiderunt
863 1781 916 1825 in
970 1782 1137 1840 Aegy-

228 1856 429 1910 ptum-'3
455 1850 505 1894 et
524 1850 633 1892 erat
650 1847 787 1892 Deus
807 1861 919 1893 cum
938 1860 1029 1902 θος

297 1936 379 1980 10.
402 1932 421 1961 ²
432 1934 482 1978 et
497 1930 683 1989 eripuit
699 1944 811 1977 eum
831 1945 896 1979 ex
909 1931 1138 1978 omnibus

227 2000 642 2050 tribulationibus
674 1999 811 2056 eJus3
847 2002 898 2045 et
927 2000 1062 2045 dedit
1091 2001 1138 2046 ei

230 2068 443 2129 gratiam
465 2070 515 2112 et
534 2067 829 2124 sapientiam
848 2067 900 2112 in
921 2080 1136 2124 conspe-

230 2140 317 2183 ctu
337 2135 616 2181 Pharaonis
644 2135 781 2191 regis
810 2135 1053 2194 Aegypti,
1086 2136 1137 2180 et

228 2202 494 2250 constituit
523 2216 635 2248 eum
671 2202 1012 2258 praepositum
1048 2215 1134 2247 su-

226 2284 322 2329 per
342 2271 649 2328 Aegyptum,
681 2269 732 2314 et
758 2282 910 2326 super
938 2283 1133 2315 omnem

228 2339 434 2384 domum
452 2350 607 2382 suam.

296 2406 379 2448 11.
414 2403 568 2449 Venit
584 2404 749 2448 autem
766 2404 922 2448 fames
943 2401 997 2448 in
1016 2402 1133 2448 uni-

226 2483 431 2517 versam
450 2472 731 2528 Aegypt-um
742 2472 792 2515 et
808 2470 1063 2529 Chanaan,
1085 2471 1136 2516 et

224 2537 488 2586 tribulatio
499 2550 680 2595 magna
693 2552 706 2593 ;
721 2541 771 2582 et
785 2551 890 2582 non
900 2537 1133 2584 invenie-

226 2608 354 2652 bant
374 2604 511 2650 cibos
529 2606 698 2663 patres
719 2605 899 2649 nostri.

298 2672 378 2716 12.
418 2673 537 2717 Cum
557 2671 777 2717 audisset
795 2674 959 2717 autem
977 2672 1133 2717 Jacob

228 2752 347 2786 esse
366 2740 667 2784 [rumentum
684 2739 738 2783 in
755 2739 987 2797 Aegypto
1004 2770 1017 2797 ‚
1036 2739 1133 2784 mi-

226 2808 297 2853 sit
318 2808 485 2863 patres
507 2808 712 2850 nostros
732 2806 971 2862 primum;

300 2874 381 2918 13.
418 2873 541 2919 etin
561 2871 782 2917 secundo
806 2872 1037 2929 cognitus
1057 2873 1137 2917 est

274 2977 295 2994 ῃ
320 2968 421 3004 Gen·
448 2971 514 3005 12·
542 2969 576 3004 ⁵·
648 2972 666 2992 ο
687 2964 788 3001 Gen·
806 2970 873 3007 1³,
901 2968 960 3003 1⁵·
986 2968 1054 3007 1⁵,
1074 2969 1132 3004 18-

224 3024 251 3049 ?
275 3015 377 3052 Gen.
396 3017 458 3055 15,
476 3018 535 3051 13.
554 3023 613 3059 sq.
650 3010 782 3048 Exod.
808 3016 854 3053 3,
882 3014 942 3047 12.
990 3018 1007 3045 ¹²
1028 3012 1133 3048 Gen.

222 3066 295 3102 17,
327 3066 384 3097 lo.
415 3071 501 3107 sqq.
556 3066 574 3085 ²·
593 3058 697 3096 Gen.
724 3062 792 3099 21,
816 3061 855 3095 4.
910 3064 926 3083 ⁸
947 3056 1047 3095 Gen.
1073 3062 1132 3097 37.

222 3112 245 3132 f
264 3119 302 3144 v.
328 3112 343 3141 1
379 3109 491 3143 —15.
512 3106 614 3142 Gen.
632 3108 806 3143 39—46.

2007 167 2108 217 195

1203 267 1394 323 Joseph
1413 279 1444 312 a
1461 267 1698 313 fratribus
1718 269 1822 314 suis
1834 298 1849 328 ,
1879 271 1930 315 et
1941 261 2107 315 ⁴mani-

1204 335 1438 380 testatum
1452 336 1530 379 est
1539 335 1794 380 Pharaoni
1807 349 1966 392 genus
1981 337 2104 393 ejus.

1271 402 1350 445 14.
1387 401 1596 446 Mittens
1627 405 1793 448 autem
1809 404 2002 460 Joseph
2021 417 2106 449 ac-

1205 467 1411 514 cersivit
1437 468 1594 514 Jacob
1623 471 1815 525 patrem
1844 484 2016 530 suum,
2057 471 2108 517 et

1206 547 1406 580 omnem
1451 536 1808 592 cognationem
1860 551 1999 583 suam
2052 539 2102 583 in

1204 602 1460 647 animabus
1481 603 1800 660 septuaginta
1821 605 2052 661 quinque.

1271 671 1351 713 15.
1388 669 1458 713 Et
1478 668 1738 715 descendit
1753 672 1912 716 Jacob
1933 672 1984 716 in
2003 674 2104 718 Ae-

1205 738 1427 794 gyptum,
1450 738 1501 781 et
1520 735 1784 782 defunctus
1805 739 1884 783 est
1901 738 2008 795 ipse
2021 769 2034 796 ,
2058 742 2108 785 et

1205 804 1370 860 patres
1391 803 1570 848 nostri.

1271 871 1350 913 16.
1369 869 1437 914 Et
1454 870 1686 916 translati
1698 871 2105 929 suntin'Sichem‚

1205 938 1256 982 et
1276 936 1426 993 positi
1445 939 1561 983 sunt
1578 937 1632 982 in
1651 939 1920 996 sepulchro
1933 969 1948 997 ,
1977 939 2108 995 quod

1205 1003 1323 1049 emit
1357 1004 1606 1050 Abraham
1643 1006 1806 1062 pretio
1845 1006 2044 1063 argenti
2079 1019 2111 1051 a

1203 1071 1317 1116 filiis
1337 1071 1526 1117 Hemor
1545 1072 1636 1117 filii
1655 1073 1854 1119 Sichem
1863 1078 1902 1118 ¹⁴.

1271 1140 1350 1182 17.
1370 1140 1531 1183 ¹'Cum
1549 1141 1713 1185 autem
1733 1140 2108 1198 appropinqua-

1203 1206 1284 1250 ret
1317 1208 1512 1262 tempus
1550 1207 1925 1265 promissionis,
1962 1221 2108 1264 quam

1207 1273 1470 1318 confessus
1520 1276 1630 1317 erat
1673 1273 1811 1319 Deus
1858 1274 2105 1332 Abrahae,

1207 1339 1367 1385 crevit
1393 1339 1637 1398 populus,
1675 1343 1726 1386 et
1753 1340 2107 1398 multiplicatus

1207 1408 1282 1452 est
1301 1406 1355 1451 in
1374 1407 1625 1464 Aegypto,

1273 1475 1352 1517 18.
1391 1474 1716 1530 quoadusque
1737 1475 1961 1519 surrexit
1979 1473 2108 1520 alius

1205 1554 1299 1586 rex
1318 1540 1372 1585 in
1401 1542 1661 1600 Aegypto,
1692 1542 1776 1598 qui
1795 1555 1899 1586 non
1920 1542 2108 1587 sciebat

1204 1608 1234 1650 J
1239 1609 1412 1665 oseph.

1272 1676 1352 1717 19.
1387 1674 1484 1720 Hic
1513 1675 1911 1720 circumveniens
1948 1689 2107 1732 genus

1206 1741 1458 1798 nostrum,
1489 1741 1667 1786 afflixit
1695 1747 1862 1798 patres
1881 1745 2105 1798 nostros,

1209 1807 1262 1849 ut
1281 1811 1598 1861 exponerent
1622 1807 1842 1853 infantes
1871 1821 2015 1866 suos,
2043 1821 2108 1853 ne

1209 1871 1595 1917 vivificarentur.

1273 1939 1356 1983 20.
1390 1938 1584 1986 Eodem
1605 1941 1830 1998 tempore
1859 1942 2004 1987 natus
2031 1943 2110 1988 est

1207 2008 1440 2065 Moyses,
1472 2011 1523 2052 et
1550 2008 1646 2053 fuit
1674 2011 1844 2065 gratus
1862 2008 2000 2066 Dee,
2022 2009 2107 2066 qui

1203 2074 1422 2119 nutritus
1461 2078 1538 2120 est
1572 2076 1730 2121 tribus
1766 2076 2016 2123 mensibus
2053 2077 2104 2121 in

1206 2141 1354 2187 domo
1375 2142 1530 2199 patris
1549 2142 1643 2188 sui.

1271 2209 1352 2253 21.
1387 2208 1640 2267 Exposito
1661 2211 1826 2255 autem
1852 2210 1968 2269 illo,
1990 2224 2102 2257 sus-

1202 2275 1319 2321 tulit
1346 2290 1457 2321 eum
1486 2276 1590 2322 filia
1611 2278 1888 2323 Pharaonis
1902 2308 1916 2336 ,
1938 2282 1988 2324 et
2006 2291 2103 2324 nu-

1202 2342 1345 2388 trivit
1365 2356 1476 2388 eum
1495 2344 1590 2390 sibi
1610 2344 1666 2388 in
1683 2344 1852 2390 filium.

1268 2420 1350 2465 22.
1400 2419 1472 2465 Et
1515 2420 1738 2466 eruditus
1787 2423 1862 2465 est
1897 2421 2102 2477 Moyses

1204 2487 1340 2531 omni
1369 2486 1616 2543 sapientia
1640 2486 2027 2545 Aegyptiorum,
2054 2488 2104 2530 et

1203 2556 1313 2598 erat
1331 2557 1511 2610 potens
1530 2555 1585 2600 in
1605 2555 1771 2601 verbis
1792 2556 1842 2599 et
1859 2552 1913 2598 in
1933 2552 2100 2609 operi-

1203 2622 1293 2667 bus
1313 2620 1432 2667 suis.

1267 2688 1348 2733 23.
1387 2689 1510 2733 Cum
1538 2690 1702 2734 autem
1738 2686 2026 2742 impleretur
2053 2688 2102 2733 ei

1202 2755 1532 2812 quadraginta
1583 2766 1832 2799 annorum
1888 2755 2098 2813 tempus,

1202 2822 1428 2867 ascendit
1446 2821 1500 2865 in
1521 2832 1608 2866 cor
1629 2819 1764 2877 ejus,
1791 2820 1846 2865 ut
1874 2821 2100 2869 visitaret

1202 2889 1384 2933 tratres
1405 2899 1524 2932 suos
1544 2886 1674 2932 filios
1694 2884 1866 2933 Israel.

1267 2955 1348 2998 24.
1382 2953 1451 2999 Et
1471 2966 1582 2998 cum
1609 2953 1814 3001 vidisset
1842 2956 2098 3013 quemdam

1247 3068 1269 3086 ¹⁸
1289 3060 1392 3097 Gen.
1413 3064 1480 3101 33,
1508 3064 1566 3099 18.
1587 3073 1644 3110 sq.
1678 3062 1809 3100 Exod.
1828 3069 1894 3106 13,
1914 3070 1974 3102 19.
2020 3072 2040 3089 v
2058 3076 2097 3101 v.

1199 3111 1366 3145 17—29.
1390 3106 1520 3145 Exod.
1540 3113 1576 3150 1,
1594 3113 1628 3146 2.

345 3253 459 3307 Cap.
488 3251 596 3294 VII.
655 3255 696 3294 6.
729 3250 865 3294 Deest
888 3252 933 3293 ei
953 3257 1062 3295 ante
1091 3251 1232 3295 Deus.
1289 3256 1331 3295 7.
1362 3268 1443 3306 ego
1466 3255 1705 3309 judicatam
1735 3257 1845 3301 ibid.
1874 3263 1921 3300 et
1948 3259 2100 3301 deser·

225 3311 369 3351 vient.

430 3312 470 3349 8.
505 3308 577 3349 die
607 3310 779 3349 octava.
844 3311 912 3349 10.
942 3307 1081 3359 Regis
1116 3307 1454 3365 Aegyptiorum.
1513 3316 1580 3353 14.
1613 3315 1844 3361 arcessiit3
1881 3312 1988 3355 ibid.
2027 3327 2100 3355 co-

228 3366 492 3417 gnationem
525 3363 571 3404 in
600 3363 833 3405 animabus
870 3362 1013 3415 (dem
1047 3365 1212 3416 suam)·
1273 3368 1339 3407 17.
1375 3365 1482 3407 Cum
1514 3368 1898 3422 adpropinquaret
1929 3374 2100 3418 autem3

226 3420 341 3464 ibid.
382 3419 761 3474 repromissionis.
840 3422 905 3460 18.
938 3418 1042 3462 Rex
1080 3418 1212 3462 alius.
1285 3424 1354 3463 20.
1387 3421 1536 3464 Moses
1575 3422 1668 3476 (ita
1689 3424 1898 3477 semper)-
1957 3427 2024 3467 21.
2055 3429 2102 3468 et

231 3476 467 3519 enutrivit.
