2376 3925
273 175 375 226 116

279 282 368 324 bus
386 289 495 322 non
506 279 585 321 est
594 273 871 333 cellarium,
884 285 1049 330 neque
1060 271 1185 318 hor-

277 358 437 402 reum,
449 342 647 390 etDeus
658 341 819 399 pascit
834 340 971 386 illos.
1008 339 1185 393 Quan-

277 417 333 458 to
352 410 512 469 magis
534 421 625 455 vos
644 409 804 467 pluris
824 407 947 455 estis
966 407 1103 454 iuis?

346 480 429 524 25.
464 477 589 531 Quis
608 481 773 522 autem
794 478 1015 523 vestrum
1041 473 1185 532 cogi-

280 545 434 591 tando
471 546 640 602 potest
676 543 899 602 adjicere
926 542 990 588 ad
1024 543 1186 588 statu-

280 625 389 660 ram
408 624 550 658 suam
568 611 789 657 cubitum
806 609 994 656 unum?

346 681 429 724 26.
464 679 521 726 Si
539 692 665 737 ergo
684 691 865 736 neque,
882 676 1017 734 quod
1034 675 1188 722 mini-

280 760 415 794 mum
434 749 527 804 est,
552 745 797 804 potestis?
826 745 947 802 quid
964 744 1027 791 de
1046 745 1188 790 cete-

278 815 353 861 ris
372 813 561 860 soliciti
578 812 735 859 estis?

348 883 429 927 27.
468 881 798 927 Considerate
817 879 953 938 lilia,
974 891 1190 936 quomo·

283 949 347 996 do
378 948 643 996 crescunt?
670 960 779 992 non
804 947 1066 1006 laborant,
1093 959 1191 992 ne—

280 1031 379 1074 que
398 1017 549 1073 nent3
581 1015 695 1060 dico
714 1017 883 1061 autem
900 1015 1047 1061 vobis
1060 1045 1075 1073 ,
1094 1027 1193 1060 nec

284 1083 527 1130 Salomon
556 1082 609 1128 in
638 1083 778 1128 omni
797 1082 965 1141 gloria
988 1095 1081 1127 sua
1100 1095 1192 1128 ve-

284 1151 526 1198 stiebatur
545 1151 677 1198 sicut
697 1164 852 1197 unum
870 1163 939 1198 ex
956 1147 1089 1196 istis!

350 1220 432 1264 28.
454 1217 511 1266 Si
528 1221 695 1265 autem
714 1219 940 1278 foenum,
950 1217 1085 1274 quod
1096 1217 1193 1262 ho-

285 1287 365 1332 die
385 1287 535 1334 estin
554 1299 706 1346 agro,
736 1289 789 1334 et
814 1299 925 1333 cras
951 1285 1006 1331 in
1035 1285 1193 1331 cliba-

283 1368 405 1400 num
440 1354 680 1412 mittitur,
725 1355 864 1401 Deus
903 1354 975 1399 sic
1015 1351 1192 1408 vestit;

284 1421 475 1477 quanto
494 1421 655 1478 magis
678 1422 800 1466 vos?
820 1420 1035 1478 pusillae
1056 1417 1192 1466 fidei!

351 1490 433 1532 29.
468 1487 536 1533 Et
582 1499 675 1532 vos
718 1487 880 1533 nolite
927 1499 1193 1544 quaerere,

284 1554 403 1611 quid
419 1553 750 1612 manducetis,
763 1555 849 1601 aut
858 1553 977 1610 quid
992 1552 1193 1613 bibatis,

285 1625 337 1668 et
356 1620 516 1667 nolite
536 1620 591 1666 in
615 1620 825 1668 sublime
842 1621 985 1678 tolli3

354 1691 435 1735 3⁰.
471 1688 597 1735 haec
634 1689 770 1735 enim
808 1689 977 1735 omnia
1018 1690 1196 1747 gentes

286 1756 462 1804 mundi
498 1759 763 1814 quaerunt.
840 1758 993 1804 Pater
1029 1757 1198 1802 autem

288 1827 457 1873 vester
468 1824 579 1884 seit,
592 1825 831 1883 quoniam
848 1825 928 1871 his
940 1824 1195 1884 indigetis.

355 1894 437 1938 31.
470 1894 829 1941 Verumtamen
841 1893 1067 1950 quaerite
1088 1891 1196 1950 pri-

286 1974 423 2007 mum
456 1972 671 2018 reg-num
707 1961 832 2019 Dei,
870 1964 923 2006 et
948 1959 1196 2017 justitiam

288 2028 428 2083 ejus3
460 2030 511 2073 et
528 2027 654 2073 haec
674 2027 845 2073 omnia
863 2026 1197 2083 adjicienture

288 2092 449 2139 vobis.

356 2160 435 2203 32.
506 2157 679 2204 Nolite
730 2159 927 2217 timere,
981 2158 1196 2216 pusillus

288 2223 443 2283 grex!
473 2224 591 2280 quia
618 2224 921 2282 complacuit
946 2226 1078 2283 patri
1104 2240 1195 2272 ve-

288 2296 395 2339 stro
419 2291 538 2337 dare
557 2291 703 2337 vobis
723 2304 952 2350 regnum.

357 2360 437 2406 33.
467 2351 745 2419 vendites,
757 2372 886 2417 quae
904 2362 1194 2422 possidetis,

290 2429 341 2474 et
360 2427 473 2474 date
494 2426 889 2487 eleemosynam!
908 2428 1081 2475 Facite
1101 2442 1196 2475 vo-

291 2495 365 2541 bis
404 2493 633 2543 sacculos
646 2526 660 2553 ,
711 2494 797 2552 qui
845 2508 948 2542 uon
994 2498 1196 2543 vetera-

290 2565 463 2623 scunt,
503 2563 795 2609 thesaurum
822 2576 929 2609 non
959 2564 1197 2611 deficien-

289 2634 390 2676 tem
408 2632 463 2677 in
475 2630 631 2678 coelis
645 2644 658 2689 ;
671 2644 770 2687 quo
791 2630 874 2677 fur
892 2643 999 2677 non
1008 2644 1196 2689 appro-

290 2696 413 2756 piat,
433 2713 596 2756 neque
614 2698 753 2745 tinea
772 2698 1063 2756 corrumpit.

360 2764 441 2809 34.
478 2766 572 2813 Ubi
591 2768 726 2814 enim
742 2768 1007 2813 thesaurus
1030 2767 1198 2812 vester

294 2834 389 2887 est,
408 2831 478 2877 ibi
496 2836 548 2878 et
566 2847 657 2879 eor
676 2838 899 2883 vestrum
918 2832 1040 2881 erit!

360 2898 441 2943 35.
474 2900 631 2945 8Sint
663 2901 817 2950 lumbi
856 2902 1012 2949 vestri
1048 2914 1200 2960 prae-

294 2964 470 3023 cincti,
512 2968 563 3012 et
597 2965 837 3018 lucernae
873 2970 1107 3019 ardentes
1145 2968 1197 3014 in

292 3032 521 3080 manibus
544 3034 745 3094 vestris,

339 3150 356 3169 e
374 3148 395 3179 1
414 3142 521 3178 Tim.
548 3146 588 3181 4.
614 3145 652 3180 8.
715 3141 743 3175 ἰ
762 3144 812 3181 cf.
844 3158 876 3182 e.
904 3149 971 3187 18,
996 3151 1053 3182 22.
1118 3151 1143 3181 ε
1160 3156 1200 3182 v.

294 3193 462 3228 35—37.
493 3188 636 3226 Matth.
655 3193 715 3233 2⁵,
736 3196 769 3228 1.
791 3202 878 3239 sqq.

881 167 1169 221 LucAs.
1242 166 1414 219 cAP.
1451 168 1537 217 12.

1321 271 1401 316 36.
1439 271 1492 315 et
1525 282 1619 315 vos
1659 269 1844 316 similes
1871 269 2174 316 hominibu-

1256 337 1667 395 exspectantibns
1705 336 1963 382 dominum
1999 350 2174 395 suum,

1255 404 1456 462 quando
1483 406 1774 451 revertatur
1793 418 1823 450 a
1841 404 2062 462 nuptiis3
2091 407 2175 460 ut,

1257 485 1366 522 cum
1385 472 1611 530 venerit,
1641 474 1695 518 et
1709 471 2016 531 pulsaverit,
2039 484 2178 518 con-

1255 539 1422 587 festim
1441 539 1674 596 aperiant
1691 539 1756 585 ei.

1323 623 1405 669 37.
1440 623 1582 669 Beati
1602 623 1741 669 servi
1758 621 1860 669 illi!
1882 635 2036 682 quos,
2058 636 2180 669 cum

1257 691 1458 737 venerit
1477 690 1709 736 dominus
1722 721 1737 749 ,
1759 691 2018 737 invenerit
2035 691 2176 749 vig-i-

1257 759 1451 816 lantes3
1481 759 1643 805 Amen
1671 758 1786 804 dieo
1819 757 1990 804 vobis:
2022 757 2178 811 Quod

1257 825 1556 885 praecinget
1575 839 1629 872 se
1645 857 1658 884 ‚
1684 827 1736 872 et
1752 825 1911 871 faciet
1927 825 2048 871 illos
2069 825 2176 871 dis·

1262 896 1521 953 cumbere,
1551 895 1602 940 et
1627 893 1885 939 transiens
1911 893 2174 938 ministra·

1261 962 1336 1010 bit
1353 961 1472 1007 illis.

1331 1030 1411 1075 38.
1446 1029 1516 1074 Et
1551 1027 1594 1073 si
1633 1027 1836 1074 venerit
1867 1028 1920 1073 in
1950 1028 2182 1074 secunda

1263 1096 1440 1155 vigilia
1452 1127 1466 1156 ,
1489 1099 1540 1143 et
1557 1096 1602 1141 si
1620 1096 1674 1141 iu
1692 1095 1844 1141 tertia
1871 1094 2048 1152 vigilia
2081 1109 2179 1141 ve-

1262 1164 1414 1222 nerit,
1437 1166 1490 1209 et
1507 1163 1578 1209 ita
1596 1163 1878 1222 invenerit,
1900 1161 2032 1208 beati
2052 1167 2184 1208 sunt

1264 1232 1402 1279 servi
1419 1229 1518 1277 illi!

1332 1300 1411 1344 39.
1446 1289 1768 1344 Hochautem
1788 1294 2180 1354 scitote3quon-

1263 1367 1362 1412 iam
1383 1365 1427 1412 si
1446 1366 1600 1412 sciret
1627 1368 1770 1422 pater
1791 1364 2008 1410 familias
2021 1395 2035 1423 ,
2075 1377 2184 1421 qua

1261 1435 1392 1480 hora
1409 1435 1492 1479 fur
1503 1431 1719 1492 veniret,
1734 1430 1968 1489 vigilaret
1975 1431 2181 1492 utique,

1265 1506 1317 1548 et
1352 1514 1459 1546 non
1497 1500 1692 1547 sineret
1729 1497 1929 1556 perfodi
1965 1498 2183 1545 domum

1265 1581 1420 1616 suam.

1329 1637 1411 1681 40.
1431 1633 1500 1682 Et
1523 1647 1612 1681 vos
1634 1637 1795 1681 estote
1813 1631 1999 1691 parati!
2021 1628 2180 1692 quiat‘,

1265 1716 1362 1760 qua
1381 1703 1511 1749 hora
1529 1715 1637 1748 non
1656 1701 1841 1760 putatis
1853 1730 1868 1759 ,
1894 1699 2060 1748 Filius
2079 1701 2181 1747 ho-

1261 1771 1414 1817 minis
1435 1770 1622 1816 veniet.

1330 1841 1412 1884 41.
1448 1837 1534 1884 Ait
1561 1839 1726 1883 autem
1753 1837 1801 1882 ei
1829 1837 2034 1882 Petrus:
2065 1836 2182 1882 Do·-

1264 1904 1428 1952 mine!
1457 1905 1522 1951 ad
1541 1917 1637 1951 nos
1659 1903 1783 1950 dicis
1803 1903 1933 1950 hanc
1955 1905 2180 1962 parabo-

1265 1974 1396 2020 lam?
1416 1987 1480 2019 an
1501 1976 1556 2020 et
1572 1972 1635 2019 ad
1654 1973 1868 2019 omnes?

1331 2059 1414 2109 42.
1465 2048 1644 2105 kDixit
1687 2060 1856 2104 autem
1898 2055 2178 2102 Dominus:

1268 2124 1391 2178 Quis
1407 2155 1422 2184 ,
1442 2129 1612 2185 putas,
1635 2129 1713 2172 est
1729 2124 1890 2172 fidelis
1911 2124 2180 2181 dispensa-

1265 2194 1375 2251 tor,
1398 2195 1450 2239 et
1466 2193 1713 2252 prudens,
1744 2206 1894 2250 quem
1913 2190 2184 2237 constituit

1266 2260 1497 2307 dominus
1519 2274 1672 2319 supra
1688 2260 1931 2307 familiam
1949 2270 2110 2317 suam,
2120 2260 2184 2303 ut

1266 2326 1349 2375 det
1366 2328 1470 2373 illis
1488 2328 1542 2373 in
1557 2332 1784 2386 tempore
1795 2326 1952 2374 tritici
1967 2338 2182 2371 mensu-

1264 2396 1406 2441 ram?

1332 2464 1415 2508 43.
1451 2464 1630 2509 Beatus
1659 2460 1748 2509 ille
1777 2458 1978 2509 servus!
2009 2474 2182 2519 quem,

1268 2543 1379 2577 cum
1398 2529 1599 2576 venerit
1628 2529 1888 2589 dominus,
1920 2528 2185 2575 invenerit

1266 2598 1338 2644 ita
1354 2598 1640 2644 facientem.

1332 2683 1415 2726 44.
1448 2682 1582 2726 Vere
1603 2680 1715 2727 dico
1743 2679 1908 2727 vobis!
1938 2678 2185 2737 quoniam

1269 2761 1420 2807 supra
1441 2748 1627 2808 omnia,
1643 2762 1772 2805 quae
1789 2746 2033 2807 possidet,
2046 2759 2180 2792 con-

1270 2816 1442 2863 stituet
1461 2814 1618 2861 illum.

1335 2902 1416 2946 45.
1456 2900 1602 2953 Quod
1621 2900 1666 2945 si
1685 2900 1873 2946 dixerit
1889 2910 2067 2945 servus
2086 2897 2184 2944 ille

1269 2968 1322 3014 in
1343 2968 1496 3015 corde
1517 2979 1634 3013 suo:
1655 2968 1854 3013 Moram
1871 2966 1993 3012 facit
2012 2965 2183 3011 domi-

1265 3035 1364 3083 'nns
1384 3048 1525 3083 meus
1537 3032 1734 3081 venire!
1749 3036 1800 3081 et
1811 3032 2038 3092 coeperit
2054 3046 2182 3090 per-

1315 3144 1499 3182 ’‘Matth.
1525 3148 1588 3183 24.
1613 3146 1675 3181 43.
1699 3154 1763 3192 aq.
1811 3138 1829 3169 ἶ
1847 3156 1883 3179 c.
1900 3146 1961 3186 21,
1987 3145 2046 3180 3⁵.
2101 3140 2126 3169 k
2141 3153 2182 3179 Υ.

1268 3194 1442 3229 42-46.
1473 3190 1620 3227 Matth.
1638 3194 1702 3233 24,
1721 3194 1892 3229 45—51.

412 3339 527 3394 Cap.
557 3337 669 3381 ΧΠ.
737 3342 805 3381 24.
848 3337 1004 3392 plures
1032 3342 1157 3383 estis.
1231 3345 1302 3383 27.
1345 3354 1434 3383 non
1461 3340 1674 3383 laborant
1705 3352 1798 3381 non
1827 3343 1951 3381 nent·
2019 3341 2093 3381 28.
2137 3340 2188 3381 in

302 3409 407 3446 agro
426 3400 510 3439 est.
566 3399 637 3438 31.
669 3394 868 3447 quaerite
895 3406 1082 3444 regnum
1109 3396 1198 3439 Dei
1223 3395 1391 3450 (omiss.

303 3454 413 3493 tiam
438 3452 576 3506 ejus).

304 3508 370 3545 37.
402 3507 667 3561 praecingit.
726 3508 796 3547 38.
825 3503 949 3547 beati
970 3506 1086 3547 servi
1106 3506 1190 3548 illi.

1422 3398 1637 3452 primum3
1663 3395 1776 3439 ibid.
1797 3393 1944 3438 omiss.
1972 3397 2021 3435 et
2041 3393 2188 3445 justi-

642 3454 712 3493 33.
748 3453 1048 3491 veterescunt·-
1114 3454 1184 3494 35.
1222 3452 1436 3494 ardentes
1463 3450 1638 3505 (omiss.
1666 3452 1714 3494 in
1739 3451 1948 3493 manibus
1971 3452 2190 3505 vestris).

1250 3510 1319 3549 41.
1350 3517 1408 3550 an
1429 3508 1486 3548 ad
1507 3520 1671 3549 omnes.
1729 3510 1799 3548 44.
1831 3506 1940 3560 quia
1959 3517 2120 3560 supra.
