2376 3925
163 567 1158 655 EPISTOLA
1300 569 1892 654 PETRI
1993 571 2059 653 Ι.

496 880 668 931 ΟΛΡ.
723 881 766 931 Ι.

163 977 238 1019 De
258 977 504 1019 vocatione
532 977 591 1020 ad
617 978 753 1019 fidem
774 985 822 1019 et
846 976 988 1018 vitam
1008 987 1086 1017 aa·

161 1041 365 1082 ternam,
378 1045 510 1087 quam
531 1032 778 1088 prophetae
796 1032 1086 1087 praedixere.

233 1135 284 1179 1.
321 1112 522 1183 Petrus
533 1134 808 1192 Apostolus
820 1135 851 1179 J
854 1132 1092 1179 esuChri-

165 1202 250 1260 sti,
293 1202 476 1248 electis
513 1201 723 1247 advenis
756 1200 1086 1259 dispersionis

163 1269 352 1328 Ponti,
410 1268 664 1327 Galatiae,
721 1268 1086 1327 Cappadociae,

166 1336 346 1395 Asiae,
371 1337 423 1381 et
439 1336 724 1396 Bithyniae,

236 1405 287 1448 2.
357 1403 632 1449 secundum
699 1402 1088 1461 praescientiam

166 1470 268 1517 Dei
306 1469 506 1529 Patris,
545 1471 600 1516 in
637 1471 1089 1517 sanctificationem

168 1537 472 1597 Spiritus,in
485 1538 838 1596 obedientiam,
851 1542 902 1585 et
910 1551 1087 1595 asper-

164 1605 377 1651 sionem
424 1605 686 1662 sanguinis
721 1606 846 1651 Jesu
884 1605 1086 1651 Christi.

167 1671 354 1717 Gratia
372 1670 544 1729 vobis,
576 1674 626 1717 et
654 1684 757 1728 pax
782 1672 1087 1729 multiplice-

164 1743 271 1785 tur.

239 1806 290 1849 3.
329 1802 632 1851 Benedictus
668 1803 806 1850 Deus
853 1804 905 1850 et
937 1805 1091 1850 Pater

165 1870 387 1918 Domini
413 1871 579 1917 nostri
604 1872 728 1917 Jesu
758 1871 974 1931 Christi,
1005 1871 1090 1928 qui

167 1937 455 1986 secundum
499 1938 899 1986 misericordiam
949 1952 1090 1986 suam

165 2019 413 2066 magnam
431 2008 759 2065 regeneravit
769 2021 864 2055 nos
884 2007 936 2054 in
949 2021 1090 2066 spem

170 2076 346 2121 vivam
358 2080 400 2132 a,
431 2087 524 2132 per
549 2077 980 2123 resurrectionem
997 2076 1088 2123 Je-

169 2157 230 2190 su
254 2142 447 2188 Christi
467 2155 535 2190 ex
552 2144 784 2203 mortuis,

237 2212 288 2256 4.
321 2211 377 2256 i'n
396 2210 758 2258 haereditatem
776 2211 1087 2269 incorrupti-

172 2277 345 2337 bilem,
369 2280 420 2322 et
438 2278 902 2338 incontaminatam,
923 2282 974 2325 et
991 2280 1087 2325 im-

170 2344 601 2405 marcescibilem,
646 2348 998 2393 conservatam
1034 2346 1090 2391 in

171 2412 334 2459 coelis
355 2412 412 2457 in
430 2412 594 2472 vobis,

241 2483 288 2525 5.
327 2479 416 2537 qui
441 2479 495 2525 in
522 2480 710 2526 virtute
738 2479 836 2526 Dei
865 2479 1088 2526 custodi-

174 2547 302 2592 mini
322 2559 416 2605 per
435 2547 582 2593 fidem
601 2546 654 2593 in
675 2546 887 2594 salutem
900 2579 915 2607 ,
937 2561 1089 2606 para-

171 2617 276 2660 tam
303 2614 532 2712 {evolari
559 2614 614 2662 in
643 2616 872 2673 tempore
908 2615 1089 2662 novis-

175 2694 304 2728 simo
341 2715 355 2727 .

243 2751 292 2795 6.
329 2750 390 2794 In
427 2761 526 2806 quo
564 2748 885 2807 exultabitis,
924 2749 1090 2795 modi-

179 2829 292 2861 cum
321 2829 458 2862 nunc
489 2815 533 2860 si
563 2819 767 2873 oportet
797 2816 1089 2863 contristari

179 2882 230 2928 in
255 2881 415 2929 variis
433 2883 825 2941 tentationibus;

247 2951 294 2996 τ.
331 2952 390 2996 ut
440 2950 672 3007 probatio
726 2950 926 2997 vestrae
971 2949 1088 2997 fidei

225 3052 248 3071 ⁸
264 3050 288 3084 1
306 3045 454 3083 Thon.
471 3049 513 3089 4,
530 3049 590 3084 13.
639 3044 656 3072 ὅ
671 3045 782 3083 Phil.
800 3051 838 3089 1,
855 3048 894 3083 6.

297 3192 416 3246 Cap.
445 3192 482 3234 1.
541 3197 580 3235 1.
611 3193 868 3245 Bythiniae.

1153 883 1312 930 multo
1340 884 1617 941 pretiosior
1645 897 1771 931 auro
1792 884 1951 943 (quod
1970 899 2061 944 per

1152 950 1325 1009 ignem
1369 950 1635 1011 probatur)
1682 952 1971 999 inveniatur
2005 953 2060 999 in

1151 1017 1378 1077 laudem,
1400 1020 1452 1064 et
1470 1018 1703 1079 gloriam,
1725 1022 1775 1066 et
1792 1020 2058 1079 honorem,

1153 1086 1208 1130 in
1226 1084 1542 1131 revelatione
1559 1087 1681 1132 Jesu
1703 1087 1916 1144 Christi3

1223 1155 1269 1197 8.
1306 1165 1453 1209 quem
1472 1166 1585 1198 cum
1602 1166 1708 1198 non
1724 1153 1969 1213 videritis,
1982 1154 2061 1201 di-

1152 1217 1341 1276 ligitis3
1390 1218 1443 1264 in
1489 1232 1635 1275 quem
1682 1234 1817 1267 nunc
1862 1234 2061 1279 quoque

1154 1299 1262 1330 non
1285 1285 1513 1331 videntes
1534 1285 1767 1345 creditis3
1797 1288 2061 1335 credentes

1154 1356 1321 1398 autem
1334 1351 1623 1399 exultabitis
1642 1353 1836 1400 laetitia
1854 1355 2061 1401 inenar-

1153 1419 1321 1479 rabili,
1344 1422 1395 1465 ct
1412 1419 1709 1481 glorificata,

1224 1489 1270 1532 9.
1306 1489 1628 1544 reportantes
1656 1490 1805 1535 finem
1834 1488 1948 1535 fidei
1973 1502 2060 1535 ve-

1155 1556 1309 1613 strae,
1330 1554 1542 1601 salutem
1561 1555 1853 1603 animarum.

1222 1624 1305 1667 10.
1351 1621 1429 1667 De
1466 1635 1563 1679 qua
1608 1622 1768 1669 salute
1805 1624 2061 1682 exquisie-

1154 1690 1292 1746 runt,
1306 1690 1455 1745 atque
1474 1690 1681 1735 scrutati
1704 1694 1821 1736 sunt
1839 1692 2061 1749 prophe-

1155 1757 1286 1813 tae0,
1314 1755 1401 1811 qui
1427 1755 1487 1800 de
1516 1756 1686 1801 futura
1704 1757 1759 1802 in
1782 1758 1921 1804 vobis
1942 1772 2062 1815 gra-

1155 1821 1228 1865 tia
1246 1820 1693 1878 prophetaverunt.

1226 1889 1305 1933 11.
1362 1888 1653 1935 Scrutantes
1698 1889 1752 1935 in
1797 1890 1936 1946 quod
1982 1892 2066 1938 vel

1157 1954 1305 2012 quale
1341 1957 1536 2014 tempus
1576 1956 1882 2015 significaret
1906 1957 1959 2004 in
1988 1959 2061 2006 eis

1159 2023 1376 2081 Spiritus
1434 2024 1638 2082 Christi,
1693 2027 2062 2083 praenuncians

1156 2104 1261 2151 cas,
1283 2105 1411 2148 quae
1430 2091 1485 2137 in
1506 2091 1706 2138 Christo
1728 2096 1846 2140 sunt
1862 2094 2063 2152 passio·-

1154 2172 1248 2204 nes
1270 2161 1321 2205 et
1337 2159 1651 2217 posteriores
1672 2159 1878 2217 glorias.

1224 2228 1304 2272 12.
1342 2227 1533 2280 Quibus
1552 2226 1830 2275 revelatum
1842 2231 1935 2286 est,
1948 2229 2067 2286 quia

1153 2307 1264 2345 non
1302 2294 1501 2341 sibimet
1529 2294 1678 2354 ipsis,
1716 2296 1861 2343 vobis
1896 2300 2063 2343 autem

1153 2360 1509 2408 ministrabant
1528 2375 1607 2420 ea,
1628 2376 1755 2419 quae
1774 2376 1909 2409 nunc
1928 2377 2061 2408 nun-

1157 2427 1291 2474 ciata
1326 2431 1445 2474 sunt
1480 2429 1626 2475 vobis
1672 2443 1765 2487 per
1812 2443 1901 2475 eos
1916 2461 1929 2486 ,
1978 2431 2064 2485 qui

1158 2495 1643 2553 evangelizaverunt
1670 2495 1842 2555 vobis,
1873 2496 2065 2553 Spiritu

1157 2564 1337 2608 sancto
1366 2561 1521 2607 misso
1550 2561 1611 2608 de
1632 2562 1805 2621 coelo,
1836 2562 1889 2608 in
1917 2575 2063 2618 quem

1158 2629 1449 2675 desiderant
1464 2629 1649 2686 Angeli
1666 2629 1977 2687 prospicere.

1226 2697 1306 2741 13.
1368 2697 1585 2753 Propter
1636 2696 1771 2752 quod
1796 2729 1799 2734 -
1821 2697 2065 2744 succincti

1154 2761 1353 2809 lumbos
1398 2763 1581 2808 mentis
1629 2764 1854 2824 vestrae,
1902 2765 2063 2811 sobrii

1155 2831 1381 2887 perfecte
1401 2831 1601 2888 sperate
1620 2829 1675 2874 in
1694 2843 1821 2891 eam,
1833 2846 1958 2890 quae
1980 2833 2061 2878 of-

1155 2898 1319 2942 fertur
1342 2897 1504 2956 vobis,
1526 2897 1763 2959 gratiam,
1785 2899 1839 2945 in
1857 2900 2060 2946 revela-

1153 2964 1348 3010 tionem
1365 2965 1396 3009 J
1399 2977 1485 3010 esu
1508 2963 1708 3011 Christi.

1202 3055 1219 3074 ί
1237 3047 1385 3086 Matth.
1405 3052 1465 3091 13,
1482 3051 1541 3086 17.

927 3200 968 3238 2.
999 3196 1349 3238 oboedientiam.
1416 3199 1455 3238 3.
1487 3198 1563 3251 qui
1591 3199 1834 3241 seeundum
1862 3210 2061 3250 magnam

183 3247 538 3291 misericordiam
558 3262 697 3291 suam.
753 3254 796 3292 4.
825 3251 954 3294 vobis
986 3253 1131 3306 (deest
1145 3252 1234 3303 in).
1292 3255 1332 3294 6.
1362 3253 1411 3294 in
1441 3265 1527 3306 quo
1547 3253 1791 3304 exultatis;
1819 3252 1927 3295 ibid.
1947 3256 2061 3294 tem-

184 3303 479 3355 ptationibus.
535 3307 578 3347 7.
609 3306 884 3360 praetiosior
911 3308 974 3349 sit
1001 3320 1135 3358 aur-03
1160 3306 1270 3350 ibid„
1291 3308 1340 3350 in
1364 3306 1689 3352 revelationem
1708 3309 1852 3386 anefu
1873 3307 2044 3350 Christi

187 3389 228 3426 8.
279 3387 328 3428 in
356 3401 484 3442 quem
515 3401 634 3432 nunc
659 3403 834 3444 quoque
852 3404 942 3432 non
978 3391 1185 3434 videntes
1216 3392 1403 3435 creditis
1434 3405 1564 3446 quem
1599 3406 1698 3436 cum
1733 3370 1822 3434 non
1856 3392 2064 3435 videritis

191 3441 463 3486 exultabitis
496 3443 618 3498 (sic).
696 3449 739 3488 9.
774 3447 965 3488 salutem
1003 3447 1248 3490 animarum
1284 3453 1548 3491 vestrarum.
1616 3452 1684 3491 11.
1724 3449 2063 3502 praenuntians·

191 3499 258 3538 12.
290 3500 378 3542 sibi
399 3500 538 3553 ipsis;
557 3500 666 3544 ibid.
689 3501 955 3544 adnuntiata
975 3506 1092 3544 sunt.
