<?xml version="1.0" encoding="UTF-8"?>
<!DOCTYPE html PUBLIC "-//W3C//DTD XHTML 1.0 Transitional//EN"
    "http://www.w3.org/TR/xhtml1/DTD/xhtml1-transitional.dtd">
<html xmlns="http://www.w3.org/1999/xhtml" xml:lang="en" lang="en">
 <head>
  <title>
</title>
<meta http-equiv="Content-Type" content="text/html;charset=utf-8" />
  <meta name='ocr-system' content='tesseract 3.04.00' />
  <meta name='ocr-capabilities' content='ocr_page ocr_carea ocr_par ocr_line ocrx_word'/>
</head>
<body>
  <div class='ocr_page' id='page_1' title='image "./novumtestamentu01flecgoog_0314.png"; bbox 0 0 2376 3925; ppageno 0'>
   <div class='ocr_carea' id='block_1_1' title="bbox 281 145 1952 224">
    <p class='ocr_par' dir='ltr' id='par_1_1' title="bbox 281 145 1952 224">
     <span class='ocr_line' id='line_1_1' title="bbox 281 145 1952 224; baseline -0.02 1"><span class='ocrx_word' id='word_1_1' title='bbox 281 171 382 224; x_wconf 77' lang='lat'>246</span> <span class='ocrx_word' id='word_1_2' title='bbox 515 164 939 222; x_wconf 82' lang='lat' dir='ltr'><strong>EPISTOLA</strong></span> <span class='ocrx_word' id='word_1_3' title='bbox 971 157 1219 213; x_wconf 86' lang='lat' dir='ltr'><strong>PAULI</strong></span> <span class='ocrx_word' id='word_1_4' title='bbox 1255 153 1359 204; x_wconf 81' lang='lat' dir='ltr'>AD</span> <span class='ocrx_word' id='word_1_5' title='bbox 1396 149 1587 202; x_wconf 88' lang='lat' dir='ltr'><strong>ROM.</strong></span> <span class='ocrx_word' id='word_1_6' title='bbox 1626 145 1792 197; x_wconf 87' lang='lat' dir='ltr'><strong>CAP.</strong></span> <span class='ocrx_word' id='word_1_7' title='bbox 1830 145 1882 195; x_wconf 84' lang='lat'>6.</span> <span class='ocrx_word' id='word_1_8' title='bbox 1901 147 1952 194; x_wconf 89' lang='lat'>7.</span> 
     </span>
    </p>
   </div>
   <div class='ocr_carea' id='block_1_2' title="bbox 285 217 2175 260">
    <p class='ocr_par' dir='ltr' id='par_1_2' title="bbox 285 217 2175 260">
     <span class='ocr_line' id='line_1_2' title="bbox 285 217 2175 260; baseline -0.02 1"><span class='ocrx_word' id='word_1_9' title='bbox 285 217 2175 260; x_wconf 73' lang='lat'><strong>--.----——-—-——-———---—--</strong></span> 
     </span>
    </p>
   </div>
   <div class='ocr_carea' id='block_1_3' title="bbox 285 266 1195 402">
    <p class='ocr_par' dir='ltr' id='par_1_3' title="bbox 285 266 1195 402">
     <span class='ocr_line' id='line_1_3' title="bbox 286 266 1192 334; baseline -0.02 -11"><span class='ocrx_word' id='word_1_10' title='bbox 286 280 428 334; x_wconf 87' lang='lat' dir='ltr'>cato;</span> <span class='ocrx_word' id='word_1_11' title='bbox 451 274 538 320; x_wconf 82' lang='lat' dir='ltr'>sed</span> <span class='ocrx_word' id='word_1_12' title='bbox 559 271 793 318; x_wconf 84' lang='lat' dir='ltr'>exhibete</span> <span class='ocrx_word' id='word_1_13' title='bbox 812 280 906 314; x_wconf 84' lang='lat' dir='ltr'>vos</span> <span class='ocrx_word' id='word_1_14' title='bbox 916 266 1048 322; x_wconf 89' lang='lat' dir='ltr'>Deo,</span> <span class='ocrx_word' id='word_1_15' title='bbox 1062 267 1192 308; x_wconf 81' lang='lat' dir='ltr'>tam-</span> 
     </span>
     <span class='ocr_line' id='line_1_4' title="bbox 285 328 1195 402; baseline -0.021 -11"><span class='ocrx_word' id='word_1_16' title='bbox 285 357 432 402; x_wconf 83' lang='lat' dir='ltr'>quam</span> <span class='ocrx_word' id='word_1_17' title='bbox 471 354 538 388; x_wconf 85' lang='lat' dir='ltr'>cx</span> <span class='ocrx_word' id='word_1_18' title='bbox 571 337 785 385; x_wconf 85' lang='lat' dir='ltr'>mortuis</span> <span class='ocrx_word' id='word_1_19' title='bbox 832 335 1094 387; x_wconf 79' lang='lat' dir='ltr'>viventes3</span> <span class='ocrx_word' id='word_1_20' title='bbox 1143 328 1195 373; x_wconf 88' lang='lat' dir='ltr'>et</span> 
     </span>
    </p>
   </div>
   <div class='ocr_carea' id='block_1_4' title="bbox 1538 291 1881 345">
    <p class='ocr_par' dir='ltr' id='par_1_4' title="bbox 1538 291 1881 345">
     <span class='ocr_line' id='line_1_5' title="bbox 1538 291 1881 345; baseline -0.015 0"><span class='ocrx_word' id='word_1_21' title='bbox 1538 293 1710 345; x_wconf 86' lang='lat' dir='ltr'>cAP.</span> <span class='ocrx_word' id='word_1_22' title='bbox 1764 291 1881 342; x_wconf 87' lang='lat' dir='ltr'><strong>Vll.</strong></span> 
     </span>
    </p>
   </div>
   <div class='ocr_carea' id='block_1_5' title="bbox 287 391 2173 457">
    <p class='ocr_par' dir='ltr' id='par_1_5' title="bbox 287 391 2173 457">
     <span class='ocr_line' id='line_1_6' title="bbox 287 391 2173 457; baseline -0.015 0"><span class='ocrx_word' id='word_1_23' title='bbox 287 412 508 457; x_wconf 82' lang='lat' dir='ltr'>membra</span> <span class='ocrx_word' id='word_1_24' title='bbox 557 409 728 452; x_wconf 74' lang='lat' dir='ltr'>vestra</span> <span class='ocrx_word' id='word_1_25' title='bbox 782 414 921 448; x_wconf 76' lang='lat' dir='ltr'>arma</span> <span class='ocrx_word' id='word_1_26' title='bbox 966 395 1193 457; x_wconf 70' lang='lat' dir='ltr'>justitiae</span> <span class='ocrx_word' id='word_1_27' title='bbox 1265 399 1443 440; x_wconf 80' lang='lat' dir='ltr'>Christo</span> <span class='ocrx_word' id='word_1_28' title='bbox 1464 393 1747 436; x_wconf 84' lang='lat' dir='ltr'>serviendum</span> <span class='ocrx_word' id='word_1_29' title='bbox 1767 396 1839 433; x_wconf 87' lang='lat' dir='ltr'>est</span> <span class='ocrx_word' id='word_1_30' title='bbox 1858 403 1973 432; x_wconf 80' lang='lat' dir='ltr'>novo</span> <span class='ocrx_word' id='word_1_31' title='bbox 1985 391 2173 443; x_wconf 86' lang='lat' dir='ltr'>spiritu.</span> 
     </span>
    </p>
   </div>
   <div class='ocr_carea' id='block_1_6' title="bbox 290 479 1217 2073">
    <p class='ocr_par' dir='ltr' id='par_1_6' title="bbox 290 479 418 524">
     <span class='ocr_line' id='line_1_7' title="bbox 290 479 418 524; baseline -0.031 1"><span class='ocrx_word' id='word_1_32' title='bbox 290 479 418 524; x_wconf 90' lang='lat' dir='ltr'>Deo.</span> 
     </span>
    </p>

    <p class='ocr_par' dir='ltr' id='par_1_7' title="bbox 293 531 1198 739">
     <span class='ocr_line' id='line_1_8' title="bbox 358 531 1198 589; baseline -0.02 0"><span class='ocrx_word' id='word_1_33' title='bbox 358 546 440 589; x_wconf 75' lang='lat'>14.</span> <span class='ocrx_word' id='word_1_34' title='bbox 476 542 744 586; x_wconf 80' lang='lat' dir='ltr'><strong>Peccatum</strong></span> <span class='ocrx_word' id='word_1_35' title='bbox 773 536 907 583; x_wconf 82' lang='lat' dir='ltr'>enim</span> <span class='ocrx_word' id='word_1_36' title='bbox 927 531 1070 579; x_wconf 86' lang='lat' dir='ltr'>vobis</span> <span class='ocrx_word' id='word_1_37' title='bbox 1088 540 1198 586; x_wconf 78' lang='lat' dir='ltr'>non</span> 
     </span>
     <span class='ocr_line' id='line_1_9' title="bbox 293 597 1197 664; baseline -0.02 -6"><span class='ocrx_word' id='word_1_38' title='bbox 293 609 658 664; x_wconf 81' lang='lat' dir='ltr'>dominabitur3</span> <span class='ocrx_word' id='word_1_39' title='bbox 688 619 796 651; x_wconf 85' lang='lat' dir='ltr'>non</span> <span class='ocrx_word' id='word_1_40' title='bbox 822 603 955 649; x_wconf 89' lang='lat' dir='ltr'>enim</span> <span class='ocrx_word' id='word_1_41' title='bbox 973 597 1197 654; x_wconf 85' lang='lat' dir='ltr'>sublege</span> 
     </span>
     <span class='ocr_line' id='line_1_10' title="bbox 294 671 891 739; baseline -0.022 -12"><span class='ocrx_word' id='word_1_42' title='bbox 294 680 434 739; x_wconf 84' lang='lat' dir='ltr'>estis,</span> <span class='ocrx_word' id='word_1_43' title='bbox 456 677 545 723; x_wconf 88' lang='lat' dir='ltr'>sed</span> <span class='ocrx_word' id='word_1_44' title='bbox 564 677 653 721; x_wconf 84' lang='lat' dir='ltr'>sub</span> <span class='ocrx_word' id='word_1_45' title='bbox 675 671 836 731; x_wconf 84' lang='lat' dir='ltr'>gratia</span> <span class='ocrx_word' id='word_1_46' title='bbox 845 675 891 714; x_wconf 67' lang='grc' dir='ltr'>ὅ.</span> 
     </span>
    </p>

    <p class='ocr_par' dir='ltr' id='par_1_8' title="bbox 297 731 1199 936">
     <span class='ocr_line' id='line_1_11' title="bbox 361 731 1198 798; baseline -0.023 -5"><span class='ocrx_word' id='word_1_47' title='bbox 361 750 442 793; x_wconf 88' lang='grc'>15.</span> <span class='ocrx_word' id='word_1_48' title='bbox 481 743 610 798; x_wconf 74' lang='lat' dir='ltr'>Quid</span> <span class='ocrx_word' id='word_1_49' title='bbox 660 739 816 797; x_wconf 61' lang='lat' dir='ltr'>ergo?</span> <span class='ocrx_word' id='word_1_50' title='bbox 861 731 1198 793; x_wconf 78' lang='lat' dir='ltr'><strong>peccabimus,</strong></span> 
     </span>
     <span class='ocr_line' id='line_1_12' title="bbox 297 798 1199 874; baseline -0.023 -11"><span class='ocrx_word' id='word_1_51' title='bbox 297 814 532 874; x_wconf 87' lang='lat' dir='ltr'>quoniam</span> <span class='ocrx_word' id='word_1_52' title='bbox 575 821 681 854; x_wconf 89' lang='lat' dir='ltr'>non</span> <span class='ocrx_word' id='word_1_53' title='bbox 732 815 900 851; x_wconf 85' lang='lat' dir='ltr'>sumus</span> <span class='ocrx_word' id='word_1_54' title='bbox 938 801 1028 847; x_wconf 87' lang='lat' dir='ltr'>sub</span> <span class='ocrx_word' id='word_1_55' title='bbox 1065 798 1199 856; x_wconf 82' lang='lat' dir='ltr'>lege,</span> 
     </span>
     <span class='ocr_line' id='line_1_13' title="bbox 297 871 886 936; baseline -0.025 -6"><span class='ocrx_word' id='word_1_56' title='bbox 297 883 388 930; x_wconf 82' lang='lat' dir='ltr'>sed</span> <span class='ocrx_word' id='word_1_57' title='bbox 406 882 495 928; x_wconf 89' lang='lat' dir='ltr'>sub</span> <span class='ocrx_word' id='word_1_58' title='bbox 517 875 709 936; x_wconf 67' lang='lat' dir='ltr'>gratia?</span> <span class='ocrx_word' id='word_1_59' title='bbox 729 871 886 918; x_wconf 84' lang='lat' dir='ltr'>Absit.</span> 
     </span>
    </p>

    <p class='ocr_par' dir='ltr' id='par_1_9' title="bbox 297 933 1205 1268">
     <span class='ocr_line' id='line_1_14' title="bbox 366 933 1202 999; baseline -0.022 -4"><span class='ocrx_word' id='word_1_60' title='bbox 366 952 445 994; x_wconf 86' lang='lat'>16.</span> <span class='ocrx_word' id='word_1_61' title='bbox 479 942 714 999; x_wconf 84' lang='lat' dir='ltr'>Nescitis,</span> <span class='ocrx_word' id='word_1_62' title='bbox 737 937 992 997; x_wconf 85' lang='lat' dir='ltr'>quoniam,</span> <span class='ocrx_word' id='word_1_63' title='bbox 1006 933 1085 980; x_wconf 88' lang='lat' dir='ltr'>cui</span> <span class='ocrx_word' id='word_1_64' title='bbox 1108 946 1202 979; x_wconf 79' lang='lat' dir='ltr'>ex-</span> 
     </span>
     <span class='ocr_line' id='line_1_15' title="bbox 299 1001 1203 1066; baseline -0.025 0"><span class='ocrx_word' id='word_1_65' title='bbox 299 1016 478 1066; x_wconf 84' lang='lat' dir='ltr'>hibetis</span> <span class='ocrx_word' id='word_1_66' title='bbox 514 1025 606 1057; x_wconf 82' lang='lat' dir='ltr'>vos</span> <span class='ocrx_word' id='word_1_67' title='bbox 646 1019 822 1054; x_wconf 81' lang='lat' dir='ltr'>servos</span> <span class='ocrx_word' id='word_1_68' title='bbox 860 1004 924 1050; x_wconf 87' lang='lat' dir='ltr'>ad</span> <span class='ocrx_word' id='word_1_69' title='bbox 961 1001 1203 1048; x_wconf 88' lang='lat' dir='ltr'>obedien-</span> 
     </span>
     <span class='ocr_line' id='line_1_16' title="bbox 300 1067 1204 1141; baseline -0.023 -10"><span class='ocrx_word' id='word_1_70' title='bbox 300 1087 431 1141; x_wconf 88' lang='lat' dir='ltr'>dum,</span> <span class='ocrx_word' id='word_1_71' title='bbox 454 1079 590 1126; x_wconf 88' lang='lat' dir='ltr'>servi</span> <span class='ocrx_word' id='word_1_72' title='bbox 609 1075 888 1132; x_wconf 80' lang='lat' dir='ltr'>estis,ejus‚</span> <span class='ocrx_word' id='word_1_73' title='bbox 920 1070 1000 1117; x_wconf 88' lang='lat' dir='ltr'>cui</span> <span class='ocrx_word' id='word_1_74' title='bbox 1028 1067 1204 1115; x_wconf 87' lang='lat' dir='ltr'>obedi-</span> 
     </span>
     <span class='ocr_line' id='line_1_17' title="bbox 297 1135 1205 1210; baseline -0.021 -12"><span class='ocrx_word' id='word_1_75' title='bbox 297 1153 382 1210; x_wconf 85' lang='lat' dir='ltr'>tis,</span> <span class='ocrx_word' id='word_1_76' title='bbox 403 1150 512 1195; x_wconf 85' lang='lat' dir='ltr'>sive</span> <span class='ocrx_word' id='word_1_77' title='bbox 533 1144 729 1204; x_wconf 86' lang='lat' dir='ltr'>peccati</span> <span class='ocrx_word' id='word_1_78' title='bbox 747 1141 809 1188; x_wconf 87' lang='lat' dir='ltr'>ad</span> <span class='ocrx_word' id='word_1_79' title='bbox 831 1140 1073 1196; x_wconf 87' lang='lat' dir='ltr'>mortem,</span> <span class='ocrx_word' id='word_1_80' title='bbox 1095 1135 1205 1181; x_wconf 88' lang='lat' dir='ltr'>sive</span> 
     </span>
     <span class='ocr_line' id='line_1_18' title="bbox 303 1205 982 1268; baseline -0.024 -1"><span class='ocrx_word' id='word_1_81' title='bbox 303 1214 606 1267; x_wconf 83' lang='lat' dir='ltr'>obeditionis</span> <span class='ocrx_word' id='word_1_82' title='bbox 625 1212 688 1258; x_wconf 85' lang='lat' dir='ltr'>ad</span> <span class='ocrx_word' id='word_1_83' title='bbox 704 1205 982 1268; x_wconf 59' lang='lat' dir='ltr'>justitiam}</span> 
     </span>
    </p>

    <p class='ocr_par' dir='ltr' id='par_1_10' title="bbox 302 1267 1210 1540">
     <span class='ocr_line' id='line_1_19' title="bbox 368 1267 1209 1331; baseline -0.023 0"><span class='ocrx_word' id='word_1_84' title='bbox 368 1288 449 1331; x_wconf 71' lang='lat'>17.</span> <span class='ocrx_word' id='word_1_85' title='bbox 487 1282 686 1328; x_wconf 77' lang='lat' dir='ltr'>Gratias</span> <span class='ocrx_word' id='word_1_86' title='bbox 715 1281 882 1324; x_wconf 88' lang='lat' dir='ltr'>autem</span> <span class='ocrx_word' id='word_1_87' title='bbox 904 1275 1044 1331; x_wconf 90' lang='lat' dir='ltr'>Deo,</span> <span class='ocrx_word' id='word_1_88' title='bbox 1075 1267 1209 1326; x_wconf 86' lang='lat' dir='ltr'>quod</span> 
     </span>
     <span class='ocr_line' id='line_1_20' title="bbox 302 1336 1208 1404; baseline -0.024 -3"><span class='ocrx_word' id='word_1_89' title='bbox 302 1354 469 1402; x_wconf 80' lang='lat' dir='ltr'>fuistis</span> <span class='ocrx_word' id='word_1_90' title='bbox 517 1349 652 1396; x_wconf 85' lang='lat' dir='ltr'>servi</span> <span class='ocrx_word' id='word_1_91' title='bbox 699 1343 919 1404; x_wconf 87' lang='lat' dir='ltr'>peccati,</span> <span class='ocrx_word' id='word_1_92' title='bbox 970 1336 1208 1386; x_wconf 87' lang='lat' dir='ltr'>obedistis</span> 
     </span>
     <span class='ocr_line' id='line_1_21' title="bbox 306 1408 1210 1469; baseline -0.024 0"><span class='ocrx_word' id='word_1_93' title='bbox 306 1427 471 1469; x_wconf 86' lang='lat' dir='ltr'>autem</span> <span class='ocrx_word' id='word_1_94' title='bbox 499 1431 567 1464; x_wconf 82' lang='lat' dir='ltr'>ex</span> <span class='ocrx_word' id='word_1_95' title='bbox 594 1416 746 1462; x_wconf 86' lang='lat' dir='ltr'>corde</span> <span class='ocrx_word' id='word_1_96' title='bbox 773 1413 829 1457; x_wconf 86' lang='lat' dir='ltr'>in</span> <span class='ocrx_word' id='word_1_97' title='bbox 860 1422 972 1455; x_wconf 90' lang='lat' dir='ltr'>eam</span> <span class='ocrx_word' id='word_1_98' title='bbox 998 1408 1210 1452; x_wconf 81' lang='lat' dir='ltr'>formam</span> 
     </span>
     <span class='ocr_line' id='line_1_22' title="bbox 303 1471 1169 1540; baseline -0.025 -5"><span class='ocrx_word' id='word_1_99' title='bbox 303 1487 582 1540; x_wconf 86' lang='lat' dir='ltr'>doctrinae,</span> <span class='ocrx_word' id='word_1_100' title='bbox 604 1483 656 1526; x_wconf 91' lang='lat' dir='ltr'>in</span> <span class='ocrx_word' id='word_1_101' title='bbox 677 1491 824 1536; x_wconf 89' lang='lat' dir='ltr'>quam</span> <span class='ocrx_word' id='word_1_102' title='bbox 841 1473 1014 1522; x_wconf 82' lang='lat' dir='ltr'>traditi</span> <span class='ocrx_word' id='word_1_103' title='bbox 1033 1471 1169 1516; x_wconf 83' lang='lat' dir='ltr'>estis.</span> 
     </span>
    </p>

    <p class='ocr_par' dir='ltr' id='par_1_11' title="bbox 308 1539 1209 1670">
     <span class='ocr_line' id='line_1_23' title="bbox 373 1539 1209 1599; baseline -0.023 0"><span class='ocrx_word' id='word_1_104' title='bbox 373 1556 453 1599; x_wconf 88' lang='grc'>18.</span> <span class='ocrx_word' id='word_1_105' title='bbox 488 1548 713 1596; x_wconf 87' lang='lat' dir='ltr'>Liberati</span> <span class='ocrx_word' id='word_1_106' title='bbox 736 1547 902 1590; x_wconf 53' lang='lat' dir='ltr'>&gt;autem</span> <span class='ocrx_word' id='word_1_107' title='bbox 934 1555 964 1586; x_wconf 88' lang='lat' dir='ltr'>a</span> <span class='ocrx_word' id='word_1_108' title='bbox 983 1539 1209 1597; x_wconf 84' lang='lat' dir='ltr'>peccato,</span> 
     </span>
     <span class='ocr_line' id='line_1_24' title="bbox 308 1611 980 1670; baseline -0.024 0"><span class='ocrx_word' id='word_1_109' title='bbox 308 1621 445 1670; x_wconf 89' lang='lat' dir='ltr'>servi</span> <span class='ocrx_word' id='word_1_110' title='bbox 463 1617 584 1665; x_wconf 86' lang='lat' dir='ltr'>facti</span> <span class='ocrx_word' id='word_1_111' title='bbox 602 1615 720 1661; x_wconf 89' lang='lat' dir='ltr'>estis</span> <span class='ocrx_word' id='word_1_112' title='bbox 737 1611 980 1670; x_wconf 81' lang='lat' dir='ltr'>justitiae.</span> 
     </span>
    </p>

    <p class='ocr_par' dir='ltr' id='par_1_12' title="bbox 310 1673 1217 2073">
     <span class='ocr_line' id='line_1_25' title="bbox 378 1673 1213 1735; baseline -0.025 0"><span class='ocrx_word' id='word_1_113' title='bbox 378 1692 458 1735; x_wconf 86' lang='grc'>19.</span> <span class='ocrx_word' id='word_1_114' title='bbox 493 1687 777 1732; x_wconf 88' lang='lat' dir='ltr'>Humanum</span> <span class='ocrx_word' id='word_1_115' title='bbox 815 1679 954 1735; x_wconf 92' lang='lat' dir='ltr'>dico,</span> <span class='ocrx_word' id='word_1_116' title='bbox 1003 1673 1213 1732; x_wconf 88' lang='lat' dir='ltr'>propter</span> 
     </span>
     <span class='ocr_line' id='line_1_26' title="bbox 310 1740 1216 1804; baseline -0.024 0"><span class='ocrx_word' id='word_1_117' title='bbox 310 1755 648 1804; x_wconf 84' lang='lat' dir='ltr'>infirmitatem</span> <span class='ocrx_word' id='word_1_118' title='bbox 667 1748 832 1796; x_wconf 82' lang='lat' dir='ltr'>carnis</span> <span class='ocrx_word' id='word_1_119' title='bbox 844 1747 1042 1792; x_wconf 82' lang='lat' dir='ltr'>vestrae</span> <span class='ocrx_word' id='word_1_120' title='bbox 1057 1756 1070 1799; x_wconf 89' lang='lat'>;</span> <span class='ocrx_word' id='word_1_121' title='bbox 1085 1740 1216 1786; x_wconf 88' lang='lat' dir='ltr'>sicut</span> 
     </span>
     <span class='ocr_line' id='line_1_27' title="bbox 312 1809 1215 1872; baseline -0.025 1"><span class='ocrx_word' id='word_1_122' title='bbox 312 1825 445 1872; x_wconf 88' lang='lat' dir='ltr'>enim</span> <span class='ocrx_word' id='word_1_123' title='bbox 468 1817 766 1869; x_wconf 73' lang='lat' dir='ltr'>exhibuistis</span> <span class='ocrx_word' id='word_1_124' title='bbox 793 1815 1016 1861; x_wconf 89' lang='lat' dir='ltr'>membra</span> <span class='ocrx_word' id='word_1_125' title='bbox 1046 1809 1215 1854; x_wconf 86' lang='lat' dir='ltr'>vestra</span> 
     </span>
     <span class='ocr_line' id='line_1_28' title="bbox 310 1874 1217 1940; baseline -0.025 1"><span class='ocrx_word' id='word_1_126' title='bbox 310 1893 506 1940; x_wconf 83' lang='lat' dir='ltr'>servire</span> <span class='ocrx_word' id='word_1_127' title='bbox 526 1884 865 1935; x_wconf 83' lang='lat' dir='ltr'>immunditiae</span> <span class='ocrx_word' id='word_1_128' title='bbox 896 1882 946 1926; x_wconf 89' lang='lat' dir='ltr'>et</span> <span class='ocrx_word' id='word_1_129' title='bbox 964 1874 1217 1933; x_wconf 87' lang='lat' dir='ltr'>iniquitati</span> 
     </span>
     <span class='ocr_line' id='line_1_29' title="bbox 312 1943 1217 2015; baseline -0.024 -8"><span class='ocrx_word' id='word_1_130' title='bbox 312 1961 375 2007; x_wconf 89' lang='lat' dir='ltr'>ad</span> <span class='ocrx_word' id='word_1_131' title='bbox 393 1957 722 2015; x_wconf 86' lang='lat' dir='ltr'>iniquitatem,</span> <span class='ocrx_word' id='word_1_132' title='bbox 738 1952 809 1998; x_wconf 80' lang='lat' dir='ltr'>ita</span> <span class='ocrx_word' id='word_1_133' title='bbox 827 1961 962 1995; x_wconf 84' lang='lat' dir='ltr'>nunc</span> <span class='ocrx_word' id='word_1_134' title='bbox 983 1943 1217 1991; x_wconf 84' lang='lat' dir='ltr'>exhibete</span> 
     </span>
     <span class='ocr_line' id='line_1_30' title="bbox 313 2009 1217 2073; baseline -0.024 1"><span class='ocrx_word' id='word_1_135' title='bbox 313 2030 536 2073; x_wconf 84' lang='lat' dir='ltr'>membra</span> <span class='ocrx_word' id='word_1_136' title='bbox 568 2024 739 2068; x_wconf 85' lang='lat' dir='ltr'>vestra</span> <span class='ocrx_word' id='word_1_137' title='bbox 767 2016 962 2063; x_wconf 88' lang='lat' dir='ltr'>servire</span> <span class='ocrx_word' id='word_1_138' title='bbox 989 2009 1217 2069; x_wconf 87' lang='lat' dir='ltr'>justitiae</span> 
     </span>
    </p>
   </div>
   <div class='ocr_carea' id='block_1_7' title="bbox 314 2088 1219 2203">
    <p class='ocr_par' dir='ltr' id='par_1_13' title="bbox 314 2088 1219 2203">
     <span class='ocr_line' id='line_1_31' title="bbox 314 2088 849 2139; baseline -0.026 1"><span class='ocrx_word' id='word_1_139' title='bbox 314 2097 368 2139; x_wconf 88' lang='lat' dir='ltr'>in</span> <span class='ocrx_word' id='word_1_140' title='bbox 389 2088 849 2137; x_wconf 83' lang='lat' dir='ltr'>sanctificationem.</span> 
     </span>
     <span class='ocr_line' id='line_1_32' title="bbox 381 2140 1219 2203; baseline -0.023 0"><span class='ocrx_word' id='word_1_141' title='bbox 381 2160 460 2203; x_wconf 83' lang='lat'>20.</span> <span class='ocrx_word' id='word_1_142' title='bbox 517 2158 640 2199; x_wconf 90' lang='lat' dir='ltr'>Cum</span> <span class='ocrx_word' id='word_1_143' title='bbox 687 2150 820 2195; x_wconf 88' lang='lat' dir='ltr'>enim</span> <span class='ocrx_word' id='word_1_144' title='bbox 866 2143 1004 2192; x_wconf 83' lang='lat' dir='ltr'>servi</span> <span class='ocrx_word' id='word_1_145' title='bbox 1040 2140 1219 2188; x_wconf 78' lang='lat' dir='ltr'>essetis</span> 
     </span>
    </p>
   </div>
   <div class='ocr_carea' id='block_1_8' title="bbox 313 2210 1229 3011">
    <p class='ocr_par' dir='ltr' id='par_1_14' title="bbox 313 2210 1131 2285">
     <span class='ocr_line' id='line_1_33' title="bbox 313 2210 1131 2285; baseline -0.024 -13"><span class='ocrx_word' id='word_1_146' title='bbox 313 2223 523 2285; x_wconf 77' lang='lat' dir='ltr'>peccati,</span> <span class='ocrx_word' id='word_1_147' title='bbox 544 2218 690 2265; x_wconf 88' lang='lat' dir='ltr'>liberi</span> <span class='ocrx_word' id='word_1_148' title='bbox 710 2215 874 2261; x_wconf 84' lang='lat' dir='ltr'>fuistis</span> <span class='ocrx_word' id='word_1_149' title='bbox 890 2210 1131 2269; x_wconf 82' lang='lat' dir='ltr'>justitiae.</span> 
     </span>
    </p>

    <p class='ocr_par' dir='ltr' id='par_1_15' title="bbox 317 2274 1223 2543">
     <span class='ocr_line' id='line_1_34' title="bbox 381 2274 1221 2341; baseline -0.023 -4"><span class='ocrx_word' id='word_1_150' title='bbox 381 2293 462 2337; x_wconf 85' lang='lat'>21.</span> <span class='ocrx_word' id='word_1_151' title='bbox 501 2289 658 2341; x_wconf 75' lang='lat' dir='ltr'>Quem</span> <span class='ocrx_word' id='word_1_152' title='bbox 672 2296 794 2340; x_wconf 84' lang='lat' dir='ltr'>ergo</span> <span class='ocrx_word' id='word_1_153' title='bbox 808 2282 1024 2327; x_wconf 78' lang='lat' dir='ltr'>fructum</span> <span class='ocrx_word' id='word_1_154' title='bbox 1041 2274 1221 2322; x_wconf 89' lang='lat' dir='ltr'>habui-</span> 
     </span>
     <span class='ocr_line' id='line_1_35' title="bbox 317 2346 1223 2409; baseline -0.024 -1"><span class='ocrx_word' id='word_1_155' title='bbox 317 2360 405 2407; x_wconf 84' lang='lat' dir='ltr'>stis</span> <span class='ocrx_word' id='word_1_156' title='bbox 423 2362 544 2405; x_wconf 85' lang='lat' dir='ltr'>tunc</span> <span class='ocrx_word' id='word_1_157' title='bbox 569 2355 624 2400; x_wconf 91' lang='lat' dir='ltr'>in</span> <span class='ocrx_word' id='word_1_158' title='bbox 651 2351 778 2409; x_wconf 89' lang='lat' dir='ltr'>illis,</span> <span class='ocrx_word' id='word_1_159' title='bbox 808 2349 862 2395; x_wconf 87' lang='lat' dir='ltr'>in</span> <span class='ocrx_word' id='word_1_160' title='bbox 881 2346 1058 2404; x_wconf 82' lang='lat' dir='ltr'>quibus</span> <span class='ocrx_word' id='word_1_161' title='bbox 1088 2357 1223 2388; x_wconf 87' lang='lat' dir='ltr'>nunc</span> 
     </span>
     <span class='ocr_line' id='line_1_36' title="bbox 318 2412 1223 2476; baseline -0.024 0"><span class='ocrx_word' id='word_1_162' title='bbox 318 2422 644 2476; x_wconf 62' lang='lat' dir='ltr'>erubescitis?</span> <span class='ocrx_word' id='word_1_163' title='bbox 687 2420 818 2465; x_wconf 88' lang='lat' dir='ltr'>Nam</span> <span class='ocrx_word' id='word_1_164' title='bbox 866 2414 980 2461; x_wconf 85' lang='lat' dir='ltr'>finis</span> <span class='ocrx_word' id='word_1_165' title='bbox 1017 2412 1223 2457; x_wconf 89' lang='lat' dir='ltr'>illorum</span> 
     </span>
     <span class='ocr_line' id='line_1_37' title="bbox 317 2494 569 2543; baseline -0.024 0"><span class='ocrx_word' id='word_1_166' title='bbox 317 2509 454 2543; x_wconf 88' lang='lat' dir='ltr'>mors</span> <span class='ocrx_word' id='word_1_167' title='bbox 478 2494 569 2539; x_wconf 89' lang='lat' dir='ltr'>est.</span> 
     </span>
    </p>

    <p class='ocr_par' dir='ltr' id='par_1_16' title="bbox 319 2547 1225 2876">
     <span class='ocr_line' id='line_1_38' title="bbox 385 2547 1223 2608; baseline -0.024 1"><span class='ocrx_word' id='word_1_168' title='bbox 385 2565 464 2608; x_wconf 89' lang='lat'>22.</span> <span class='ocrx_word' id='word_1_169' title='bbox 500 2562 645 2606; x_wconf 86' lang='lat' dir='ltr'>Nunc</span> <span class='ocrx_word' id='word_1_170' title='bbox 674 2565 797 2599; x_wconf 88' lang='lat' dir='ltr'>vero</span> <span class='ocrx_word' id='word_1_171' title='bbox 826 2547 1026 2597; x_wconf 88' lang='lat' dir='ltr'>liberati</span> <span class='ocrx_word' id='word_1_172' title='bbox 1055 2558 1223 2604; x_wconf 84' lang='lat' dir='ltr'>apec-</span> 
     </span>
     <span class='ocr_line' id='line_1_39' title="bbox 321 2614 1222 2687; baseline -0.023 -10"><span class='ocrx_word' id='word_1_173' title='bbox 321 2633 432 2676; x_wconf 88' lang='lat' dir='ltr'>cato</span> <span class='ocrx_word' id='word_1_174' title='bbox 447 2660 460 2687; x_wconf 92' lang='lat'>,</span> <span class='ocrx_word' id='word_1_175' title='bbox 483 2626 619 2674; x_wconf 86' lang='lat' dir='ltr'>servi</span> <span class='ocrx_word' id='word_1_176' title='bbox 638 2624 802 2671; x_wconf 83' lang='lat' dir='ltr'>autem</span> <span class='ocrx_word' id='word_1_177' title='bbox 821 2618 940 2665; x_wconf 83' lang='lat' dir='ltr'>facti</span> <span class='ocrx_word' id='word_1_178' title='bbox 958 2616 1070 2660; x_wconf 89' lang='lat' dir='ltr'>Deo</span> <span class='ocrx_word' id='word_1_179' title='bbox 1084 2645 1098 2673; x_wconf 92' lang='lat'>,</span> <span class='ocrx_word' id='word_1_180' title='bbox 1129 2614 1222 2659; x_wconf 82' lang='lat' dir='ltr'>ha-</span> 
     </span>
     <span class='ocr_line' id='line_1_40' title="bbox 319 2678 1224 2743; baseline -0.022 0"><span class='ocrx_word' id='word_1_181' title='bbox 319 2698 447 2743; x_wconf 88' lang='lat' dir='ltr'>betis</span> <span class='ocrx_word' id='word_1_182' title='bbox 467 2696 683 2741; x_wconf 78' lang='lat' dir='ltr'>{ructum</span> <span class='ocrx_word' id='word_1_183' title='bbox 712 2690 934 2734; x_wconf 85' lang='lat' dir='ltr'>vestrum</span> <span class='ocrx_word' id='word_1_184' title='bbox 960 2684 1015 2728; x_wconf 84' lang='lat' dir='ltr'>in</span> <span class='ocrx_word' id='word_1_185' title='bbox 1035 2678 1224 2726; x_wconf 84' lang='lat' dir='ltr'>sancti-</span> 
     </span>
     <span class='ocr_line' id='line_1_41' title="bbox 319 2750 1225 2820; baseline -0.021 -11"><span class='ocrx_word' id='word_1_186' title='bbox 319 2763 627 2820; x_wconf 82' lang='lat' dir='ltr'>ficationem,</span> <span class='ocrx_word' id='word_1_187' title='bbox 648 2762 798 2806; x_wconf 88' lang='lat' dir='ltr'>finem</span> <span class='ocrx_word' id='word_1_188' title='bbox 819 2764 942 2799; x_wconf 90' lang='lat' dir='ltr'>vero</span> <span class='ocrx_word' id='word_1_189' title='bbox 965 2750 1116 2795; x_wconf 86' lang='lat' dir='ltr'>vitam</span> <span class='ocrx_word' id='word_1_190' title='bbox 1135 2760 1225 2792; x_wconf 83' lang='lat' dir='ltr'>ae-</span> 
     </span>
     <span class='ocr_line' id='line_1_42' title="bbox 323 2834 533 2876; baseline -0.01 -1"><span class='ocrx_word' id='word_1_191' title='bbox 323 2834 533 2876; x_wconf 87' lang='lat' dir='ltr'>ternam.</span> 
     </span>
    </p>

    <p class='ocr_par' dir='ltr' id='par_1_17' title="bbox 322 2880 1229 3011">
     <span class='ocr_line' id='line_1_43' title="bbox 389 2880 1225 2950; baseline -0.017 -9"><span class='ocrx_word' id='word_1_192' title='bbox 389 2897 470 2940; x_wconf 87' lang='grc'><strong>23.</strong></span> <span class='ocrx_word' id='word_1_193' title='bbox 517 2892 776 2950; x_wconf 84' lang='lat' dir='ltr'>Stipendia</span> <span class='ocrx_word' id='word_1_194' title='bbox 827 2887 962 2936; x_wconf 90' lang='lat' dir='ltr'>enim</span> <span class='ocrx_word' id='word_1_195' title='bbox 1011 2880 1225 2943; x_wconf 88' lang='lat' dir='ltr'>peccati,</span> 
     </span>
     <span class='ocr_line' id='line_1_44' title="bbox 322 2951 1229 3011; baseline -0.017 -2"><span class='ocrx_word' id='word_1_196' title='bbox 322 2975 478 3011; x_wconf 79' lang='lat' dir='ltr'>mors.</span> <span class='ocrx_word' id='word_1_197' title='bbox 548 2958 722 3005; x_wconf 78' lang='lat' dir='ltr'>Gratia</span> <span class='ocrx_word' id='word_1_198' title='bbox 759 2959 924 3003; x_wconf 84' lang='lat' dir='ltr'>autem</span> <span class='ocrx_word' id='word_1_199' title='bbox 959 2952 1084 3011; x_wconf 88' lang='lat' dir='ltr'>Dei,</span> <span class='ocrx_word' id='word_1_200' title='bbox 1127 2951 1229 2997; x_wconf 87' lang='lat' dir='ltr'>vita</span> 
     </span>
    </p>
   </div>
   <div class='ocr_carea' id='block_1_9' title="bbox 1262 447 2175 559">
    <p class='ocr_par' dir='ltr' id='par_1_18' title="bbox 1262 447 2175 559">
     <span class='ocr_line' id='line_1_45' title="bbox 1262 447 2175 508; baseline -0.013 -11"><span class='ocrx_word' id='word_1_201' title='bbox 1262 455 1354 496; x_wconf 85' lang='lat' dir='ltr'>Per</span> <span class='ocrx_word' id='word_1_202' title='bbox 1372 451 1673 508; x_wconf 79' lang='lat' dir='ltr'>praesentiam</span> <span class='ocrx_word' id='word_1_203' title='bbox 1692 447 1831 499; x_wconf 77' lang='lat' dir='ltr'>legis,</span> <span class='ocrx_word' id='word_1_204' title='bbox 1843 447 2047 499; x_wconf 82' lang='lat' dir='ltr'>quamvis</span> <span class='ocrx_word' id='word_1_205' title='bbox 2068 458 2175 488; x_wconf 82' lang='lat' dir='ltr'>san-</span> 
     </span>
     <span class='ocr_line' id='line_1_46' title="bbox 1264 503 2173 559; baseline -0.014 -6"><span class='ocrx_word' id='word_1_206' title='bbox 1264 515 1377 558; x_wconf 88' lang='lat' dir='ltr'>ctae,</span> <span class='ocrx_word' id='word_1_207' title='bbox 1398 508 1598 550; x_wconf 85' lang='lat' dir='ltr'>crebrius</span> <span class='ocrx_word' id='word_1_208' title='bbox 1618 508 1853 559; x_wconf 83' lang='lat' dir='ltr'>peccatum</span> <span class='ocrx_word' id='word_1_209' title='bbox 1881 515 1928 544; x_wconf 85' lang='lat' dir='ltr'>se</span> <span class='ocrx_word' id='word_1_210' title='bbox 1952 503 2173 543; x_wconf 75' lang='lat' dir='ltr'>exseruit.</span> 
     </span>
    </p>
   </div>
   <div class='ocr_carea' id='block_1_10' title="bbox 1265 593 2205 3006">
    <p class='ocr_par' dir='ltr' id='par_1_19' title="bbox 1265 593 2180 862">
     <span class='ocr_line' id='line_1_47' title="bbox 1332 593 2176 657; baseline -0.012 -8"><span class='ocrx_word' id='word_1_211' title='bbox 1332 607 1379 650; x_wconf 88' lang='lat'>1.</span> <span class='ocrx_word' id='word_1_212' title='bbox 1392 604 1469 647; x_wconf 88' lang='lat' dir='ltr'>An</span> <span class='ocrx_word' id='word_1_213' title='bbox 1481 597 1749 657; x_wconf 68' lang='lat' dir='ltr'>ignoratiS,</span> <span class='ocrx_word' id='word_1_214' title='bbox 1763 598 1950 642; x_wconf 77' lang='lat' dir='ltr'>fratres</span> <span class='ocrx_word' id='word_1_215' title='bbox 1964 593 2176 653; x_wconf 82' lang='lat' dir='ltr'>!(scien-</span> 
     </span>
     <span class='ocr_line' id='line_1_48' title="bbox 1265 661 2180 721; baseline -0.013 -3"><span class='ocrx_word' id='word_1_216' title='bbox 1265 672 1397 718; x_wconf 83' lang='lat' dir='ltr'>tibus</span> <span class='ocrx_word' id='word_1_217' title='bbox 1436 668 1570 714; x_wconf 88' lang='lat' dir='ltr'>enim</span> <span class='ocrx_word' id='word_1_218' title='bbox 1606 665 1772 721; x_wconf 82' lang='lat' dir='ltr'>legem</span> <span class='ocrx_word' id='word_1_219' title='bbox 1808 661 2017 721; x_wconf 89' lang='lat' dir='ltr'>loquor)</span> <span class='ocrx_word' id='word_1_220' title='bbox 2060 662 2180 717; x_wconf 84' lang='lat' dir='ltr'>quia</span> 
     </span>
     <span class='ocr_line' id='line_1_49' title="bbox 1265 730 2177 790; baseline -0.013 -5"><span class='ocrx_word' id='word_1_221' title='bbox 1265 737 1426 785; x_wconf 81' lang='lat' dir='ltr'>lexin</span> <span class='ocrx_word' id='word_1_222' title='bbox 1444 733 1649 780; x_wconf 88' lang='lat' dir='ltr'>homine</span> <span class='ocrx_word' id='word_1_223' title='bbox 1670 730 1978 790; x_wconf 81' lang='lat' dir='ltr'>dominatur,</span> <span class='ocrx_word' id='word_1_224' title='bbox 1990 730 2177 786; x_wconf 84' lang='lat' dir='ltr'>quanto</span> 
     </span>
     <span class='ocr_line' id='line_1_50' title="bbox 1266 799 1679 862; baseline -0.024 -9"><span class='ocrx_word' id='word_1_225' title='bbox 1266 808 1497 862; x_wconf 90' lang='lat' dir='ltr'>tempore</span> <span class='ocrx_word' id='word_1_226' title='bbox 1520 799 1679 846; x_wconf 63' lang='lat' dir='ltr'>vivit?</span> 
     </span>
    </p>

    <p class='ocr_par' dir='ltr' id='par_1_20' title="bbox 1269 863 2183 1126">
     <span class='ocr_line' id='line_1_51' title="bbox 1336 863 2178 925; baseline -0.011 -8"><span class='ocrx_word' id='word_1_227' title='bbox 1336 875 1384 917; x_wconf 87' lang='grc'><strong>2.</strong></span> <span class='ocrx_word' id='word_1_228' title='bbox 1419 872 1548 916; x_wconf 88' lang='lat' dir='ltr'>Nam</span> <span class='ocrx_word' id='word_1_229' title='bbox 1567 880 1695 925; x_wconf 89' lang='lat' dir='ltr'>quae</span> <span class='ocrx_word' id='word_1_230' title='bbox 1726 868 1816 912; x_wconf 87' lang='lat' dir='ltr'>sub</span> <span class='ocrx_word' id='word_1_231' title='bbox 1836 863 1951 910; x_wconf 86' lang='lat' dir='ltr'>viro</span> <span class='ocrx_word' id='word_1_232' title='bbox 1973 866 2055 910; x_wconf 86' lang='lat' dir='ltr'>est</span> <span class='ocrx_word' id='word_1_233' title='bbox 2071 877 2178 908; x_wconf 90' lang='lat' dir='ltr'>mu-</span> 
     </span>
     <span class='ocr_line' id='line_1_52' title="bbox 1269 930 2179 999; baseline -0.012 -14"><span class='ocrx_word' id='word_1_234' title='bbox 1269 941 1384 999; x_wconf 90' lang='lat' dir='ltr'>lier,</span> <span class='ocrx_word' id='word_1_235' title='bbox 1399 938 1602 983; x_wconf 82' lang='lat' dir='ltr'>vivente</span> <span class='ocrx_word' id='word_1_236' title='bbox 1616 935 1727 980; x_wconf 88' lang='lat' dir='ltr'>viro</span> <span class='ocrx_word' id='word_1_237' title='bbox 1740 933 1947 990; x_wconf 81' lang='lat' dir='ltr'>alligata</span> <span class='ocrx_word' id='word_1_238' title='bbox 1958 934 2039 976; x_wconf 81' lang='lat' dir='ltr'>est</span> <span class='ocrx_word' id='word_1_239' title='bbox 2049 930 2154 988; x_wconf 83' lang='lat' dir='ltr'>legi</span> <span class='ocrx_word' id='word_1_240' title='bbox 2165 945 2179 986; x_wconf 79' lang='lat'>3</span> 
     </span>
     <span class='ocr_line' id='line_1_53' title="bbox 1270 997 2183 1056; baseline -0.014 -2"><span class='ocrx_word' id='word_1_241' title='bbox 1270 1008 1317 1054; x_wconf 87' lang='lat' dir='ltr'>si</span> <span class='ocrx_word' id='word_1_242' title='bbox 1336 1009 1499 1052; x_wconf 84' lang='lat' dir='ltr'>autem</span> <span class='ocrx_word' id='word_1_243' title='bbox 1522 1003 1753 1049; x_wconf 88' lang='lat' dir='ltr'>mortuus</span> <span class='ocrx_word' id='word_1_244' title='bbox 1772 999 1923 1046; x_wconf 83' lang='lat' dir='ltr'>fucrit</span> <span class='ocrx_word' id='word_1_245' title='bbox 1946 998 2029 1043; x_wconf 85' lang='lat' dir='ltr'>vir</span> <span class='ocrx_word' id='word_1_246' title='bbox 2050 997 2183 1056; x_wconf 81' lang='lat' dir='ltr'>ejus,</span> 
     </span>
     <span class='ocr_line' id='line_1_54' title="bbox 1272 1067 1844 1126; baseline -0.017 -4"><span class='ocrx_word' id='word_1_247' title='bbox 1272 1075 1439 1122; x_wconf 84' lang='lat' dir='ltr'>soluta</span> <span class='ocrx_word' id='word_1_248' title='bbox 1458 1073 1535 1117; x_wconf 84' lang='lat' dir='ltr'>est</span> <span class='ocrx_word' id='word_1_249' title='bbox 1554 1085 1585 1118; x_wconf 89' lang='lat' dir='ltr'>a</span> <span class='ocrx_word' id='word_1_250' title='bbox 1602 1069 1716 1126; x_wconf 83' lang='lat' dir='ltr'>lege</span> <span class='ocrx_word' id='word_1_251' title='bbox 1738 1067 1844 1113; x_wconf 85' lang='lat' dir='ltr'>viri.</span> 
     </span>
    </p>

    <p class='ocr_par' dir='ltr' id='par_1_21' title="bbox 1275 1132 2189 1524">
     <span class='ocr_line' id='line_1_55' title="bbox 1341 1132 2185 1197; baseline -0.012 -10"><span class='ocrx_word' id='word_1_252' title='bbox 1341 1143 1387 1188; x_wconf 80' lang='lat'>3.</span> <span class='ocrx_word' id='word_1_253' title='bbox 1422 1139 1599 1197; x_wconf 84' lang='lat' dir='ltr'>Igitur,</span> <span class='ocrx_word' id='word_1_254' title='bbox 1612 1136 1815 1182; x_wconf 85' lang='lat' dir='ltr'>vivente</span> <span class='ocrx_word' id='word_1_255' title='bbox 1826 1132 1955 1190; x_wconf 86' lang='lat' dir='ltr'>viro,</span> <span class='ocrx_word' id='word_1_256' title='bbox 1965 1133 2185 1178; x_wconf 85' lang='lat' dir='ltr'>vocabi-</span> 
     </span>
     <span class='ocr_line' id='line_1_56' title="bbox 1275 1198 2184 1262; baseline -0.013 -7"><span class='ocrx_word' id='word_1_257' title='bbox 1275 1212 1356 1255; x_wconf 90' lang='lat' dir='ltr'>tur</span> <span class='ocrx_word' id='word_1_258' title='bbox 1387 1206 1641 1262; x_wconf 86' lang='lat' dir='ltr'>adultera,</span> <span class='ocrx_word' id='word_1_259' title='bbox 1672 1203 1719 1248; x_wconf 88' lang='lat' dir='ltr'>si</span> <span class='ocrx_word' id='word_1_260' title='bbox 1744 1201 1897 1248; x_wconf 80' lang='lat' dir='ltr'>fuerit</span> <span class='ocrx_word' id='word_1_261' title='bbox 1924 1213 2037 1246; x_wconf 88' lang='lat' dir='ltr'>cum</span> <span class='ocrx_word' id='word_1_262' title='bbox 2072 1198 2184 1244; x_wconf 80' lang='lat' dir='ltr'>alio</span> 
     </span>
     <span class='ocr_line' id='line_1_57' title="bbox 1276 1266 2187 1332; baseline -0.014 -9"><span class='ocrx_word' id='word_1_263' title='bbox 1276 1277 1415 1332; x_wconf 70' lang='lat' dir='ltr'>viro,</span> <span class='ocrx_word' id='word_1_264' title='bbox 1435 1274 1479 1320; x_wconf 91' lang='lat' dir='ltr'>si</span> <span class='ocrx_word' id='word_1_265' title='bbox 1498 1274 1665 1318; x_wconf 87' lang='lat' dir='ltr'>autem</span> <span class='ocrx_word' id='word_1_266' title='bbox 1681 1272 1909 1315; x_wconf 83' lang='lat' dir='ltr'>mortuus</span> <span class='ocrx_word' id='word_1_267' title='bbox 1928 1266 2081 1313; x_wconf 80' lang='lat' dir='ltr'>fuerit</span> <span class='ocrx_word' id='word_1_268' title='bbox 2099 1266 2187 1311; x_wconf 81' lang='lat' dir='ltr'>vir</span> 
     </span>
     <span class='ocr_line' id='line_1_58' title="bbox 1277 1334 2189 1402; baseline -0.013 -12"><span class='ocrx_word' id='word_1_269' title='bbox 1277 1345 1413 1402; x_wconf 85' lang='lat' dir='ltr'>ejus,</span> <span class='ocrx_word' id='word_1_270' title='bbox 1444 1341 1655 1387; x_wconf 84' lang='lat' dir='ltr'>liberata</span> <span class='ocrx_word' id='word_1_271' title='bbox 1686 1339 1762 1383; x_wconf 85' lang='lat' dir='ltr'>est</span> <span class='ocrx_word' id='word_1_272' title='bbox 1788 1350 1819 1382; x_wconf 87' lang='lat' dir='ltr'>a</span> <span class='ocrx_word' id='word_1_273' title='bbox 1845 1336 1962 1394; x_wconf 80' lang='lat' dir='ltr'>lege</span> <span class='ocrx_word' id='word_1_274' title='bbox 1980 1334 2106 1390; x_wconf 81' lang='lat' dir='ltr'>viri3</span> <span class='ocrx_word' id='word_1_275' title='bbox 2126 1337 2189 1378; x_wconf 86' lang='lat' dir='ltr'>ut</span> 
     </span>
     <span class='ocr_line' id='line_1_59' title="bbox 1275 1402 2189 1464; baseline -0.011 -8"><span class='ocrx_word' id='word_1_276' title='bbox 1275 1425 1382 1456; x_wconf 85' lang='lat' dir='ltr'>non</span> <span class='ocrx_word' id='word_1_277' title='bbox 1420 1409 1487 1454; x_wconf 85' lang='lat' dir='ltr'>sit</span> <span class='ocrx_word' id='word_1_278' title='bbox 1522 1406 1766 1464; x_wconf 84' lang='lat' dir='ltr'>adultera,</span> <span class='ocrx_word' id='word_1_279' title='bbox 1804 1404 1849 1450; x_wconf 87' lang='lat' dir='ltr'>si</span> <span class='ocrx_word' id='word_1_280' title='bbox 1884 1402 2041 1450; x_wconf 79' lang='lat' dir='ltr'>fuerit</span> <span class='ocrx_word' id='word_1_281' title='bbox 2074 1415 2189 1447; x_wconf 88' lang='lat' dir='ltr'>cum</span> 
     </span>
     <span class='ocr_line' id='line_1_60' title="bbox 1278 1477 1532 1524; baseline -0.02 0"><span class='ocrx_word' id='word_1_282' title='bbox 1278 1479 1379 1524; x_wconf 83' lang='lat' dir='ltr'>alio</span> <span class='ocrx_word' id='word_1_283' title='bbox 1405 1477 1532 1522; x_wconf 87' lang='lat' dir='ltr'>viro.</span> 
     </span>
    </p>

    <p class='ocr_par' dir='ltr' id='par_1_22' title="bbox 1278 1537 2193 1862">
     <span class='ocr_line' id='line_1_61' title="bbox 1345 1537 2189 1601; baseline -0.014 -11"><span class='ocrx_word' id='word_1_284' title='bbox 1345 1547 1392 1591; x_wconf 83' lang='lat'>4.</span> <span class='ocrx_word' id='word_1_285' title='bbox 1428 1545 1630 1601; x_wconf 82' lang='lat' dir='ltr'>ltaque,</span> <span class='ocrx_word' id='word_1_286' title='bbox 1650 1541 1835 1586; x_wconf 84' lang='lat' dir='ltr'>fratres</span> <span class='ocrx_word' id='word_1_287' title='bbox 1854 1537 1982 1595; x_wconf 85' lang='lat' dir='ltr'>mei,</span> <span class='ocrx_word' id='word_1_288' title='bbox 2012 1540 2064 1580; x_wconf 88' lang='lat' dir='ltr'>et</span> <span class='ocrx_word' id='word_1_289' title='bbox 2092 1548 2189 1580; x_wconf 86' lang='lat' dir='ltr'>vos</span> 
     </span>
     <span class='ocr_line' id='line_1_62' title="bbox 1278 1605 2191 1663; baseline -0.012 -5"><span class='ocrx_word' id='word_1_290' title='bbox 1278 1609 1565 1658; x_wconf 87' lang='lat' dir='ltr'>mortificati</span> <span class='ocrx_word' id='word_1_291' title='bbox 1594 1608 1713 1654; x_wconf 86' lang='lat' dir='ltr'>estis</span> <span class='ocrx_word' id='word_1_292' title='bbox 1752 1605 1858 1663; x_wconf 82' lang='lat' dir='ltr'>legi</span> <span class='ocrx_word' id='word_1_293' title='bbox 1884 1618 1978 1662; x_wconf 88' lang='lat' dir='ltr'>per</span> <span class='ocrx_word' id='word_1_294' title='bbox 2007 1615 2191 1660; x_wconf 79' lang='lat' dir='ltr'>corpus</span> 
     </span>
     <span class='ocr_line' id='line_1_63' title="bbox 1281 1671 2193 1737; baseline -0.011 -12"><span class='ocrx_word' id='word_1_295' title='bbox 1281 1679 1496 1737; x_wconf 87' lang='lat' dir='ltr'>Christi,</span> <span class='ocrx_word' id='word_1_296' title='bbox 1530 1679 1583 1722; x_wconf 92' lang='lat' dir='ltr'>ut</span> <span class='ocrx_word' id='word_1_297' title='bbox 1612 1675 1719 1721; x_wconf 88' lang='lat' dir='ltr'>sitis</span> <span class='ocrx_word' id='word_1_298' title='bbox 1749 1673 1989 1730; x_wconf 87' lang='lat' dir='ltr'>alterius,</span> <span class='ocrx_word' id='word_1_299' title='bbox 2022 1671 2193 1727; x_wconf 78' lang='lat' dir='ltr'>quiex</span> 
     </span>
     <span class='ocr_line' id='line_1_64' title="bbox 1280 1738 2193 1801; baseline -0.012 -8"><span class='ocrx_word' id='word_1_300' title='bbox 1280 1747 1501 1799; x_wconf 40' lang='lat' dir='ltr'>mortuis.</span> <span class='ocrx_word' id='word_1_301' title='bbox 1535 1741 1846 1801; x_wconf 84' lang='lat' dir='ltr'>resurrexit,</span> <span class='ocrx_word' id='word_1_302' title='bbox 1887 1742 1948 1785; x_wconf 81' lang='lat' dir='ltr'>ut</span> <span class='ocrx_word' id='word_1_303' title='bbox 1981 1738 2193 1784; x_wconf 81' lang='lat' dir='ltr'>fructifi-</span> 
     </span>
     <span class='ocr_line' id='line_1_65' title="bbox 1285 1813 1600 1862; baseline -0.019 0"><span class='ocrx_word' id='word_1_304' title='bbox 1285 1828 1452 1862; x_wconf 83' lang='lat' dir='ltr'>cemus</span> <span class='ocrx_word' id='word_1_305' title='bbox 1472 1813 1600 1858; x_wconf 86' lang='lat' dir='ltr'>Deo.</span> 
     </span>
    </p>

    <p class='ocr_par' dir='ltr' id='par_1_23' title="bbox 1284 1873 2199 2197">
     <span class='ocr_line' id='line_1_66' title="bbox 1352 1873 2194 1929; baseline -0.013 -1"><span class='ocrx_word' id='word_1_306' title='bbox 1352 1886 1397 1928; x_wconf 90' lang='grc'>5.</span> <span class='ocrx_word' id='word_1_307' title='bbox 1419 1882 1542 1926; x_wconf 86' lang='lat' dir='ltr'>Cum</span> <span class='ocrx_word' id='word_1_308' title='bbox 1562 1877 1697 1925; x_wconf 89' lang='lat' dir='ltr'>enim</span> <span class='ocrx_word' id='word_1_309' title='bbox 1707 1887 1932 1922; x_wconf 82' lang='lat' dir='ltr'>essemus</span> <span class='ocrx_word' id='word_1_310' title='bbox 1952 1873 2008 1919; x_wconf 90' lang='lat' dir='ltr'>in</span> <span class='ocrx_word' id='word_1_311' title='bbox 2026 1885 2194 1929; x_wconf 85' lang='lat' dir='ltr'>carne,</span> 
     </span>
     <span class='ocr_line' id='line_1_67' title="bbox 1284 1945 2196 2008; baseline -0.012 -12"><span class='ocrx_word' id='word_1_312' title='bbox 1284 1949 1547 2008; x_wconf 73' lang='lat' dir='ltr'>passiones</span> <span class='ocrx_word' id='word_1_313' title='bbox 1577 1945 1927 2005; x_wconf 86' lang='lat' dir='ltr'>peccatorum,</span> <span class='ocrx_word' id='word_1_314' title='bbox 1959 1953 2091 1998; x_wconf 85' lang='lat' dir='ltr'>quae</span> <span class='ocrx_word' id='word_1_315' title='bbox 2108 1952 2196 1999; x_wconf 89' lang='lat' dir='ltr'>per</span> 
     </span>
     <span class='ocr_line' id='line_1_68' title="bbox 1284 2009 2195 2076; baseline -0.01 -15"><span class='ocrx_word' id='word_1_316' title='bbox 1284 2018 1449 2076; x_wconf 86' lang='lat' dir='ltr'>legem</span> <span class='ocrx_word' id='word_1_317' title='bbox 1504 2016 1675 2072; x_wconf 87' lang='lat' dir='ltr'>erant,</span> <span class='ocrx_word' id='word_1_318' title='bbox 1744 2012 2094 2069; x_wconf 79' lang='lat' dir='ltr'>operabantur</span> <span class='ocrx_word' id='word_1_319' title='bbox 2142 2009 2195 2053; x_wconf 88' lang='lat' dir='ltr'>in</span> 
     </span>
     <span class='ocr_line' id='line_1_69' title="bbox 1284 2077 2199 2139; baseline -0.01 -10"><span class='ocrx_word' id='word_1_320' title='bbox 1284 2083 1521 2131; x_wconf 87' lang='lat' dir='ltr'>membris</span> <span class='ocrx_word' id='word_1_321' title='bbox 1538 2080 1747 2139; x_wconf 82' lang='lat' dir='ltr'>nostris,</span> <span class='ocrx_word' id='word_1_322' title='bbox 1760 2082 1815 2125; x_wconf 89' lang='lat' dir='ltr'>ut</span> <span class='ocrx_word' id='word_1_323' title='bbox 1833 2077 2199 2124; x_wconf 84' lang='lat' dir='ltr'>fructificarent</span> 
     </span>
     <span class='ocr_line' id='line_1_70' title="bbox 1284 2151 1454 2197; baseline -0.012 0"><span class='ocrx_word' id='word_1_324' title='bbox 1284 2151 1454 2197; x_wconf 83' lang='lat' dir='ltr'>morti.</span> 
     </span>
    </p>

    <p class='ocr_par' dir='ltr' id='par_1_24' title="bbox 1288 2208 2201 2534">
     <span class='ocr_line' id='line_1_71' title="bbox 1356 2208 2199 2263; baseline -0.012 1"><span class='ocrx_word' id='word_1_325' title='bbox 1356 2222 1401 2263; x_wconf 84' lang='grc'>6.</span> <span class='ocrx_word' id='word_1_326' title='bbox 1436 2208 1621 2263; x_wconf 61' lang='lat' dir='ltr'>Nunc?⁵</span> <span class='ocrx_word' id='word_1_327' title='bbox 1650 2216 1817 2261; x_wconf 87' lang='lat' dir='ltr'>autem</span> <span class='ocrx_word' id='word_1_328' title='bbox 1846 2211 2006 2258; x_wconf 87' lang='lat' dir='ltr'>soluti</span> <span class='ocrx_word' id='word_1_329' title='bbox 2032 2222 2199 2257; x_wconf 84' lang='lat' dir='ltr'>sumus</span> 
     </span>
     <span class='ocr_line' id='line_1_72' title="bbox 1289 2278 2198 2345; baseline -0.013 -12"><span class='ocrx_word' id='word_1_330' title='bbox 1289 2300 1319 2333; x_wconf 88' lang='lat' dir='ltr'>a</span> <span class='ocrx_word' id='word_1_331' title='bbox 1344 2286 1460 2345; x_wconf 83' lang='lat' dir='ltr'>lege</span> <span class='ocrx_word' id='word_1_332' title='bbox 1488 2283 1685 2341; x_wconf 89' lang='lat' dir='ltr'>mortis,</span> <span class='ocrx_word' id='word_1_333' title='bbox 1722 2282 1778 2326; x_wconf 85' lang='lat' dir='ltr'>in</span> <span class='ocrx_word' id='word_1_334' title='bbox 1806 2293 1905 2337; x_wconf 89' lang='lat' dir='ltr'>qua</span> <span class='ocrx_word' id='word_1_335' title='bbox 1935 2278 2198 2325; x_wconf 82' lang='lat' dir='ltr'>detineba-</span> 
     </span>
     <span class='ocr_line' id='line_1_73' title="bbox 1288 2346 2201 2411; baseline -0.012 -11"><span class='ocrx_word' id='word_1_336' title='bbox 1288 2367 1400 2399; x_wconf 90' lang='lat' dir='ltr'>mur</span> <span class='ocrx_word' id='word_1_337' title='bbox 1412 2368 1425 2411; x_wconf 90' lang='lat'>;</span> <span class='ocrx_word' id='word_1_338' title='bbox 1437 2353 1507 2398; x_wconf 85' lang='lat' dir='ltr'>ita</span> <span class='ocrx_word' id='word_1_339' title='bbox 1526 2353 1579 2397; x_wconf 90' lang='lat' dir='ltr'>ut</span> <span class='ocrx_word' id='word_1_340' title='bbox 1598 2350 1875 2396; x_wconf 84' lang='lat' dir='ltr'>serviamus</span> <span class='ocrx_word' id='word_1_341' title='bbox 1894 2346 1952 2391; x_wconf 87' lang='lat' dir='ltr'>in</span> <span class='ocrx_word' id='word_1_342' title='bbox 1970 2346 2201 2391; x_wconf 78' lang='lat' dir='ltr'>novitate</span> 
     </span>
     <span class='ocr_line' id='line_1_74' title="bbox 1290 2413 2200 2479; baseline -0.011 -13"><span class='ocrx_word' id='word_1_343' title='bbox 1290 2421 1495 2478; x_wconf 88' lang='lat' dir='ltr'>spiritus</span> <span class='ocrx_word' id='word_1_344' title='bbox 1509 2449 1524 2479; x_wconf 89' lang='lat'>,</span> <span class='ocrx_word' id='word_1_345' title='bbox 1556 2419 1607 2464; x_wconf 84' lang='lat' dir='ltr'>et</span> <span class='ocrx_word' id='word_1_346' title='bbox 1634 2430 1743 2463; x_wconf 89' lang='lat' dir='ltr'>non</span> <span class='ocrx_word' id='word_1_347' title='bbox 1761 2416 1816 2461; x_wconf 86' lang='lat' dir='ltr'>in</span> <span class='ocrx_word' id='word_1_348' title='bbox 1839 2416 2100 2460; x_wconf 85' lang='lat' dir='ltr'>vetustate</span> <span class='ocrx_word' id='word_1_349' title='bbox 2120 2413 2200 2457; x_wconf 83' lang='lat' dir='ltr'>lit-</span> 
     </span>
     <span class='ocr_line' id='line_1_75' title="bbox 1291 2491 1443 2534; baseline -0.02 0"><span class='ocrx_word' id='word_1_350' title='bbox 1291 2491 1443 2534; x_wconf 83' lang='lat' dir='ltr'>terae.</span> 
     </span>
    </p>

    <p class='ocr_par' dir='ltr' id='par_1_25' title="bbox 1290 2546 2205 2951">
     <span class='ocr_line' id='line_1_76' title="bbox 1358 2546 2203 2609; baseline -0.011 -10"><span class='ocrx_word' id='word_1_351' title='bbox 1358 2557 1405 2599; x_wconf 70' lang='lat'>7.</span> <span class='ocrx_word' id='word_1_352' title='bbox 1462 2552 1594 2607; x_wconf 75' lang='lat' dir='ltr'>Quid</span> <span class='ocrx_word' id='word_1_353' title='bbox 1638 2563 1764 2609; x_wconf 85' lang='lat' dir='ltr'>ergo</span> <span class='ocrx_word' id='word_1_354' title='bbox 1812 2548 2075 2594; x_wconf 64' lang='lat' dir='ltr'>dicemus?</span> <span class='ocrx_word' id='word_1_355' title='bbox 2118 2546 2203 2591; x_wconf 82' lang='lat' dir='ltr'>lex</span> 
     </span>
     <span class='ocr_line' id='line_1_77' title="bbox 1290 2614 2203 2679; baseline -0.011 -11"><span class='ocrx_word' id='word_1_356' title='bbox 1290 2623 1550 2679; x_wconf 85' lang='lat' dir='ltr'>peccatum</span> <span class='ocrx_word' id='word_1_357' title='bbox 1580 2614 1685 2666; x_wconf 82' lang='lat' dir='ltr'>esti</span> <span class='ocrx_word' id='word_1_358' title='bbox 1697 2620 1715 2663; x_wconf 65' lang='grc' dir='ltr'><strong><em>ἓ</em></strong></span> <span class='ocrx_word' id='word_1_359' title='bbox 1734 2616 1893 2664; x_wconf 86' lang='lat' dir='ltr'>Absit.</span> <span class='ocrx_word' id='word_1_360' title='bbox 1960 2614 2065 2662; x_wconf 89' lang='lat' dir='ltr'>Sed</span> <span class='ocrx_word' id='word_1_361' title='bbox 2084 2628 2203 2672; x_wconf 86' lang='lat' dir='ltr'>pec-</span> 
     </span>
     <span class='ocr_line' id='line_1_78' title="bbox 1294 2675 2204 2744; baseline -0.011 -9"><span class='ocrx_word' id='word_1_362' title='bbox 1294 2692 1457 2736; x_wconf 82' lang='lat' dir='ltr'>catum</span> <span class='ocrx_word' id='word_1_363' title='bbox 1474 2701 1581 2733; x_wconf 90' lang='lat' dir='ltr'>non</span> <span class='ocrx_word' id='word_1_364' title='bbox 1602 2675 1872 2744; x_wconf 55' lang='lat' dir='ltr'>cognovik,</span> <span class='ocrx_word' id='word_1_365' title='bbox 1894 2683 1999 2729; x_wconf 83' lang='lat' dir='ltr'>nisi</span> <span class='ocrx_word' id='word_1_366' title='bbox 2015 2695 2111 2740; x_wconf 88' lang='lat' dir='ltr'>per</span> <span class='ocrx_word' id='word_1_367' title='bbox 2129 2681 2204 2726; x_wconf 90' lang='lat' dir='ltr'>le-</span> 
     </span>
     <span class='ocr_line' id='line_1_79' title="bbox 1292 2751 2205 2815; baseline -0.012 -12"><span class='ocrx_word' id='word_1_368' title='bbox 1292 2770 1434 2815; x_wconf 79' lang='lat' dir='ltr'>gem3</span> <span class='ocrx_word' id='word_1_369' title='bbox 1463 2769 1580 2801; x_wconf 84' lang='lat' dir='ltr'>nam</span> <span class='ocrx_word' id='word_1_370' title='bbox 1616 2751 2085 2809; x_wconf 88' lang='lat' dir='ltr'>concupiscentiam</span> <span class='ocrx_word' id='word_1_371' title='bbox 2114 2762 2205 2792; x_wconf 86' lang='lat' dir='ltr'>ne-</span> 
     </span>
     <span class='ocr_line' id='line_1_80' title="bbox 1293 2816 2205 2882; baseline -0.014 -11"><span class='ocrx_word' id='word_1_372' title='bbox 1293 2825 1537 2882; x_wconf 83' lang='lat' dir='ltr'>sciebam,</span> <span class='ocrx_word' id='word_1_373' title='bbox 1567 2822 1668 2867; x_wconf 87' lang='lat' dir='ltr'>nisi</span> <span class='ocrx_word' id='word_1_374' title='bbox 1699 2820 1787 2867; x_wconf 86' lang='lat' dir='ltr'>lex</span> <span class='ocrx_word' id='word_1_375' title='bbox 1807 2818 2026 2865; x_wconf 85' lang='lat' dir='ltr'>diceret:</span> <span class='ocrx_word' id='word_1_376' title='bbox 2049 2816 2205 2876; x_wconf 90' lang='lat' dir='ltr'>„Non</span> 
     </span>
     <span class='ocr_line' id='line_1_81' title="bbox 1294 2880 2013 2951; baseline -0.013 -12"><span class='ocrx_word' id='word_1_377' title='bbox 1294 2880 1743 2951; x_wconf 79' lang='lat' dir='ltr'>„concupisces“².</span> <span class='ocrx_word' id='word_1_378' title='bbox 2006 2918 2013 2923; x_wconf 79' lang='lat'><strong>.</strong></span> 
     </span>
    </p>

    <p class='ocr_par' dir='ltr' id='par_1_26' title="bbox 1361 2949 2203 3006">
     <span class='ocr_line' id='line_1_82' title="bbox 1361 2949 2203 3006; baseline -0.015 -2"><span class='ocrx_word' id='word_1_379' title='bbox 1361 2962 1407 3004; x_wconf 89' lang='lat'>8.</span> <span class='ocrx_word' id='word_1_380' title='bbox 1446 2956 1727 3004; x_wconf 86' lang='lat' dir='ltr'>Occasione</span> <span class='ocrx_word' id='word_1_381' title='bbox 1765 2954 1933 2999; x_wconf 82' lang='lat' dir='ltr'>autem</span> <span class='ocrx_word' id='word_1_382' title='bbox 1978 2949 2203 3006; x_wconf 83' lang='lat' dir='ltr'>accepta,</span> 
     </span>
    </p>
   </div>
   <div class='ocr_carea' id='block_1_11' title="bbox 325 3018 2204 3086">
    <p class='ocr_par' dir='ltr' id='par_1_27' title="bbox 325 3018 2204 3086">
     <span class='ocr_line' id='line_1_83' title="bbox 325 3018 2204 3086; baseline -0.014 -10"><span class='ocrx_word' id='word_1_383' title='bbox 325 3034 549 3086; x_wconf 82' lang='lat' dir='ltr'>aeterna,</span> <span class='ocrx_word' id='word_1_384' title='bbox 569 3027 624 3072; x_wconf 88' lang='lat' dir='ltr'>in</span> <span class='ocrx_word' id='word_1_385' title='bbox 645 3024 844 3070; x_wconf 88' lang='lat' dir='ltr'>Christo</span> <span class='ocrx_word' id='word_1_386' title='bbox 865 3025 988 3069; x_wconf 80' lang='lat' dir='ltr'>Jesu</span> <span class='ocrx_word' id='word_1_387' title='bbox 1005 3018 1225 3066; x_wconf 88' lang='lat' dir='ltr'>Domino</span> <span class='ocrx_word' id='word_1_388' title='bbox 1292 3027 1551 3085; x_wconf 66' lang='lat' dir='ltr'>peccatum</span> <span class='ocrx_word' id='word_1_389' title='bbox 1579 3036 1673 3081; x_wconf 66' lang='lat' dir='ltr'>pel·</span> <span class='ocrx_word' id='word_1_390' title='bbox 1700 3020 1991 3068; x_wconf 66' lang='lat' dir='ltr'>mandatum</span> <span class='ocrx_word' id='word_1_391' title='bbox 2019 3028 2204 3074; x_wconf 62' lang='lat' dir='ltr'>opera-</span> 
     </span>
    </p>
   </div>
   <div class='ocr_carea' id='block_1_12' title="bbox 323 3099 922 3223">
    <p class='ocr_par' dir='ltr' id='par_1_28' title="bbox 323 3099 922 3223">
     <span class='ocr_line' id='line_1_84' title="bbox 323 3099 520 3145; baseline -0.036 1"><span class='ocrx_word' id='word_1_392' title='bbox 323 3099 520 3145; x_wconf 87' lang='lat' dir='ltr'>nostro.</span> 
     </span>
     <span class='ocr_line' id='line_1_85' title="bbox 371 3180 922 3223; baseline -0.018 0"><span class='ocrx_word' id='word_1_393' title='bbox 371 3192 395 3222; x_wconf 72' lang='grc' dir='ltr'><strong><em>ἔ</em></strong></span> <span class='ocrx_word' id='word_1_394' title='bbox 412 3184 507 3223; x_wconf 81' lang='lat' dir='ltr'>infr.</span> <span class='ocrx_word' id='word_1_395' title='bbox 527 3196 560 3219; x_wconf 88' lang='lat' dir='ltr'>c.</span> <span class='ocrx_word' id='word_1_396' title='bbox 578 3185 616 3223; x_wconf 87' lang='lat'>7,</span> <span class='ocrx_word' id='word_1_397' title='bbox 632 3182 672 3217; x_wconf 85' lang='lat'>4.</span> <span class='ocrx_word' id='word_1_398' title='bbox 691 3182 728 3216; x_wconf 85' lang='lat'>6.</span> <span class='ocrx_word' id='word_1_399' title='bbox 753 3180 791 3219; x_wconf 84' lang='lat'>8,</span> <span class='ocrx_word' id='word_1_400' title='bbox 809 3180 846 3214; x_wconf 79' lang='lat'>2.</span> <span class='ocrx_word' id='word_1_401' title='bbox 866 3188 922 3223; x_wconf 80' lang='lat' dir='ltr'>sq.</span> 
     </span>
    </p>
   </div>
   <div class='ocr_carea' id='block_1_13' title="bbox 322 3264 988 3290">
    <p class='ocr_par' dir='ltr' id='par_1_29' title="bbox 322 3264 988 3290">
     <span class='ocr_line' id='line_1_86' title="bbox 322 3264 988 3290; baseline -0.02 -4"><span class='ocrx_word' id='word_1_402' title='bbox 322 3264 988 3290; x_wconf 64' lang='lat'><strong>——,-...-.-...-..-—</strong></span> 
     </span>
    </p>
   </div>
   <div class='ocr_carea' id='block_1_14' title="bbox 442 3322 1150 3386">
    <p class='ocr_par' dir='ltr' id='par_1_30' title="bbox 442 3322 1150 3386">
     <span class='ocr_line' id='line_1_87' title="bbox 442 3322 1150 3386; baseline -0.02 -12"><span class='ocrx_word' id='word_1_403' title='bbox 442 3332 554 3386; x_wconf 86' lang='lat' dir='ltr'>Cap.</span> <span class='ocrx_word' id='word_1_404' title='bbox 583 3327 666 3369; x_wconf 84' lang='lat' dir='ltr'>VI.</span> <span class='ocrx_word' id='word_1_405' title='bbox 745 3329 812 3366; x_wconf 80' lang='grc'><strong>15.</strong></span> <span class='ocrx_word' id='word_1_406' title='bbox 855 3322 1150 3377; x_wconf 85' lang='lat' dir='ltr'>peccavimus.</span> 
     </span>
    </p>
   </div>
   <div class='ocr_carea' id='block_1_15' title="bbox 331 3431 1182 3543">
    <p class='ocr_par' dir='ltr' id='par_1_31' title="bbox 331 3431 1182 3543">
     <span class='ocr_line' id='line_1_88' title="bbox 331 3431 1170 3483; baseline -0.014 -1"><span class='ocrx_word' id='word_1_407' title='bbox 331 3446 372 3482; x_wconf 76' lang='lat'>4.</span> <span class='ocrx_word' id='word_1_408' title='bbox 406 3442 791 3483; x_wconf 82' lang='lat' dir='ltr'>fructificaremus.</span> <span class='ocrx_word' id='word_1_409' title='bbox 858 3435 897 3474; x_wconf 79' lang='lat'>6.</span> <span class='ocrx_word' id='word_1_410' title='bbox 928 3431 1170 3473; x_wconf 84' lang='lat' dir='ltr'>morientes</span> 
     </span>
     <span class='ocr_line' id='line_1_89' title="bbox 331 3486 1182 3543; baseline -0.015 -6"><span class='ocrx_word' id='word_1_411' title='bbox 331 3508 433 3537; x_wconf 83' lang='lat' dir='ltr'>voc·</span> <span class='ocrx_word' id='word_1_412' title='bbox 454 3495 608 3537; x_wconf 89' lang='lat' dir='ltr'>mortis</span> <span class='ocrx_word' id='word_1_413' title='bbox 627 3490 850 3543; x_wconf 80' lang='lat' dir='ltr'>mutata).</span> <span class='ocrx_word' id='word_1_414' title='bbox 908 3490 949 3528; x_wconf 74' lang='grc' dir='ltr'>τ.</span> <span class='ocrx_word' id='word_1_415' title='bbox 983 3486 1182 3528; x_wconf 83' lang='lat' dir='ltr'>dicimus.</span> 
     </span>
    </p>
   </div>
   <div class='ocr_carea' id='block_1_16' title="bbox 329 3316 2213 3487">
    <p class='ocr_par' dir='ltr' id='par_1_32' title="bbox 329 3316 2213 3487">
     <span class='ocr_line' id='line_1_90' title="bbox 1228 3316 1600 3362; baseline -0.019 0"><span class='ocrx_word' id='word_1_416' title='bbox 1228 3321 1297 3362; x_wconf 82' lang='lat'>16.</span> <span class='ocrx_word' id='word_1_417' title='bbox 1340 3316 1600 3360; x_wconf 82' lang='lat' dir='ltr'>oboedistis.</span> 
     </span>
     <span class='ocr_line' id='line_1_91' title="bbox 329 3374 1524 3441; baseline -0.013 -14"><span class='ocrx_word' id='word_1_418' title='bbox 329 3390 377 3429; x_wconf 84' lang='lat' dir='ltr'>in</span> <span class='ocrx_word' id='word_1_419' title='bbox 405 3400 505 3441; x_wconf 83' lang='lat' dir='ltr'>qua.</span> <span class='ocrx_word' id='word_1_420' title='bbox 566 3388 632 3428; x_wconf 82' lang='grc'><strong>19.</strong></span> <span class='ocrx_word' id='word_1_421' title='bbox 663 3378 973 3423; x_wconf 82' lang='lat' dir='ltr'>inmunditiae·</span> <span class='ocrx_word' id='word_1_422' title='bbox 1041 3379 1110 3417; x_wconf 86' lang='lat'>21.</span> <span class='ocrx_word' id='word_1_423' title='bbox 1141 3380 1251 3417; x_wconf 89' lang='lat' dir='ltr'>tunc</span> <span class='ocrx_word' id='word_1_424' title='bbox 1276 3376 1323 3417; x_wconf 86' lang='lat' dir='ltr'>in</span> <span class='ocrx_word' id='word_1_425' title='bbox 1351 3374 1524 3425; x_wconf 74' lang='lat' dir='ltr'>quibus.</span> 
     </span>
     <span class='ocr_line' id='line_1_92' title="bbox 1200 3417 2213 3487; baseline -0.013 -14"><span class='ocrx_word' id='word_1_426' title='bbox 1200 3433 1279 3487; x_wconf 81' lang='lat' dir='ltr'>(at</span> <span class='ocrx_word' id='word_1_427' title='bbox 1304 3428 1504 3471; x_wconf 77' lang='lat' dir='ltr'>obeliscis</span> <span class='ocrx_word' id='word_1_428' title='bbox 1534 3426 1647 3470; x_wconf 76' lang='lat' dir='ltr'>haec</span> <span class='ocrx_word' id='word_1_429' title='bbox 1671 3430 1847 3469; x_wconf 75' lang='lat' dir='ltr'>notata</span> <span class='ocrx_word' id='word_1_430' title='bbox 1881 3428 1990 3468; x_wconf 76' lang='lat' dir='ltr'>sunt</span> <span class='ocrx_word' id='word_1_431' title='bbox 2014 3427 2063 3465; x_wconf 79' lang='lat' dir='ltr'>et</span> <span class='ocrx_word' id='word_1_432' title='bbox 2081 3420 2149 3464; x_wconf 73' lang='lat' dir='ltr'>sic</span> <span class='ocrx_word' id='word_1_433' title='bbox 2166 3417 2213 3461; x_wconf 72' lang='lat' dir='ltr'>in</span> 
     </span>
    </p>
   </div>
   <div class='ocr_carea' id='block_1_17' title="bbox 1291 3111 2208 3210">
    <p class='ocr_par' dir='ltr' id='par_1_33' title="bbox 1291 3111 2208 3210">
     <span class='ocr_line' id='line_1_93' title="bbox 1338 3111 2208 3162; baseline -0.011 -2"><span class='ocrx_word' id='word_1_434' title='bbox 1338 3120 1359 3148; x_wconf 73' lang='lat' dir='ltr'><em>h</em></span> <span class='ocrx_word' id='word_1_435' title='bbox 1376 3120 1471 3159; x_wconf 81' lang='lat' dir='ltr'>infr.</span> <span class='ocrx_word' id='word_1_436' title='bbox 1493 3132 1527 3156; x_wconf 88' lang='lat' dir='ltr'>c.</span> <span class='ocrx_word' id='word_1_437' title='bbox 1546 3123 1593 3162; x_wconf 90' lang='lat'>8,</span> <span class='ocrx_word' id='word_1_438' title='bbox 1611 3122 1757 3156; x_wconf 88' lang='lat'><strong>1—12.</strong></span> <span class='ocrx_word' id='word_1_439' title='bbox 1806 3112 1821 3143; x_wconf 66' lang='grc' dir='ltr'><strong><em>ἶ</em></strong></span> <span class='ocrx_word' id='word_1_440' title='bbox 1840 3114 1892 3152; x_wconf 87' lang='lat' dir='ltr'>cf.</span> <span class='ocrx_word' id='word_1_441' title='bbox 1922 3126 1963 3152; x_wconf 75' lang='lat' dir='ltr'>v,</span> <span class='ocrx_word' id='word_1_442' title='bbox 1990 3118 2025 3152; x_wconf 83' lang='lat'>5.</span> <span class='ocrx_word' id='word_1_443' title='bbox 2074 3111 2099 3139; x_wconf 69' lang='lat'>²⁶</span> <span class='ocrx_word' id='word_1_444' title='bbox 2116 3123 2150 3147; x_wconf 82' lang='lat' dir='ltr'>c.</span> <span class='ocrx_word' id='word_1_445' title='bbox 2168 3114 2208 3150; x_wconf 69' lang='lat'>3,</span> 
     </span>
     <span class='ocr_line' id='line_1_94' title="bbox 1291 3166 1719 3210; baseline -0.014 -3"><span class='ocrx_word' id='word_1_446' title='bbox 1291 3172 1351 3207; x_wconf 79' lang='lat'>20.</span> <span class='ocrx_word' id='word_1_447' title='bbox 1400 3167 1415 3195; x_wconf 63' lang='grc' dir='ltr'><strong><em>ι</em></strong></span> <span class='ocrx_word' id='word_1_448' title='bbox 1430 3167 1560 3205; x_wconf 82' lang='lat' dir='ltr'>Exod.</span> <span class='ocrx_word' id='word_1_449' title='bbox 1578 3166 1640 3210; x_wconf 81' lang='lat'>20,</span> <span class='ocrx_word' id='word_1_450' title='bbox 1658 3170 1719 3204; x_wconf 88' lang='grc'><strong>17.</strong></span> 
     </span>
    </p>
   </div>
   <div class='ocr_carea' id='block_1_18' title="bbox 1649 3307 2209 3412">
    <p class='ocr_par' dir='ltr' id='par_1_34' title="bbox 1649 3307 2209 3412">
     <span class='ocr_line' id='line_1_95' title="bbox 1679 3307 2207 3359; baseline -0.019 -3"><span class='ocrx_word' id='word_1_451' title='bbox 1679 3318 1747 3356; x_wconf 75' lang='grc' dir='ltr'><strong>1Ί.</strong></span> <span class='ocrx_word' id='word_1_452' title='bbox 1788 3310 2061 3359; x_wconf 76' lang='lat' dir='ltr'>oboedistis3</span> <span class='ocrx_word' id='word_1_453' title='bbox 2102 3307 2207 3351; x_wconf 69' lang='lat' dir='ltr'>ibid.</span> 
     </span>
     <span class='ocr_line' id='line_1_96' title="bbox 1649 3366 2209 3412; baseline -0.014 0"><span class='ocrx_word' id='word_1_454' title='bbox 1649 3370 1757 3412; x_wconf 87' lang='lat' dir='ltr'><strong>VII.</strong></span> <span class='ocrx_word' id='word_1_455' title='bbox 1815 3372 1858 3410; x_wconf 83' lang='lat'>3.</span> <span class='ocrx_word' id='word_1_456' title='bbox 1891 3366 2041 3411; x_wconf 80' lang='lat' dir='ltr'>soluta</span> <span class='ocrx_word' id='word_1_457' title='bbox 2071 3370 2145 3407; x_wconf 83' lang='lat' dir='ltr'>est</span> <span class='ocrx_word' id='word_1_458' title='bbox 2172 3376 2209 3404; x_wconf 87' lang='lat' dir='ltr'>a·</span> 
     </span>
    </p>
   </div>
   <div class='ocr_carea' id='block_1_19' title="bbox 2329 2250 2355 3321">
    <p class='ocr_par' dir='ltr' id='par_1_35' title="bbox 2329 2250 2355 3321">
     <span class='ocr_line' id='line_1_97' title="bbox 2329 2250 2355 3321; baseline 0 0"><span class='ocrx_word' id='word_1_459' title='bbox 2329 2250 2355 3321; x_wconf 95' lang='lat' dir='ltr'> </span> 
     </span>
    </p>
   </div>
   <div class='ocr_carea' id='block_1_20' title="bbox 2331 0 2353 922">
    <p class='ocr_par' dir='ltr' id='par_1_36' title="bbox 2331 0 2353 922">
     <span class='ocr_line' id='line_1_98' title="bbox 2331 0 2353 922; baseline 0 0"><span class='ocrx_word' id='word_1_460' title='bbox 2331 0 2353 922; x_wconf 95' lang='lat' dir='ltr'> </span> 
     </span>
    </p>
   </div>
  </div>
 </body>
</html>
