2376 3925
315 159 539 210 EPIST.
579 160 793 210 PAULI
829 160 926 210 AD
966 157 1407 209 CORINTHIOS
1445 157 1511 208 11.
1554 159 1703 210 CAP.
1727 162 1808 210 12.
1832 160 1913 210 13.
1984 161 2081 211 295

275 264 356 307 21.
392 263 468 308 Ne
503 262 712 321 iterum,
751 275 860 308 cum
901 275 1110 320 venero,
1177 261 1295 316 quia
1313 261 1540 306 Christus
1558 263 1707 307 Jesus
1735 262 1791 307 in
1813 263 1955 308 vobis
1976 265 2083 310 est?

204 329 438 375 humiliet
467 343 546 375 me
575 329 712 375 Deus
741 328 870 387 apud
902 342 992 375 vos
1009 360 1023 388 ,
1062 332 1111 374 et
1176 328 1278 373 nisi
1297 329 1430 374 forte
1449 329 1656 386 reprobi
1676 329 1813 375 estis.

202 397 406 454 lugeam
434 396 620 442 multos
650 409 716 442 ex
743 397 832 454 iis,
871 397 956 453 qui
993 398 1110 441 ante

201 466 564 522 peccaverunt,
576 465 628 508 et
636 476 741 508 non
753 466 969 522 egerunt
983 477 1110 521 poe-

200 531 470 577 nitentiam
506 543 656 588 super
691 530 1029 590 immunditia,
1063 534 1113 576 et

198 598 564 656 fornicatione,
578 600 628 644 et
637 598 1111 657 impudicitia‚quam

201 667 486 724 gesserunt.

475 865 516 914 C
527 864 570 913 A
582 861 642 914 P.
699 862 840 912 Xlll.

201 977 407 1019 Minatur
426 973 662 1030 apostolus
681 974 774 1022 his,
797 975 872 1026 qsi
894 986 1108 1028 peccave·

267 1036 385 1081 rant,
406 1035 455 1074 ut
474 1032 532 1073 ad
552 1031 880 1086 poenitentiam
899 1035 1041 1071 vocet.

270 1141 317 1184 1.
351 1138 508 1185 Ecce!
544 1137 699 1183 tertio
739 1136 836 1182 hoc
867 1136 1017 1182 venio
1046 1136 1108 1181 ad

199 1219 322 1263 vos;
371 1206 425 1251 in
462 1218 552 1250 ore
590 1204 800 1250 duorum
840 1203 921 1250 vel
958 1203 1108 1249 trium

195 1274 402 1320 testium
424 1272 573 1318 stabit
592 1285 739 1317 omne
761 1264 1006 1317 verbumd
1018 1270 1029 1316 ἔ

269 1342 318 1386 2.
351 1339 615 1398 Praedixi,
648 1341 700 1385 et
734 1339 972 1396 praedico
985 1343 1022 1395 ⁶,
1051 1341 1109 1384 ut

199 1420 443 1466 praesens
475 1410 526 1452 et
553 1419 688 1452 nunc
709 1409 889 1453 absens
912 1406 1000 1464 iis,
1023 1407 1106 1462 qui

198 1478 320 1522 ante
372 1476 735 1533 peccaverunt,
791 1476 841 1520 et
892 1475 1105 1520 caeteris

200 1543 453 1601 omnibus,
473 1541 711 1599 quoniam
731 1541 773 1586 si
794 1554 985 1588 venero
1007 1541 1104 1586 ite-

195 1625 331 1669 rum,
350 1622 457 1654 non
475 1621 692 1666 parcam.

269 1679 316 1723 3.
362 1677 442 1720 An
471 1675 872 1732 experimentum
903 1676 1105 1731 quaeri-

197 1745 264 1790 tis
287 1743 417 1800 eJus,
438 1742 524 1798 qui
543 1741 597 1787 in
614 1755 693 1786 me
712 1741 936 1797 loquitur
958 1742 1107 1786 Chri-

196 1815 327 1868 stus,
344 1809 429 1866 qui
446 1809 498 1853 in
521 1807 664 1853 vobis
685 1821 790 1852 non
811 1808 1105 1867 infirmatur,

197 1878 290 1925 sed
311 1866 543 1934 potensf
560 1875 709 1920 estin
733 1874 910 1921 vobis?

263 1947 314 1990 4.
349 1943 477 1989 Nam
506 1942 600 1990 etsi
630 1942 898 1989 crucifixus
929 1944 1006 1989 est
1041 1955 1106 1989 ex

197 2012 514 2070 infirmitate3
546 2010 635 2056 sed
660 2011 790 2056 vivit
825 2025 891 2056 ex
921 2011 1106 2056 virtute

195 2081 350 2126 Deig.
403 2080 525 2124 Nam
548 2080 599 2124 et
615 2091 711 2123 nos
731 2078 915 2124 infirmi
935 2091 1103 2123 sumus

198 2150 254 2193 in
283 2147 400 2203 illo;
429 2146 516 2192 sed
549 2147 774 2191 vivemus
802 2159 913 2191 cum
943 2158 1006 2191 eo
1038 2158 1104 2191 ex

199 2216 389 2260 virtute
409 2212 504 2258 Dei
522 2213 574 2258 in
599 2214 756 2259 vobis.

267 2285 316 2326 5.
359 2281 568 2325 Vosmet
610 2280 750 2337 ipsos
795 2282 1013 2338 tentate,
1061 2281 1105 2325 si

198 2348 324 2395 estis
342 2349 396 2393 in
417 2348 509 2393 fide
522 2361 536 2404 ;
551 2346 649 2403 ipsi
670 2359 759 2393 vos
779 2346 1011 2405 probate!
1025 2349 1104 2391 An

197 2430 308 2462 non
355 2414 662 2472 cognoscitis
712 2417 910 2459 vosmet
945 2414 1103 2474 ipsos,

246 2524 268 2551 ί
285 2524 406 2560 Dent.
425 2528 491 2565 19,
510 2525 569 2560 15.
636 2530 654 2548 θ
674 2534 706 2559 e.
724 2525 794 2565 12,
813 2526 873 2559 20.
898 2526 958 2559 21.
1022 2520 1050 2554 f
1068 2535 1104 2558 c.

194 2576 258 2615 12,
281 2575 341 2607 12.
387 2575 412 2603 e
427 2569 536 2606 Phil.
555 2572 592 2611 2,
611 2572 646 2606 7.
665 2579 753 2615 sqq.

317 2717 429 2771 Cap.
459 2715 572 2759 XII.
629 2722 698 2759 21.
739 2716 903 2759 multos
941 2730 1004 2759 ex
1040 2717 1124 2759 his-

1246 397 1292 439 6.
1332 396 1491 452 Spero
1513 399 1703 455 autem,
1732 397 1866 452 quod
1888 410 2082 454 cogno-

1178 462 1356 520 scetis,
1387 462 1503 518 quia
1530 474 1625 507 nos
1662 476 1769 509 non
1799 476 1969 509 sumus
1998 477 2082 509 re-

1176 529 1324 586 probi
1334 522 1376 573 ἦ.

1246 598 1292 639 7.
1315 597 1528 640 Oramus
1549 597 1904 655 autemDeum,
1925 601 1980 643 ut
2000 599 2081 643 ni-

1175 662 1249 707 hil
1266 663 1386 708 mali
1404 661 1601 708 faciatis
1613 692 1628 721 ,
1648 675 1753 708 non
1773 666 1827 709 ut
1845 677 1941 710 nos
1960 678 2081 721 pro-

1174 730 1279 775 bati
1298 742 1645 788 appareamus,
1660 730 1747 775 sed
1762 734 1814 775 ut
1826 744 1935 787 vos,
1949 733 2083 787 quod

1176 799 1360 842 bonum
1394 799 1495 855 est,
1528 797 1751 854 faciatis3
1780 810 1877 843 nos
1898 800 2081 857 autem,

1174 866 1233 909 ut
1251 865 1458 920 reprobi
1479 864 1650 910 simus.

1244 932 1290 976 8.
1317 932 1436 976 Non
1455 932 1588 977 enim
1608 933 1874 989 possumus
1894 933 2084 990 aliquid

1175 998 1418 1044 adversus
1432 999 1710 1058 veritatem,
1724 999 1811 1046 sed
1828 1013 1923 1058 pro
1944 1002 2081 1046 veri-

1173 1068 1293 1111 tate.

1243 1135 1289 1177 9.
1326 1132 1609 1178 Gaudemus
1646 1133 1805 1193 enim,
1844 1137 2083 1192 quoniam

1173 1212 1270 1245 nos
1290 1200 1475 1245 infirmi
1495 1213 1681 1258 sumus,
1696 1215 1787 1247 vos
1800 1206 1965 1248 autem
1986 1217 2079 1260 po-

1172 1269 1338 1312 tentes
1360 1267 1497 1312 estis.
1565 1267 1676 1313 Hoc
1697 1271 1747 1313 et
1767 1281 1967 1314 oramus
1992 1284 2080 1315 ve-

1173 1337 1328 1380 stram
1348 1335 1845 1380 consummationem.

1241 1403 1321 1446 1⁰.
1360 1401 1479 1447 Ideo
1508 1401 1633 1447 haec
1673 1404 1854 1448 absens
1893 1404 2078 1462 scribo,

1174 1471 1229 1514 ut
1264 1482 1370 1514 non
1415 1482 1659 1527 praesens
1698 1469 1870 1515 durius
1910 1466 2083 1528 agami

1171 1537 1442 1582 secundum
1466 1539 1783 1596 potestatem,
1804 1551 1949 1594 quam
1969 1539 2078 1582 Do-

1169 1605 1335 1649 minus
1365 1603 1501 1649 dedit
1526 1603 1647 1649 mihi
1684 1604 1740 1648 in
1769 1605 2078 1651 aedificatio-

1170 1683 1305 1729 nem,
1328 1673 1378 1716 et
1397 1684 1502 1715 non
1521 1671 1574 1716 in
1595 1670 2001 1718 destructionem.

1240 1738 1320 1780 11.
1357 1737 1433 1782 De
1454 1740 1683 1796 caetero,
1714 1738 1921 1783 fratres!
1950 1753 2077 1796 gau-

1172 1803 1304 1860 dete,
1327 1804 1541 1860 perfecti
1562 1806 1742 1861 estote,
1764 1805 2076 1850 exhortami-

1171 1870 1253 1928 ni,
1290 1869 1424 1915 idem
1451 1870 1636 1927 sapite,
1674 1883 1847 1928 pacem
1867 1872 2075 1928 habete3

1173 1938 1225 1983 et
1244 1937 1381 1983 Deus
1412 1937 1548 1995 pacis
1581 1940 1632 1983 et
1661 1936 1946 1984 dilectionis
1980 1939 2079 1985 erit

1172 2005 1448 2050 vobiscum.

1239 2074 1318 2117 12.
1348 2072 1570 2119 Salutate
1590 2073 1808 2119 invicem
1826 2074 1880 2118 in
1900 2074 2075 2119 osculo

1170 2143 1345 2185 sancto
1358 2131 1395 2185 ἕ.
1488 2140 1717 2187 Salutant
1766 2153 1855 2185 vos
1902 2155 2077 2186 omnes

1170 2207 1348 2253 sancti.

1236 2276 1316 2319 13.
1355 2274 1529 2320 Gratia
1546 2275 1751 2320 Domini
1771 2276 1935 2320 nostri
1954 2278 1983 2321 J
1989 2289 2079 2320 esu

1170 2340 1384 2400 Christi,
1406 2343 1458 2387 et
1476 2342 1691 2387 charitas
1710 2342 1835 2397 Dei,
1866 2346 1917 2387 et
1937 2355 2076 2387 com-

1167 2409 1441 2454 municatio
1464 2409 1625 2454 sancti
1645 2409 1861 2466 Spiritus
1882 2408 1948 2452 sit
1968 2422 2077 2453 cum

1169 2476 1401 2521 omnibus
1421 2476 1581 2522 vobis.
1651 2476 1826 2520 Amen.

1217 2567 1237 2594 Β
1255 2582 1295 2605 v.
1311 2574 1346 2606 2.
1394 2566 1411 2595 ἶ
1427 2582 1466 2608 v.
1485 2574 1524 2606 2.
1546 2582 1579 2605 c.
1600 2574 1634 2612 1,
1655 2572 1716 2607 23.
1767 2567 1788 2595 7‘
1804 2569 1921 2604 Rom.
1942 2573 2000 2611 16,
2020 2574 2078 2607 16.

1241 2716 1378 2760 xm.
1438 2722 1478 2760 2.
1526 2722 1576 2759 ut
1614 2728 1831 2771 praesens
1865 2718 1993 2759 vobis
2033 2724 2080 2759 et

195 2788 342 2822 nunc;
362 2772 466 2816 ibid.
487 2773 650 2813 absens
671 2772 740 2814 his
761 2774 847 2826 qui.
909 2776 949 2813 3.
973 2774 1046 2826 qui
1066 2774 1114 2814 in
1132 2786 1213 2816 vos
1232 2788 1336 2815 non.
1396 2777 1438 2815 4.
1470 2774 1549 2816 sed
1568 2773 1702 2814 vivet.
1763 2776 1804 2815 5.
1835 2784 1914 2815 vos
1937 2774 2079 2828 ipsos.

197 2836 242 2873 ⁴1.
276 2840 539 2884 pareamus3
561 2827 666 2871 ibid.
688 2829 867 2881 reprobi
893 2842 1054 2870 sumus.
1115 2832 1155 2870 9.
1188 2829 1364 2884 quando
1394 2842 1489 2869 nos.
1554 2832 1619 2869 11.
1652 2833 1698 2869 et
1718 2828 1841 2870 Deus
1874 2826 2077 2872 dilectio-

199 2888 275 2929 nis
297 2891 344 2927 et
364 2886 503 2939 pacis.
565 2886 630 2925 12.
664 2885 808 2927 sancti
827 2896 990 2925 omnes·
1053 2888 1104 2925 13
1136 2886 1325 2939 spiritus
1346 2886 1491 2926 sancti
1513 2897 1609 2925 eum
1632 2884 1777 2937 (deest
1795 2885 1891 2939 sit).
