2376 3925
789 151 1183 205 JOANNES.

1254 155 1425 207 CAP.
1463 159 1546 208 2⁰.
2009 169 2110 219 181

218 227 2110 255 Μ

226 265 333 298 ven
360 253 693 314 Iudaeorum,
722 255 838 312 quia
860 256 1008 313 juxta
1028 259 1138 302 erat

224 323 625 381 monumentum,
644 325 927 379 posuerunt
941 325 973 370 J
976 337 1132 371 esum.
1163 355 1165 358 ψ

506 453 608 504 cA
617 452 678 504 P.
733 454 853 506 XX.

226 551 438 594 Christus
457 552 649 594 invitam
668 558 905 596 revocatus
919 568 1132 609 praesen-

396 609 463 649 tia
482 618 563 650 sua
580 607 741 651 multos
766 617 963 653 recreat.

290 703 339 746 1.
374 701 535 746 mUna
552 703 717 748 autem
736 703 955 764 Sabbati,
968 705 1131 750 Maria

218 767 525 826 Magdalene
548 769 686 815 venit
702 783 849 817 mane
862 803 877 831 ,
908 785 1017 818 cum
1038 773 1128 818 ad-

216 836 319 882 huc
345 837 588 882 tenebrae
618 841 813 896 essent,
848 838 910 883 ad
944 853 1127 885 monu-

217 905 466 962 mentum,
498 905 549 949 et
567 903 695 950 vidit
720 905 937 964 lapidem
958 907 1127 953 subla-

218 973 330 1016 tum
348 983 376 1015 a
393 975 739 1017 monumento.

290 1038 337 1081 2.
374 1037 607 1084 Cucurrit
635 1052 788 1098 ergo,
820 1040 871 1086 et
898 1041 1041 1086 venit
1066 1040 1128 1086 ad

222 1103 479 1150 Simonem
495 1105 703 1150 Petrum
724 1109 775 1151 et
792 1106 855 1152 ad
876 1107 1029 1153 alium
1050 1107 1126 1153 di-

218 1170 491 1229 scipulum,
520 1185 667 1228 quem
704 1175 901 1220 amabat
924 1175 1125 1236 Jesusn,

217 1240 270 1284 et
289 1237 414 1283 dicit
432 1238 553 1284 illis:
585 1240 836 1286 Tulerunt
852 1240 1126 1289 Dominum

216 1305 278 1350 de
297 1308 646 1366 monumento,
668 1309 719 1353 et
737 1309 989 1355 nescimus
1003 1341 1017 1369 ,
1042 1310 1126 1357 ubi

214 1375 501 1430 posuerunt
524 1387 651 1420 eum.

284 1441 332 1485 3.
366 1439 511 1485 Exiit
546 1455 670 1500 ergo
707 1442 906 1502 Petrus,
946 1447 998 1490 et
1034 1443 1123 1492 ille

212 1506 349 1552 alius
371 1507 669 1568 discipulus,
702 1511 751 1554 et
778 1513 1033 1558 venerunt
1059 1512 1123 1558 ad

208 1577 607 1620 monumentum.

278 1643 327 1686 4.
365 1642 650 1687 currebant
662 1643 825 1687 autem
839 1643 935 1688 duo
954 1644 1121 1705 simul,

210 1709 263 1754 et
276 1707 365 1755 ille
379 1709 509 1754 alius
522 1708 795 1764 discipulus
817 1722 1123 1765 praecucur—

207 1776 277 1822 rit
305 1775 459 1822 citius
477 1771 637 1819 'Petro
652 1803 667 1832 ,
708 1775 758 1819 et
776 1775 916 1821 venit
934 1777 1123 1833 primus

210 1844 273 1888 ad
289 1843 695 1888 monumentum.

276 1913 323 1956 5.
361 1908 432 1954 Et
452 1921 563 1953 cum
582 1921 637 1953 se
664 1906 977 1970 inclinasset,
998 1909 1125 1956 vidit

209 1978 378 2035 posita
395 1976 709 2037 linteamina,
724 1989 831 2023 non
850 1980 1018 2024 tamen
1036 1979 1121 2025 in—

208 2044 406 2091 troivit.

276 2114 326 2156 6.
362 2110 518 2156 Venit
553 2124 677 2169 ergo
726 2112 901 2157 Simon
936 2114 1117 2160 Petrus

208 2191 429 2235 sequens
450 2192 588 2237 eum,
612 2182 663 2224 et
680 2178 914 2226 introivit
931 2180 985 2226 in
1002 2195 1117 2228 mo—

204 2247 526 2305 numentum,
576 2249 627 2291 et
664 2245 789 2291 vidit
821 2246 1117 2295 linteamina

204 2313 391 2372 posita,

274 2382 322 2425 7.
368 2381 419 2425 et
456 2380 735 2439 sudarium,
781 2379 915 2437 quod
950 2383 1117 2428 suerat

207 2460 364 2504 super
375 2451 523 2505 caput
533 2449 661 2507 ejus,
672 2461 778 2493 non
798 2462 909 2493 cum
928 2448 1114 2495 lintea-

204 2513 423 2560 minibus
451 2516 694 2573 positum,
728 2515 815 2561 sed
846 2517 1115 2574 separatim

204 2580 491 2627 involutum
511 2582 563 2627 in
583 2595 735 2627 unum
755 2581 937 2628 locum.

273 2650 322 2693 8.
364 2649 508 2694 Tunc
536 2662 659 2706 ergo
689 2650 922 2696 introivit
949 2653 1001 2697 et
1024 2651 1112 2697 ille

207 2714 500 2774 disprulus,
515 2716 599 2772 qui
612 2720 825 2762 venerat
840 2718 1029 2776 primus
1050 2718 1111 2763 ad

204 2785 609 2840 monumentum;
630 2786 681 2829 et
698 2784 855 2843 vidit,
878 2788 928 2831 et
946 2785 1110 2831 credi-

204 2849 277 2895 dit
287 2855 326 2894 ⁰.

272 2920 320 2963 9.
342 2917 578 2962 Nondum
592 2916 726 2962 enim
739 2916 963 2963 sciebant
974 2917 1111 2963 Scri-

202 2986 429 3042 pturam,
475 2984 591 3041 quia
628 2985 895 3041 oportebat
930 2997 1041 3030 eum
1081 2997 1110 3030 a

199 3051 416 3099 mortuis
436 3063 723 3109 resurgere.

242 3138 277 3157 a
292 3142 337 3167 v·
364 3132 510 3167 1—18·
548 3126 694 3166 Mal-[h.
712 3131 781 3171 m,
800 3131 939 3165 1—-15-
982 3128 1109 3166 M'l'c·

199 3179 259 3216 16,
277 3180 429 3214 1-14·
466 3176 569 3213 Luc.
586 3179 658 3217 24,
686 3179 709 3212 1
724 3179 831 3213 —120
879 3182 901 3201 π
921 3187 954 3212 co
972 3179 1033 3220 13,
1052 3180 1111 3215 230

200 3228 217 3248 ⁰
234 3222 338 3260 Luc.
356 3224 422 3265 24,
440 3224 500 3259 2⁵.

314 3369 435 3423 Cap.
464 3365 581 3410 XX.

1270 259 1350 303 10.
1385 260 1632 308 Abierant
1667 277 1791 322 ergo
1823 267 2006 315 iterum
2033 269 2102 315 di-

1202 323 1385 382 scipuli
1404 327 1466 371 ad
1485 332 1641 376 semet
1659 331 1814 388 ipsos.

1270 394 1350 437 11.
1370 394 1534 440 Maria
1553 399 1718 443 sutem
1739 403 1902 448 stabat
1915 402 1976 448 ad
1995 417 2107 450 mo-

1200 462 1494 506 numentum
1511 463 1663 523 foris,
1685 466 1907 522 plorans.
1974 471 2108 516 Dum

1201 538 1326 583 ergo
1347 529 1507 588 fleret,
1527 529 1794 579 inclinavit
1811 549 1891 596 se,
1914 539 1964 582 et
1982 551 2106 596 pro-

1201 595 1368 650 spexit
1386 595 1439 640 in
1459 602 1864 660 monumentum3

1266 662 1346 706 12.
1381 661 1452 707 Et
1487 663 1614 710 vidit
1645 665 1772 712 duos
1809 671 2020 727 angelos
2051 673 2105 718 in

1199 725 1349 786 albis,
1378 729 1643 790 sedentes,
1671 747 1829 780 unum
1858 736 1920 782 ad
1940 741 2103 798 caput,

1199 795 1250 838 et
1276 808 1430 841 unum
1455 796 1518 842 ad
1547 800 1729 860 pedes,
1762 802 1850 849 ubi
1886 805 2106 862 positum

1197 861 1364 907 fuerat
1383 876 1566 921 corpus
1585 868 1724 912 Iesu.

1263 929 1344 974 13.
1379 929 1569 978 Dicunt
1587 934 1635 980 ei
1655 935 1973 998 iu12Mulier,
1987 939 2108 996 quid

1197 993 1402 1052 ploras?
1430 997 1567 1044 Dicit
1595 1001 1696 1047 eis:
1727 1003 1857 1056 Quia
1877 1005 2108 1054 tulerunt

1194 1061 1465 1109 Dominum
1493 1079 1685 1128 meum,
1715 1072 1768 1116 et
1794 1073 1998 1133 nescio,
2017 1075 2105 1120 ubi

1195 1133 1478 1187 posuerunt
1497 1147 1624 1179 eum.

1262 1198 1342 1242 14.
1378 1198 1517 1244 Haec
1557 1214 1670 1246 cum
1703 1203 1939 1265 dixisset,
1975 1221 2101 1254 con-

1197 1275 1344 1308 versa
1365 1266 1443 1310 est
1459 1270 1738 1314 retrorsum
1752 1301 1767 1329 ,
1799 1274 1851 1316 et
1867 1273 1994 1320 vidit
2011 1276 2041 1320 J
2045 1290 2100 1322 e-

1195 1342 1304 1375 sum
1343 1333 1582 1390 stantem3
1624 1338 1675 1382 et
1713 1351 1821 1384 non
1851 1341 2099 1402 sciebam,

1193 1397 1310 1454 quia
1329 1398 1361 1443 J
1363 1411 1478 1444 esus
1503 1403 1594 1447 est.

1259 1466 1340 1511 15.
1376 1465 1512 1514 Dicit
1523 1469 2101 1534 eiJesus:Mulier,quid

1190 1530 1396 1590 ploras?
1433 1548 1579 1592 quem
1606 1539 1836 1595 quaeris?
1871 1541 1968 1588 llla
1986 1545 2099 1590 exi-

1192 1599 1430 1660 stimans,
1466 1603 1583 1658 quia
1615 1605 1914 1654 hortulanus
1945 1618 2097 1670 esset,

1193 1665 1315 1710 dicit
1333 1668 1404 1713 ei:
1425 1667 1667 1716 Domine!
1699 1673 1744 1718 si
1767 1677 1824 1718 tu
1850 1677 2100 1724 sustulisti

1193 1745 1333 1791 eum,
1379 1732 1531 1780 dicito
1567 1738 1717 1797 mihi,
1760 1741 1849 1786 ubi
1882 1744 2100 1800 posuisti

1194 1811 1333 1854 eum3
1357 1800 1408 1844 et
1427 1814 1521 1857 ego
1544 1816 1658 1848 eum
1675 1804 1866 1853 tollam.

1260 1865 1340 1910 16.
1360 1865 1496 1912 Dicit
1515 1869 1562 1914 ei
1573 1870 1720 1916 Jesus
1735 1885 1746 1917 :
1759 1873 1944 1921 Maria!
1959 1877 2097 1922 Con-

1193 1944 1342 1978 versa
1386 1931 1490 1992 illa,
1547 1935 1668 1983 dicit
1719 1938 1792 1985 ei:
1845 1941 2096 1992 Rabboni!

1193 1997 1354 2059 (quod
1375 2000 1554 2048 dicitur
1573 2006 1859 2067 Magister.)

1256 2069 1336 2113 17.
1371 2067 1508 2115 Dicit
1543 2072 1591 2117 ei
1627 2074 1802 2121 Jesus:
1849 2076 1970 2124 Noli
2015 2093 2094 2127 me

1185 2136 1417 2194 tangere,
1455 2139 1676 2186 nondum
1716 2143 1852 2189 enim
1887 2147 2095 2195 ascendi

1186 2202 1250 2247 ad
1267 2204 1469 2251 Patrem
1487 2220 1650 2253 meum
1665 2222 1678 2267 ς
1696 2209 1823 2257 vade
1844 2216 2010 2259 autem
2029 2215 2090 2260 ad

1183 2270 1368 2316 fratres
1389 2286 1528 2318 meos
1540 2278 1579 2332 q,
1609 2279 1661 2322 et
1679 2276 1756 2324 dic
1777 2279 1872 2325 eis:
1894 2282 2090 2327 Ascen-

1185 2336 1249 2381 do
1281 2337 1344 2382 ad
1370 2338 1570 2385 Patrem
1597 2356 1788 2403 meum,
1821 2350 1872 2391 et
1889 2347 2091 2393 Patrem

1184 2406 1424 2464 vestrum,
1445 2405 1608 2453 Deum
1625 2424 1818 2471 meum,
1850 2415 1902 2458 et
1928 2413 2092 2460 Deum

1184 2474 1402 2517 vestrum
1417 2478 1452 2517 r.

1251 2538 1329 2581 18.
1383 2539 1536 2585 Venit
1577 2542 1742 2589 Maria
1785 2545 2088 2602 Magdalene

1182 2606 1496 2651 annuncians
1518 2607 1801 2666 discipulis:
1835 2612 1966 2664 Quia
1983 2614 2087 2661 vidi

1179 2669 1466 2731 Dominum,
1489 2677 1540 2719 et
1558 2675 1683 2721 haec
1703 2677 1832 2723 dixit
1848 2679 1984 2726 mihi.

1247 2740 1326 2782 19.
1367 2744 1490 2787 Cum
1519 2752 1644 2798 ergo
1683 2755 1800 2788 sero
1839 2750 1974 2794 esset
2003 2750 2084 2797 die
2118 2785 2125 2791 -

1178 2803 1289 2863 illo,
1302 2818 1403 2851 una
1423 2808 1758 2869 sabbatorum,
1771 2813 1822 2857 et
1839 2814 1978 2862 fores
1999 2831 2082 2863 es-

1180 2874 1294 2915 sent
1314 2872 1541 2931 clausae,
1573 2874 1658 2920 ubi
1689 2880 1833 2925 erant
1852 2880 2084 2942 discipuli

1179 2939 1507 2995 congregati-⁹
1538 2944 1746 2999 propter
1772 2952 1958 2996 metum
1986 2953 2078 2997 Ju-

1152 3022 1155 3025 ⁴
1179 3004 1447 3061 daeorum3
1467 3008 1604 3053 venit
1613 3010 1644 3054 J
1647 3024 1778 3073 esus,
1801 3018 1851 3061 et
1870 3018 2009 3064 stetit
2024 3018 2080 3062 in

1176 3071 1364 3131 medio,
1389 3074 1441 3118 et
1459 3072 1586 3121 dixit
1604 3078 1704 3126 eis:
1723 3082 1833 3129 Pax
1853 3082 2018 3130 vobis!

1221 3186 1246 3213 Ρ
1265 3178 1366 3218 Luc.
1382 3183 1445 3225 24,
1463 3186 1522 3221 16.
1571 3192 1588 3220 2
1606 3187 1821 3232 Mutamus,
1836 3195 1898 3229 10.
1944 3198 1964 3219 r
1979 3190 2075 3230 Ebr.

1174 3228 1212 3267 2,
1232 3230 1292 3263 11.
1339 3232 1355 3252 ⁸
1371 3228 1498 3267 Maro.
1518 3235 1576 3275 16,
1595 3237 1654 3271 14.
1677 3235 1779 3274 Luc.
1797 3242 1860 3281 24,
1877 3240 1937 3276 36.

639 3374 679 3412 1.
710 3374 759 3413 et
775 3370 915 3413 videt.
974 3376 1016 3415 2.
1048 3372 1158 3415 dicit
1176 3374 1259 3417 eis.
1316 3380 1358 3419 5.
1389 3378 1530 3422 videt.
1588 3384 1628 3424 6.
1658 3384 1800 3426 videt.
1857 3388 1898 3426 7.
1921 3398 2071 3441 supra.

202 3426 244 3466 9.
282 3426 487 3475 sciebat3
516 3422 622 3467 ibid.
653 3431 898 3481 oporteret.
958 3432 1025 3471 10.
1057 3430 1115 3471 ad
1144 3435 1287 3474 semet
1311 3432 1438 3487 ipsos
1466 3436 1694 3491 discipuli.

204 3482 271 3524 19.
304 3485 428 3525 esset
445 3493 553 3533 ergo
572 3493 696 3531 sero;
715 3481 823 3529 ibid.
844 3484 1055 3541 discipuli
1075 3491 1263 3542 propter
1283 3488 1452 3543 (omiu-
1472 3493 1768 3547 congregata).

1763 3442 1828 3481 14.
1861 3446 1908 3483 et
1933 3442 2071 3485 videt.
