2376 3925
294 174 360 226 36

292 279 487 322 tantum
498 307 513 334 ,
545 279 597 322 et
613 276 687 320 ait
703 274 806 320 illi:
844 275 1112 331 Nunquam
1131 285 1200 319 ex

293 347 344 388 te
364 345 555 390 fructus
581 344 820 388 nascatur
848 341 904 387 in
930 341 1199 399 sempiter-

293 408 436 455 num!
480 409 551 454 Et
583 411 807 456 arefacta
842 410 920 455 est
954 408 1198 455 continuo

294 475 556 522 ficulnea&

360 545 441 588 2⁰.
474 543 545 588 Et
560 544 793 590 videntes
814 541 1071 601 discipuli,
1100 541 1199 586 mi·-

292 610 391 655 rati
428 613 572 670 sunt,
622 611 871 658 dicentes:
928 608 1197 662 Quomodo

295 677 539 724 continuo
560 678 715 725 aruit!

360 746 441 790 21.
474 745 807 804 Respondens
834 745 1002 789 autem
1026 745 1197 802 Jesus,

294 812 365 857 ait
384 813 483 858 eis:
513 814 674 858 Amen
704 811 817 858 dico
844 811 1011 870 vobis,
1040 812 1087 858 si
1104 811 1198 857 ha-

292 880 502 925 bueritis
528 879 734 936 fidema,
764 880 817 924 et
840 891 948 924 non
973 878 1199 925 haesita-

292 947 490 1005 veritis,
510 959 617 991 non
636 945 802 991 solum
812 945 871 991 de
883 945 1099 992 ficulnea
1117 949 1197 994 fa-

293 1014 453 1072 cietis,
467 1012 557 1058 sed
572 1015 625 1058 et
640 1013 685 1058 si
702 1013 864 1058 monti
875 1013 989 1059 huic
1003 1013 1199 1060 dixeri-

290 1080 380 1124 tis:
404 1078 569 1137 Tolle,
592 1082 643 1125 et
646 1079 783 1136 jacta
793 1083 843 1125 te
854 1081 909 1125 in
919 1080 1075 1128 mare!
1096 1083 1197 1127 fiet.

359 1147 439 1190 22.
475 1146 545 1192 Et
563 1147 734 1192 omnia
759 1161 1085 1205 quaecunque
1104 1162 1198 1206 pe-

289 1213 473 1258 tieritis
493 1214 546 1258 in
568 1215 801 1261 oratione
814 1215 1096 1275 credentes,
1110 1229 1196 1262 ac-

292 1280 489 1339 cipietis
498 1274 535 1326 ὂ.

358 1349 439 1395 23.
472 1348 575 1394 0Et
601 1363 715 1395 cum
740 1350 971 1396 venisset
994 1351 1049 1395 in
1068 1353 1198 1396 tem-

289 1414 444 1474 plum,
457 1419 782 1462 accesserunt
790 1417 855 1462 ad
873 1431 988 1464 eum
1006 1419 1198 1464 docen-

288 1487 389 1528 tem
403 1513 418 1540 ,
454 1483 711 1540 principes
750 1483 1108 1544 Sacerdotum,
1146 1487 1200 1530 et

292 1550 533 1596 Seniores
552 1550 745 1609 populi,
766 1551 991 1598 dicentes
1005 1564 1016 1596 :
1030 1554 1089 1598 In
1100 1565 1199 1608 qua

289 1619 540 1676 potestate
559 1617 685 1663 haec
704 1618 861 1664 facis?
887 1619 957 1664 Et
975 1619 1086 1676 quis
1104 1619 1197 1664 tibi

293 1684 430 1731 dedit
445 1685 575 1731 hanc
594 1687 928 1742 potestatem?

360 1771 439 1815 24.
472 1770 803 1827 Respondeas
862 1771 894 1816 J
897 1783 1013 1817 esus
1067 1770 1200 1817 dixit

290 1838 391 1884 eis:
410 1837 741 1896 Interrogabo
757 1851 853 1885 vos
866 1841 917 1885 et
928 1852 1023 1898 ego
1043 1853 1200 1885 unum

292 1919 603 1964 sermonem3
678 1921 826 1965 quem
861 1908 907 1953 si
962 1906 1198 1954 dixeritis

289 1974 429 2033 mihi,
452 1977 504 2020 et
522 1987 618 2033 ego
638 1976 785 2023 vobis
810 1975 996 2036 dicam,
1026 1975 1081 2021 in
1100 1988 1200 2033 qua

292 2043 542 2097 potestate
560 2042 686 2087 haec
704 2042 857 2087 facio.

358 2125 439 2168 25.
482 2123 765 2179 BaptIsmus
804 2124 1017 2170 Joannis
1060 2124 1196 2171 unde

292 2189 429 2235 erat?
448 2188 493 2233 E
515 2189 660 2235 coelo
672 2190 693 2234 ’ἐ
706 2203 771 2237 an
790 2204 860 2237 ex
876 2192 1163 2238 hominibus
1174 2194 1198 2239 ἓ

291 2258 358 2301 At
374 2255 453 2302 illi
472 2256 763 2315 cogitabant
778 2258 914 2305 inter
932 2272 1006 2319 se,
1022 2260 1195 2307 dicen-

290 2325 397 2369 tes:

357 2392 439 2436 26.
475 2390 531 2437 Si
550 2390 854 2439 dixerimus:
875 2407 905 2439 e
920 2394 1095 2453 coelo;
1118 2394 1196 2440 di-

293 2461 373 2505 cet
390 2459 563 2505 nobis:
604 2458 773 2511 Quare
801 2473 925 2519 ergo
954 2474 1058 2507 non
1081 2476 1197 2508 cre-

292 2526 485 2573 didistis
505 2525 614 2572 illi?
635 2526 692 2573 Si
709 2529 876 2573 autem
895 2528 1196 2576 dixerimus:

292 2607 360 2639 ex
379 2594 692 2651 hominibus3
722 2595 953 2641 timemus
971 2598 1194 2655 turbam3

292 2674 467 2707 omnes
504 2662 639 2707 enim
670 2658 923 2709 habebant
950 2664 1199 2711 Joannem

293 2727 423 2772 sicut
440 2730 739 2788 prophetam
748 2722 792 2776 d,

361 2795 441 2839 27.
474 2795 545 2842 Et
559 2798 929 2857 respondentes
948 2798 980 2843 J
982 2811 1071 2844 esu
1083 2828 1098 2857 ,
1119 2797 1198 2843 di-

292 2863 508 2906 xerunt:
552 2862 840 2913 Nescimus!
887 2866 975 2912 Ait
1006 2865 1111 2911 illis
1148 2868 1201 2912 et

293 2928 425 2984 ipse:
446 2928 552 2973 Nec
572 2944 668 2987 ego
690 2931 803 2979 dico
823 2934 996 2992 vobis,
1026 2934 1082 2979 in
1102 2946 1200 2991 qua

292 2996 543 3053 potestate
561 2996 686 3043 haec
704 2999 855 3047 facio.

361 3062 443 3107 28.
480 3061 614 3115 Quid
632 3066 799 3111 autem
809 3067 955 3114 vobis
966 3066 1198 3114 videtur?

340 3165 358 3182 ε
374 3158 477 3195 Luc·
501 3162 563 3201 13,
588 3161 624 3195 6·
643 3162 681 3197 ⁷·
734 3166 757 3185 ο
775 3168 809 3197 ⁶·
825 3165 885 3203 17,
903 3166 963 3199 19-
1018 3161 1035 3188 δ
1054 3174 1089 3199 c·
1106 3166 1145 3205 ⁷,
1164 3166 1200 3200 ⁷-

294 3212 310 3229 ⁶·
328 3216 368 3240 v.
386 3208 553 3243 23—32.
583 3205 712 3241 Mare.
730 3210 789 3249 11,
806 3210 979 3245 27—33.
1008 3207 1111 3248 Luc.
1135 3212 1198 3253 20,

291 3254 415 3289 1-8-
461 3250 483 3277 d
502 3262 536 3287 e·
554 3254 617 3295 14,
634 3254 671 3289 ⁵·

406 3398 520 3453 Cap.
550 3394 689 3441 XXI.
774 3404 843 3441 24.
896 3401 1019 3443 dixit
1052 3400 1164 3443 illis.

1253 3405 1322 3445 26.
1371 3402 1628 3446 Johannen.

777 169 1320 224 MATTHAEUS.
1392 169 1562 220 cAP.
1603 169 1684 218 21.

1265 273 1432 319 Homo
1462 270 1664 328 quidam
1688 270 1901 316 habebat
1919 270 2046 316 duos
2075 272 2182 318 fili-

1268 352 1345 397 os,
1367 340 1418 384 et
1435 337 1681 384 accedens
1700 337 1765 383 ad
1782 337 1997 394 primum
2016 337 2178 385 dixit:

1265 404 1388 451 Fili!
1417 404 1548 450 vade
1566 404 1744 464 hodie,
1776 416 1992 463 operare
2016 405 2072 450 in
2093 407 2180 451 vi-

1266 485 1364 518 nea
1381 484 1510 517 mea.

1333 541 1414 584 29.
1449 538 1542 585 Ille
1554 540 1721 584 autem
1728 539 1950 597 respond
1956 552 2066 599 ens,
2077 541 2178 586 ait:

1265 605 1424 652 Nolo!
1444 607 1629 652 Postea
1647 608 1842 667 autem,
1861 607 2184 665 poenitentia

1264 677 1449 734 motus,
1471 674 1608 720 abiit.

1333 743 1415 786 30.
1449 741 1710 787 Accedent
1739 742 1909 786 autem
1947 740 2012 786 ad
2044 741 2179 788 alte-

1265 821 1401 866 rum,
1431 808 1563 854 dixit
1581 807 1828 853 similiter.
1898 808 1967 853 At
1981 808 2068 855 ille
2088 821 2180 855 re·-

1267 875 1541 935 spondens,
1579 876 1675 921 ait:
1710 875 1811 934 Eo,
1860 874 2088 923 domine!
2127 880 2182 923 et

1265 957 1374 990 non
1391 943 1502 989 ivit.

1333 993 1414 1057 ,1.
1451 1009 1577 1062 Quis
1613 1023 1682 1056 ex
1707 1010 1900 1056 duobus
1927 1011 2054 1057 fecit
2080 1025 2179 1058 vo-

1266 1078 1512 1124 luntatem
1539 1077 1732 1136 patris!
1758 1077 1948 1124 Dicunt
1964 1078 2039 1125 ei:
2060 1079 2179 1126 Pri-

1265 1159 1393 1192 mus.
1473 1144 1612 1191 Dicit
1645 1144 1748 1191 illis
1795 1145 1968 1192 Jesus:
2012 1147 2181 1193 Amen

1268 1213 1381 1258 dico
1403 1214 1568 1271 vobis,
1589 1212 1706 1269 quia
1724 1211 1980 1269 publicani
1997 1215 2047 1258 et
2063 1227 2180 1260 me-

1264 1280 1477 1326 retrices
1507 1279 1814 1337 praecedent
1848 1293 1944 1326 vos
1997 1279 2051 1326 in
2085 1294 2180 1328 re-

1267 1361 1422 1405 gnum
1439 1346 1553 1392 Dei.

1334 1416 1414 1460 32.
1449 1414 1606 1460 Venit
1632 1413 1769 1459 enim
1794 1413 1859 1460 ad
1893 1427 1988 1462 vos
2017 1417 2180 1462 Joan-

1265 1495 1356 1526 nes
1378 1481 1431 1526 in
1451 1481 1537 1527 via
1551 1481 1826 1541 Justitiae²‚
1855 1484 1906 1528 et
1931 1496 2040 1528 non
2059 1497 2178 1531 cre-

1267 1548 1459 1594 didistis
1490 1549 1566 1607 ei;
1606 1549 1864 1606 publicani
1898 1553 2092 1610 autem,
2127 1556 2182 1598 et

1264 1617 1559 1662 meretrices
1598 1616 1922 1662 crediderunt
1955 1616 2028 1674 ei;
2074 1630 2180 1666 vos

1265 1687 1432 1730 autem
1443 1683 1593 1730 viden
1599 1685 1693 1742 tes,
1705 1697 1802 1730 nec
1812 1684 2181 1742 poenitentiam

1265 1751 1510 1798 habuistis
1530 1753 1726 1811 postea,
1743 1753 1796 1797 ut
1813 1751 2087 1799 crederetis
2111 1755 2178 1801 ei.

1333 1837 1414 1882 33.
1449 1828 1481 1876 s
1486 1834 1651 1881 Aliam
1671 1836 1964 1894 parabolam
1981 1837 2180 1886 audite:

1263 1904 1431 1949 Homo
1487 1907 1598 1950 erat
1647 1904 2010 1961 paterfamilias
2022 1936 2038 1965 ,
2091 1905 2182 1962 qui

1265 1972 1517 2029 plantavit
1533 1972 1764 2031 vineam,
1795 1975 1849 2019 et
1872 1985 2046 2031 sepem
2073 1973 2180 2019 cir-

1267 2039 1518 2085 cumdedit
1537 2039 1602 2097 ei,
1627 2042 1679 2085 et
1697 2039 1827 2086 fodit
1845 2040 1900 2085 iu
1918 2053 1981 2086 ea
1997 2043 2180 2087 torcu-

1265 2106 1360 2165 lar,
1375 2108 1426 2151 et
1445 2105 1730 2152 aedificavit
1745 2107 1944 2166 turrim,
1963 2110 2014 2153 et
2031 2108 2179 2155 loca-
2223 2125 2228 2130 ·

1266 2174 1341 2220 vit
1359 2188 1471 2220 eam
1483 2174 1743 2234 agricolis,
1755 2177 1808 2221 et
1823 2188 2040 2235 peregre
2051 2188 2180 2234 pro-

1265 2243 1428 2287 fectus
1449 2245 1542 2287 est.

1333 2310 1414 2355 34.
1451 2310 1576 2355 Cum
1588 2311 1755 2355 autem
1767 2310 1962 2368 tempus
1979 2312 2180 2357 fructu-

1267 2390 1350 2423 um
1385 2376 1860 2437 appropinquasset,
1897 2378 2037 2424 misit
2065 2390 2181 2425 ser-

1267 2456 1362 2491 vos
1382 2456 1502 2490 suos
1523 2444 1587 2489 ad
1605 2444 1877 2505 agricolas,
1897 2446 1954 2491 ut
1974 2446 2180 2504 accipe-

1263 2511 1384 2558 rent
1399 2513 1594 2557 fructus
1615 2511 1744 2567 ejus.

1334 2596 1414 2640 35.
1448 2594 1519 2639 Et
1537 2593 1823 2655 agricolae,
1843 2596 2180 2653 apprehensis

1266 2662 1430 2707 servis
1443 2662 1570 2720 ejus,
1584 2662 1739 2709 alium
1751 2662 2060 2723 ceciderunt,
2081 2664 2181 2709 ali-

1268 2744 1351 2774 um
1370 2728 1692 2789 occiderunt,
1720 2730 1877 2777 alium
1895 2744 2024 2777 vero
2045 2730 2179 2789 lapi-

1268 2796 1534 2842 daverunt.

1335 2865 1416 2909 36.
1449 2864 1639 2909 Iterum
1669 2864 1808 2911 misit
1834 2864 1966 2911 alios
1994 2876 2180 2912 servos

1267 2930 1438 2988 plures
1456 2931 1732 2991 prioribus,
1753 2934 1805 2979 et
1821 2933 2059 2979 fecerunt
2075 2931 2182 2978 illis

1267 2998 1498 3045 similiter
1507 3005 1554 3045 ἕ.

1335 3067 1417 3112 37.
1451 3064 1740 3113 Novissime
1770 3069 1939 3113 autem
1955 3067 2096 3114 misit
2113 3067 2181 3113 ad

1311 3169 1328 3189 ⁰
1349 3174 1382 3200 c.
1399 3166 1437 3202 3,
1464 3164 1499 3198 1.
1529 3170 1616 3207 sqq.
1658 3174 1692 3199 c.
1717 3165 1779 3205 22,
1806 3165 1867 3199 15.
1932 3174 1974 3198 v.
1999 3166 2178 3201 33—46.

1264 3207 1468 3293 {hg-{²12⁹
1488 3210 1634 3245 1-12-
1657 3206 1830 3251 Luam,
1842 3213 1989 3249 9—19.
2035 3206 2065 3241 f
2081 3208 2179 3247 Act.

1288 3281 1302 3299 ,
1369 3280 1382 3292 .

1714 3407 1783 3445 27.
1835 3404 1948 3447 haec
1985 3404 2180 3447 faciam.

291 3456 360 3494 8⁰.
392 3467 481 3496 non
506 3455 606 3497 ibit.
673 3458 743 3497 31.
776 3456 931 3498 dicunt
956 3456 1252 3507 novissimum
1279 3456 1386 3501 ibid.
1415 3459 1464 3501 in
1492 3472 1629 3513 regno
1659 3458 1764 3502 Dei.
1825 3463 1893 3503 33.
1927 3464 1975 3501 et
2004 3473 2177 3517 saepe3

290 3504 399 3550 ibid.
419 3514 601 3552 turrem.
658 3514 727 3553 35-
759 3510 1068 3565 adprehensis.
