2376 3925
647 163 1063 208 PRAEFATIO
1111 164 1207 210 An
1255 165 1671 212 LECTOREM.
1966 169 2080 215 ux

193 294 380 340 itidem
395 293 686 339 institutum
703 292 818 338 Pius
836 293 896 337 V.
915 295 1215 350 prosecutus
1236 295 1327 340 est.
1390 291 1581 342 Verum
1602 297 1907 342 conventum
1938 297 2081 344 illum

196 381 268 424 ob
315 377 486 423 varias
499 406 516 435 ,
546 376 964 434 gravissimasque
993 376 1128 422 sedis
1153 376 1467 434 apostolicae
1497 379 1855 436 occupationes
1878 380 2079 438 iamdu-

197 461 323 507 dum
339 460 684 506 intermissum
695 490 710 519 ,
739 461 914 506 Sixtus
934 458 1000 508 V.
1021 460 1194 506 divina
1211 460 1536 518 providentia
1552 462 1615 508 ad
1632 475 1873 510 summum
1892 465 2078 511 Sacer-

197 545 397 591 dotium
425 546 664 591 evocatus
677 573 692 602 ,
721 543 1075 589 ardentissimo
1115 544 1280 590 studio
1314 545 1605 604 revocavit,
1646 547 1697 592 et
1728 561 1853 606 opus
1876 547 2079 594 tandem

200 630 496 676 confectum
529 627 660 686 typis
687 626 915 674 mandari
929 627 1095 686 jussit.
1165 627 1315 681 Quod
1334 643 1444 675 cum
1458 629 1565 686 jam
1584 632 1719 676 esset
1737 643 1998 690 excusum,
2029 635 2082 677 et

195 717 260 759 ut
277 713 336 758 in
353 712 518 758 lucem
532 708 848 758 emitteretur
868 703 937 769 ⁸),
957 709 1092 756 idem
1101 711 1342 760 Pontifex
1360 726 1570 770 operam
1586 713 1745 774 daret,
1760 713 2079 761 animadver-

195 805 449 853 tensuon
463 807 624 853 pauca
639 795 696 841 in
725 807 870 840 sacra
887 795 1046 842 Biblia
1072 797 1237 854 praeli
1262 797 1387 843 vitio
1416 797 1713 859 irrepsisse,
1744 811 1873 856 quae
1900 798 2081 844 iterata

201 879 472 937 diligentia
495 878 726 936 indigere
757 877 1078 940 viderentur,
1105 881 1267 927 totum
1298 893 1425 938 opus
1450 884 1541 929 sub
1568 882 1801 929 incudem
1828 893 2081 928 revocan-

203 965 330 1010 dum
357 963 548 1010 censuit
575 965 724 1018 atque
752 961 992 1008 decrevit.
1061 961 1118 1007 ld
1144 975 1271 1008 vero
1292 977 1403 1010 cum
1420 968 1586 1012 morte
1607 969 1909 1024 praeventus
1929 977 2079 1023 prae-—

201 1052 342 1093 stare
358 1059 464 1093 non
483 1046 758 1106 potuisset,
782 1045 1061 1102 Gregorius
1082 1045 1213 1091 xlv.
1234 1045 1320 1102 qui
1340 1051 1456 1105 post
1473 1049 1662 1104 Urbani
1679 1051 1787 1096 vn.
1808 1049 2075 1098 duodecim

203 1131 402 1178 dierum
418 1130 768 1176 Pontificatum
786 1129 932 1176 Sixto
954 1131 1291 1188 successerat,
1322 1131 1431 1187 eJus
1450 1131 1605 1178 animi
1624 1133 1961 1195 intentionem
1980 1145 2076 1180 cx-

201 1218 378 1262 eeutus
419 1216 661 1271 perficere
698 1223 967 1271 aggressus
999 1213 1103 1271 est,
1141 1212 1461 1269 amplissimis
1490 1215 1683 1272 aliquot
1710 1215 2075 1275 cardinalibus,

200 1299 420 1355 aliisque
441 1297 740 1344 doctissimis
759 1296 884 1342 viris
903 1295 966 1342 ad
984 1295 1084 1342 boc
1113 1295 1297 1342 iterum
1318 1297 1579 1355 deputatis.
1648 1299 1749 1346 Sed
1768 1313 1833 1346 eo
1852 1313 2071 1358 quoque,

200 1386 253 1430 et
269 1382 360 1439 qui
375 1381 457 1427 illi
475 1380 743 1439 successit,
763 1376 1066 1426 Innocentio
1081 1379 1178 1426 IX.
1196 1379 1496 1426 brevissimo
1517 1384 1745 1441 tempore
1767 1383 1829 1429 de
1846 1383 1941 1430 hac
1958 1383 2072 1430 lucc

202 1465 502 1523 subtractis;
546 1463 749 1510 taudem
783 1465 874 1510 sub
903 1463 1102 1508 initium
1129 1463 1455 1510 pontificatus
1486 1465 1757 1513 Clementis
1787 1467 1951 1526 vm„
1988 1467 2075 1524 qui

199 1563 336 1596 nunc
353 1548 617 1595 Ecclesiae
633 1546 906 1594 universae
931 1546 1273 1604 gubernacula
1288 1549 1457 1608 tenet,
1488 1560 1641 1608 opus,
1670 1551 1725 1596 in
1745 1551 1879 1608 quod
1899 1551 2071 1598 Sixtus

199 1636 260 1680 V.
297 1632 612 1690 intenderat,
648 1631 760 1676 Deo
796 1631 926 1676 bene
960 1630 1170 1687 juvante
1209 1632 1487 1687 perfectum
1524 1635 1615 1680 est.
1690 1634 1879 1692 Accipe
1916 1634 2072 1693 igitur

207 1717 492 1763 christiane
511 1716 696 1762 Lector
709 1745 724 1773 ,
746 1713 924 1760 eodem
946 1711 1203 1758 Clemente
1222 1726 1413 1760 summo
1432 1715 1677 1762 Pontifice
1696 1718 1953 1762 annuente
1968 1745 1983 1774 ,
2004 1728 2071 1762 ex
2136 1746 2148 1760 .

199 1801 446 1848 Vaticana
466 1797 827 1858 ‘typographia
855 1797 1078 1841 veterem
1097 1809 1154 1841 ac
1173 1796 1429 1855 vulgatam
1454 1811 1630 1845 sacrae
1650 1799 1942 1855 scripturae
1961 1796 2069 1843 edi·

199 1885 417 1942 tionem,
438 1884 626 1940 quanta
641 1881 752 1928 fieri
767 1877 933 1937 potuit
953 1879 1217 1936 diligentia
1235 1880 1549 1938 castigatam:
1586 1893 1733 1937 quam
1752 1880 1951 1937 quidem
1969 1879 2069 1925 sic-

201 1972 256 2015 st
273 1966 505 2015 omnibus
523 1966 746 2013 numeris
765 1964 1070 2023 absolutam,
1099 1976 1196 2021 pro
1224 1964 1441 2009 bumana
1460 1964 1803 2011 imbecillitate
1822 1964 2071 2011 affirmare

205 2050 404 2099 difficile
423 2053 526 2109 est,
561 2050 634 2097 ita
678 2049 858 2097 ceteris
881 2049 1136 2107 omni-bus,
1158 2062 1286 2105 quae
1305 2048 1369 2095 ad
1386 2048 1519 2094 banc
1537 2061 1697 2106 usque
1716 2048 1847 2094 diem
1865 2048 2071 2106 prodie-

203 2138 346 2195 runt,
373 2134 788 2192 emendatiorem,
817 2133 1170 2191 purioremque
1192 2146 1329 2191 esse,
1366 2133 1573 2179 minime
1598 2132 1935 2179 dubitandum.
2003 2132 2073 2179 Et

203 2230 329 2263 vero
347 2217 572 2275 quamvis
590 2217 645 2262 in
663 2216 758 2262 hac
775 2216 1052 2263 Bibliorum
1069 2216 1427 2275 recognitione
1442 2216 1498 2261 in
1516 2216 1771 2265 codicibus
1788 2218 2069 2265 manuscri-

201 2301 332 2359 ptis,
347 2302 618 2359 Hebraeis,
649 2292 952 2355 Graecisque
971 2301 1195 2346 fontibus
1208 2330 1223 2359 ‚
1254 2303 1305 2345 et
1320 2300 1445 2357 ipsis
1464 2302 1692 2347 veterum
1709 2302 1913 2347 Pati-um
1932 2314 2072 2347 com·

201 2383 460 2430 mentariis
487 2383 806 2432 conferendis
833 2396 941 2430 non
969 2384 1226 2429 mediocre
1258 2382 1474 2429 studium
1508 2384 1779 2431 adhibitum
1798 2385 1981 2443 fuerit3
2016 2386 2071 2431 in

201 2469 300 2514 hac
325 2470 490 2513 tamen
517 2466 814 2525 pervulgata
837 2466 1059 2513 lectione
1087 2466 1217 2512 sicut
1241 2467 1491 2513 nonnulla
1510 2467 1741 2515 consulto
1760 2470 1975 2526 mutata,
2000 2468 2073 2513 ita

203 2552 356 2598 etiam
381 2551 503 2610 alia,
541 2564 668 2608 quae
695 2549 933 2596 mutanda
969 2549 1293 2608 videbantur,
1332 2550 1565 2597 consulto
1602 2552 1859 2599 immutata
1892 2550 2073 2596 relicta

202 2638 338 2693 sunt,
350 2637 453 2681 tum
471 2634 603 2691 quod
623 2635 696 2679 ita
711 2634 994 2680 faciendum
1015 2646 1128 2679 esse
1147 2634 1209 2679 ad
1230 2635 1563 2681 offensionem
1583 2634 1885 2693 populorum
1900 2633 2070 2681 vitan-

205 2718 318 2764 dam
345 2720 398 2764 S.
424 2717 764 2776 Hieronymus
783 2718 830 2775 α)
859 2730 965 2763 non
991 2716 1148 2763 semel
1179 2718 1460 2763 admonuit:
1495 2721 1601 2763 tum
1628 2716 1761 2773 quod
1785 2717 1935 2765 facile
1960 2719 2071 2765 fieri

309 2847 350 2900 ⁸)
383 2846 510 2894 Quod
541 2845 707 2887 dictum
736 2844 1077 2887 Bellarmini
1107 2858 1134 2886 a
1162 2847 1352 2888 vei-itate
1380 2846 1538 2894 abest3
1576 2846 1791 2888 correctio
1821 2847 1939 2889 enim
1958 2846 2067 2889 bibl.

201 2916 583 2965 Sixtinorum,
621 2918 670 2958 in
709 2916 868 2971 quibus
895 2914 1036 2959 multa
1065 2919 1197 2958 erant
1229 2927 1469 2971 perperam
1494 2920 1687 2969 mutata,
1724 2931 1867 2974 neque
1893 2922 2069 2961 tantum

200 2988 331 3043 culpa
347 2993 396 3031 et
414 2989 577 3031 erratis
597 2987 999 3042 typographorum,
1019 2989 1231 3030 instituta
1253 2988 1427 3029 demum
1448 2991 1519 3029 est
1538 2988 1685 3043 Greg
1698 2991 1815 3032 orio
1842 2988 1989 3033 XIV·
2020 2992 2069 3031 et

203 3059 499 3103 Clemente
535 3059 691 3101 v111.
724 3060 1034 3115 pontificibus,
1056 3061 1101 3101 in
1123 3062 1343 3101 conventu
1364 3058 1669 3103 Caraimlium
1686 3066 1733 3104 et
1752 3062 1981 3104 doctorum
1998 3061 2067 3101 vi·

201 3146 362 3175 rorum.
417 3131 567 3184 Hujus
593 3133 659 3173 rei
693 3135 902 3175 narrator
935 3132 976 3173 is
1009 3132 1131 3173 idem
1161 3136 1232 3174 est
1268 3130 1661 3175 Belloi-minus
1695 3134 1748 3175 in
1778 3132 1912 3175 Vita
1950 3142 2061 3173 sua.

201 3205 311 3248 Inde
329 3206 501 3247 factum
521 3208 612 3252 est,
640 3207 690 3245 ut
710 3207 815 3259 post
835 3206 1018 3245 mortem
1037 3202 1136 3255 ejus
1154 3202 1317 3245 relatio
1338 3206 1457 3247 inter
1475 3203 1667 3247 Sanctus
1686 3205 1987 3250 canonizatus,
2009 3202 2064 3243 de

203 3290 286 3332 qua
305 3275 496 3319 consilia
513 3274 681 3317 Romae
701 3276 968 3327 agebantur,
989 3274 1044 3314 ab
1067 3272 1241 3328 aliquot
1263 3272 1577 3317 cardinalibus
1596 3277 1639 3317 ei
1659 3279 1923 3328 negaretur,
1947 3272 2064 3324 quod

203 3362 230 3391 a
247 3348 478 3391 mendacio
499 3361 588 3389 non
605 3348 838 3399 refugerit.
899 3346 971 3387 Cf.
999 3357 1104 3387 van
1131 3345 1238 3387 Ess
1258 3344 1290 3387 l.
1314 3361 1351 3388 c.
1374 3362 1419 3403 p.
1442 3350 1524 3389 298
1544 3361 1611 3401 sq.
1919 3388 1940 3423 ι

311 3488 360 3540 a)
390 3488 542 3541 Epist.
565 3486 618 3526 ad
644 3484 856 3527 Sunniam
878 3489 925 3527 et
942 3484 1186 3528 Fretcllam
1208 3488 1357 3542 praef.
1378 3482 1596 3536 Evangel.
1614 3484 1671 3525 ad
1692 3484 1947 3526 Damasum.
