2376 3925
306 167 403 216 148
880 150 1274 207 JOANNES.
1347 147 1517 199 CAP.
1557 146 1607 196 ἃ.

305 217 2190 249 -.....-...--—-—-—-————-————---—-——-·---

301 282 412 315 sum
463 265 646 311 mulier
701 258 1048 308 Samaritana?
1102 267 1211 300 non

304 335 439 381 enim
468 332 739 380 coutuntur
766 325 943 374 sudaei
986 321 1210 370 Samari-

304 402 455 449 tanis.

372 470 452 513 10.
486 463 765 522 Respondit
790 462 963 519 Iesus,
1006 459 1057 505 et
1084 457 1214 502 dixit

306 536 380 582 ei:
411 533 467 580 Si
485 533 642 578 scires
673 530 860 576 donum
880 528 1001 585 Dei,
1031 526 1082 571 et
1100 524 1210 580 quis

306 603 401 660 est,
414 600 499 657 qui
512 599 633 645 dicit
649 597 741 643 tibi
754 609 764 641 :
777 596 856 640 Da
865 590 991 640 mihi
1011 591 1183 638 bibere
1199 588 1208 634 !

304 673 361 715 tu
378 667 595 714 forsitan
614 665 827 723 petisses
848 664 907 708 ab
929 673 991 706 eo
1007 692 1022 720 ,
1052 661 1103 704 et
1120 657 1211 716 de·-

307 736 464 782 disset
480 734 573 780 tibi
590 745 769 788 aquam
788 729 956 774 vivam
964 734 1018 773 Μ.

374 804 456 848 11.
490 800 629 846 Dicit
656 799 705 843 ei
731 796 939 842 mulier:
968 789 1211 839 Domine!

308 883 473 927 neque
499 869 555 913 in
584 878 682 923 quo
713 863 916 909 haurias
950 861 1123 918 habes,
1163 861 1215 904 et

308 940 489 994 puteus
509 933 638 978 altus
653 933 755 987 est;
772 930 901 975 unde
915 941 1039 986 ergo
1057 927 1213 972 habes

308 1015 488 1060 aquam
507 998 703 1044 vivam?

375 1072 455 1114 12.
474 1065 725 1122 Numquid
742 1065 797 1110 tu
816 1063 980 1120 major
998 1075 1051 1108 es
1071 1062 1216 1119 patre

308 1138 487 1182 nostro
507 1135 683 1192 Jacob,
696 1132 782 1189 qui
802 1130 937 1178 dedit
955 1129 1101 1176 nobis
1122 1140 1216 1185 pu-

308 1207 469 1261 teum,
502 1203 551 1246 et
573 1201 681 1256 ipse
712 1212 779 1246 ex
806 1211 867 1244 eo
888 1197 1037 1255 bibit,
1059 1198 1110 1242 et
1127 1194 1219 1240 filii

311 1270 439 1328 ejiu,
461 1270 513 1314 et
530 1280 719 1325 pecora
738 1267 785 1324 ej
793 1266 881 1312 u?

378 1338 459 1382 13.
492 1333 771 1392 Respondit
796 1334 974 1390 Jesns,
1012 1332 1065 1377 et
1091 1328 1222 1374 dixit

312 1405 386 1450 ei:
408 1402 581 1448 Omnis
593 1432 607 1459 ,
628 1401 715 1457 qui
732 1400 856 1447 bibit
875 1413 941 1445 ex
960 1411 1089 1455 aqua
1106 1396 1218 1453 hac,

312 1471 451 1516 sitiet
484 1469 693 1525 iterum3
732 1467 819 1523 qui
846 1468 1011 1511 autem
1039 1463 1221 1510 biberit

314 1550 381 1583 ex
398 1548 545 1595 aqua,
567 1547 713 1591 quam
733 1546 829 1591 ego
860 1533 988 1579 dabo
1009 1532 1084 1589 ei,
1113 1542 1221 1575 non

314 1603 452 1649 sitiet
468 1601 523 1647 iu
542 1603 829 1658 aeternum3

381 1671 462 1714 14.
500 1669 589 1714 sed
607 1681 766 1727 aqua,
798 1679 947 1724 quam
973 1678 1069 1723 ego
1092 1664 1219 1709 dabo

317 1739 380 1797 ei,
402 1739 489 1782 flet
516 1737 573 1782 in
592 1749 653 1781 eo
674 1737 793 1782 fons
812 1746 972 1791 aquae
992 1731 1221 1778 salientis

314 1807 369 1851 in
388 1803 543 1850 vitam
562 1805 835 1849 aeternam.

382 1874 463 1917 15.
497 1870 637 1917 Dicit
654 1870 717 1916 ad
737 1883 847 1916 eum
876 1868 1083 1914 mulier:
1113 1866 1222 1912 Do·-

314 1937 473 1985 mine!
513 1939 575 1984 da
603 1938 728 1985 mihi
758 1937 889 1984 hanc
926 1947 1101 1991 aquam
1114 1964 1130 1993 ‚
1167 1933 1226 1979 ut

316 2020 423 2053 non
460 2006 651 2064 sitiam,
690 2019 855 2061 neque
892 2003 1092 2049 veniam
1125 2001 1224 2045 huc

318 2074 541 2118 haurire.

383 2141 464 2182 16.
498 2137 637 2183 Dicit
656 2136 705 2181 ei
722 2138 870 2182 Jesus
886 2148 897 2180 ε
916 2134 1075 2192 Vade,
1096 2146 1226 2180 voca

320 2206 483 2251 virum
500 2206 657 2262 tuum,
678 2204 730 2248 et
750 2202 865 2248 veui
885 2199 1005 2247 huc!

388 2272 469 2316 1⁸1.
492 2269 771 2327 Respondit
787 2268 988 2326 mulier,
1002 2270 1053 2313 et
1071 2266 1226 2314 dixit:

319 2340 437 2383 Non
464 2338 626 2383 habeo
646 2336 826 2381 virum.
893 2334 1033 2380 Dicit
1060 2336 1110 2381 ei
1135 2334 1227 2380 Je-

318 2406 575 2452 sustssene
595 2401 919 2462 dixisti‚quia
937 2414 1044 2448 non
1063 2402 1226 2448 habeo

320 2474 509 2529 virum3

387 2542 469 2585 18.
504 2539 723 2596 quinque
744 2536 1026 2583 enimviros
1045 2535 1226 2583 habui-

320 2608 411 2663 sti‚;
434 2610 484 2654 et
502 2619 637 2652 nunc
657 2618 805 2661 quem
824 2605 1002 2663 habes,
1022 2617 1127 2649 non
1150 2605 1229 2649 est

319 2682 433 2719 tuus
455 2674 560 2731 vir3
580 2674 679 2719 hoc
699 2685 821 2718 vere
842 2671 1032 2717 dixisti.

387 2742 467 2785 19.
500 2741 639 2787 Dicit
666 2740 715 2786 ei
746 2738 953 2785 mulier:
985 2734 1225 2784 Domine!

324 2806 490 2865 video,
512 2808 629 2863 quia
644 2807 901 2865 Propheta
921 2818 974 2851 es
994 2807 1065 2851 tu.

387 2874 468 2917 20.
487 2874 663 2921 Patres
682 2874 847 2920 nostri
866 2874 919 2919 in
938 2874 1109 2918 monte
1129 2872 1228 2916 hoc

322 2938 712 2999 adoraverunt¹¹‚
733 2943 785 2987 et
803 2954 895 2987 vos
917 2940 1097 2999 dicitis,
1111 2938 1230 2995 quia

322 3013 345 3036 ⁰
367 3005 691 3064 lerosolymis
711 3009 790 3053 est
805 3009 975 3067 locus,
996 3006 1081 3053 ubi
1100 3006 1221 3052 ado-

325 3086 444 3119 rare
464 3074 681 3130 oportet.

390 3142 469 3185 21.
498 3138 635 3185 Dicit
646 3140 693 3185 ei
703 3140 734 3185 J
736 3153 851 3186 esus
866 3153 879 3185 ι
892 3142 1077 3187 Mulier
1090 3140 1099 3185 !
1114 3153 1228 3187 cre-

367 3230 399 3248 *-
418 3234 453 3258 c.
481 3227 526 3263 7,
552 3224 611 3258 38.
676 3220 855 3263 ⁸4Reg.
877 3225 943 3264 17,
969 3224 1029 3259 26.
1060 3233 1145 3268 sqq.
1212 3228 1230 3247 ⁰

324 3273 349 3306 3
364 3268 461 3315 neg.
479 3273 515 3307 9.
536 3272 571 3305 3.
590 3268 713 3304 neut.
731 3271 791 3310 12,
812 3270 869 3304 13.

439 3414 551 3469 Cap.
581 3412 661 3456 IV.
743 3417 807 3455 12.
839 3413 939 3466 ipse
958 3413 1078 3455 bibit
1100 3415 1271 3468 (omiss.
1291 3428 1353 3456 ex
1369 3416 1462 3471 eo).

1278 252 1339 298 de
1356 250 1496 308 mihi,
1518 249 1636 307 quia
1653 249 1796 294 venit
1809 249 1958 309 hora,
1983 251 2187 307 quando

1277 331 1442 375 neque
1469 317 1524 362 in
1551 317 1725 362 moute
1760 316 1859 362 hoc
1873 346 1887 374 ‚
1928 329 2098 373 neque
2134 318 2189 364 in

1278 383 1606 443 lero-clymis
1627 383 1902 430 adorabitis
1921 384 2141 430 Patrem.

1346 469 1426 514 22.
1445 469 1550 513 Vos
1571 466 1796 513 adoratis
1805 471 1856 525 P,
1869 466 2004 522 quod
2018 467 2188 514 nesci-

1278 535 1370 594 tis;
1390 549 1486 581 nos
1507 534 1802 593 adoramus,
1831 533 1968 592 quod
1986 534 2189 596 scimus,

1280 603 1396 658 quia
1415 601 1550 647 salus
1571 614 1638 647 ex
1655 601 1686 646 J
1690 600 1864 647 udaeis
1884 602 1977 646 est.

1348 671 1428 715 23.
1466 668 1566 715 Sed
1601 668 1745 714 venit
1779 663 1927 726 hora,
1967 669 2019 714 et
2052 681 2190 715 nunc

1281 738 1374 796 est,
1401 735 1601 793 quando
1615 735 1725 780 veri
1744 734 2044 781 adoratores
2064 735 2189 781 ado-

1279 805 1464 850 rabunt
1481 803 1681 848 Patrem
1698 802 1751 847 in
1773 801 1955 859 spiritu
1975 805 2028 848 et
2053 803 2189 848 veri-

1283 872 1401 916 tate.
1437 871 1561 914 Nam
1585 871 1636 914 et
1653 869 1805 915 Pater
1823 868 1954 915 tales
1974 870 2187 929 quaerit,

1283 938 1369 995 qui
1389 937 1605 984 adorent
1625 950 1753 983 eum.

1352 1007 1432 1050 24.
1471 1003 1686 1062 Spiritus
1709 1006 1786 1050 est
1801 1001 1966 1060 Deus3
2000 1005 2055 1048 et
2081 1015 2188 1062 eos,

1284 1073 1370 1129 qui
1390 1071 1604 1118 adorant
1623 1084 1753 1130 eum,
1766 1071 1819 1115 in
1839 1069 2018 1126 spiritu
2028 1071 2082 1116 et
2100 1083 2190 1116 ve-

1284 1141 1432 1186 ritate
1455 1139 1658 1196 oportet
1676 1137 1903 1183 adorare.

1355 1209 1435 1250 25.
1471 1203 1608 1250 Dicit
1627 1203 1674 1250 ei
1692 1203 1900 1250 mulier:
1925 1203 2058 1264 Scio,
2072 1205 2196 1261 quia

1287 1272 1500 1320 Messias
1525 1270 1663 1317 venit
1693 1269 1802 1330 (qui
1833 1270 2012 1316 dicitur
2042 1271 2194 1318 Chri-

1289 1338 1416 1399 tu)
1433 1353 1447 1396 3
1470 1352 1582 1384 cum
1601 1350 1724 1396 ergo
1745 1339 1949 1384 venerit
1965 1337 2072 1398 ille,
2093 1351 2194 1384 no-

1289 1407 1364 1453 bis
1386 1405 1713 1451 annunciabit
1731 1405 1914 1450 omnia.

1356 1475 1436 1518 26.
1471 1470 1609 1518 Dicit
1636 1472 1684 1518 ei
1708 1472 1879 1518 Jesus:
1918 1470 2036 1530 Ego
2067 1486 2193 1532 sum,

1289 1541 1373 1598 qui
1392 1539 1578 1596 loquor
1595 1541 1772 1586 tecum.

1355 1616 1436 1660 27.
1470 1614 1538 1660 Et
1567 1614 1808 1660 continuo
1836 1616 2096 1659 venerunt
2121 1615 2196 1660 di-

1290 1681 1472 1740 scipuli
1491 1682 1630 1739 eJus;
1651 1684 1705 1729 et
1719 1681 2033 1727 mirabantur
2047 1711 2061 1740 ,
2083 1682 2198 1738 quia

1291 1764 1402 1796 cum
1421 1749 1633 1795 muliere
1653 1749 1967 1806 loquebatur.
2037 1749 2196 1794 Nemo

1288 1818 1458 1863 tamen
1495 1817 1647 1863 dixit:
1687 1815 1818 1870 Quid
1856 1815 2076 1875 quaeris,
2117 1815 2201 1861 aut

1291 1885 1411 1942 quid
1429 1883 1654 1940 loqueris
1675 1896 1788 1930 cum
1807 1883 1899 1928 ea?

1357 1953 1438 1997 28.
1472 1950 1693 2008 Reliquit
1713 1964 1836 2009 ergo
1864 1948 2094 2009 hydriam
2112 1964 2200 1996 su-

1292 2032 1372 2063 am
1389 2017 1597 2077 mulier,
1631 2019 1681 2064 et
1701 2018 1824 2064 abiit
1851 2018 1906 2062 in
1927 2018 2198 2077 civitatem,

1293 2087 1346 2130 et
1365 2084 1485 2130 dicit
1502 2083 1604 2131 illis
1621 2084 1937 2131 hominibus:

1360 2167 1440 2212 29.
1458 2168 1662 2226 Venite,
1675 2171 1726 2214 et
1745 2168 1910 2214 videte
1926 2168 2198 2228 hominem,

1294 2234 1381 2291 qni
1400 2233 1528 2280 dixit
1551 2234 1676 2281 mihi
1703 2236 1899 2294 omnia,
1929 2249 2198 2292 quaecum-

1295 2314 1391 2358 que
1411 2300 1535 2360 feci3
1565 2301 1806 2359 numquid
1822 2301 1932 2361 ipse
1953 2305 2031 2349 est
2053 2302 2199 2348 chri-

1295 2368 1434 2415 stus?

1363 2436 1442 2480 30.
1477 2433 1732 2481 Exierunt
1749 2448 1873 2494 ergo
1895 2436 1956 2483 de
1977 2436 2201 2495 civitate,

1295 2502 1347 2549 et
1367 2501 1636 2549 veniebant
1654 2502 1717 2549 ad
1735 2516 1864 2550 eum.

1362 2570 1442 2614 31.
1478 2570 1680 2615 Interea
1705 2572 1957 2628 rogabant
1989 2584 2104 2617 eum
2125 2570 2199 2616 di-

1295 2634 1501 2733 scipuli,
1541 2636 1788 2685 dicentes:
1833 2637 2008 2697 Rabbi,
2055 2651 2199 2685 man-

1297 2703 1444 2749 duca.

1363 2772 1442 2815 32.
1479 2770 1573 2816 Ille
1599 2774 1767 2817 autem
1795 2771 1915 2817 dicit
1947 2771 2048 2818 eis:
2085 2772 2197 2829 Ego

1296 2837 1460 2885 cibum
1494 2837 1656 2885 habeo
1694 2838 2015 2898 manducare,
2056 2853 2202 2896 quem

1296 2918 1388 2950 vos
1409 2904 1631 2951 nescitis.

1364 2972 1444 3017 33.
1480 2972 1728 3018 Dicebant
1747 2985 1871 3031 ergo
1886 2973 2124 3031 discipuli
2143 2973 2205 3019 ad

1295 3038 1537 3084 invicem:
1568 3039 1816 3095 Numquid
1834 3040 2016 3097 aliquis
2037 3040 2204 3087 attulit

1297 3106 1345 3152 ei
1363 3105 1698 3151 manducare?

1365 3173 1444 3217 34.
1479 3172 1615 3217 Dicit
1634 3171 1864 3219 eisJesus
1879 3174 2052 3220 :Meus
2065 3175 2202 3220 cibus

1341 3274 1366 3300 Ρ
1384 3269 1412 3303 4
1427 3266 1523 3315 Reg.
1541 3272 1601 3310 17,
1619 3272 1678 3307 29.

1521 3419 1589 3458 16.
1620 3418 1722 3458 veni
1754 3417 1926 3474 (omiss.
1951 3418 2079 3473 huc).
2140 3422 2206 3461 20.

328 3470 373 3509 in
396 3468 732 3521 Hierosolymis.
790 3471 859 3509 30.
892 3469 1106 3512 exierunt
1126 3471 1180 3513 de
1203 3471 1384 3513 civitate
1407 3470 1581 3525 (omiu-
1604 3473 1748 3526 ergo).
1808 3478 1878 3516 32.
1910 3486 2000 3517 non
2021 3474 2168 3518 scitis-
