2376 3925
776 181 1063 235 LUCAS.
1138 181 1310 234 CAP.
1348 181 1431 232 13.
1454 183 1538 232 14.

212 286 365 332 nobis
379 288 455 344 ;et
472 287 793 344 respondens
812 286 945 332 dicet
956 285 1124 332 vobis:

214 353 403 400 Nescio
424 365 539 412 vos,
558 353 695 399 unde
715 351 846 399 sitis!

280 421 362 466 26.
420 421 568 467 Tune
621 419 871 478 incipietis
926 418 1125 466 dicere:

210 487 633 534 manducavimus
663 501 833 533 eoram
859 489 938 546 te,
969 487 1022 533 et
1048 486 1127 532 bi—

212 555 403 614 bimus,
444 557 497 602 et
522 555 578 601 in
604 553 785 614 plateis
812 553 1003 601 nostris
1032 554 1127 600 do-

214 622 382 669 exuisti.

282 691 366 735 27.
421 689 492 736 Et
543 688 676 736 dicet
722 689 897 736 vobis:
939 688 1127 735 Nescio

216 770 331 817 vos,
353 757 488 803 unde
508 755 641 803 sitis!
673 756 952 803 discedite⁹
971 769 1003 802 a
1019 769 1127 815 me,

218 837 397 871 omnes
419 824 644 883 operarii
662 823 965 882 iniquitatis!

288 893 369 937 28.
400 891 477 938 Ibi
512 893 611 938 erit
641 893 813 951 fletus,
853 894 905 937 et
942 890 1130 936 stridor

222 959 444 1005 dentium
457 974 472 1018 3
485 973 597 1006 eum
616 958 847 1005 videritis
858 958 1128 1017 Abraham,

222 1028 277 1072 et
295 1028 449 1086 Isaac,
472 1028 524 1072 et
541 1027 719 1086 Jacob,
742 1029 794 1072 et
812 1039 988 1072 omnes
999 1026 1131 1070 Pro-

220 1093 397 1151 phetas
425 1094 480 1139 in
506 1107 671 1152 regno
689 1093 815 1153 Dei,
846 1106 941 1139 vos
966 1095 1132 1138 autem

223 1160 419 1218 expelli
436 1163 590 1208 foras·

288 1230 372 1273 29.
408 1228 478 1273 Et
496 1228 703 1274 venient
730 1230 791 1275 ab
812 1227 1051 1286 Oriente,
1082 1228 1134 1274 et

220 1295 525 1356 Occidente,
558 1297 609 1342 et
632 1296 913 1355 Aquilone,
946 1297 999 1342 et
1026 1297 1133 1340 Au-

220 1366 329 1408 stro
345 1392 360 1421 ‚
383 1365 435 1409 et
452 1365 744 1410 accumbent
760 1364 817 1409 in
834 1376 999 1422 regno
1018 1361 1132 1409 Dei.

292 1431 373 1476 30.
407 1430 477 1476 Et
495 1430 634 1478 ecce!
656 1432 822 1477 suntw
846 1430 1131 1489 novissimi,

224 1498 313 1554 qui
342 1501 491 1545 erunt
516 1499 691 1557 primi,
732 1500 783 1544 et
818 1500 939 1544 sunt
963 1497 1132 1556 primi,

222 1565 311 1621 qui
330 1569 481 1612 erunt
496 1566 778 1612 novissimi.

194 1663 204 1674 ,
294 1633 373 1677 31.
426 1633 483 1677 111
521 1634 631 1690 ipsa
685 1632 765 1677 die
813 1633 1137 1678 accesserunt

224 1699 426 1756 quidam
462 1699 872 1756 Pharisaeorum,
912 1699 1137 1744 dieentes

224 1767 329 1824 iui3
358 1766 491 1824 Exi,
514 1767 564 1812 et
584 1765 709 1811 vade
727 1764 867 1811 hinc!
898 1765 1015 1822 quia
1032 1765 1138 1811 He-

224 1835 378 1880 rodes
398 1832 513 1879 vult
529 1836 581 1878 te
602 1832 851 1879 occidere.

295 1903 375 1946 32.
394 1901 464 1946 Et
473 1900 544 1946 ait
556 1899 658 1946 illis
673 1913 685 1946 z
698 1901 789 1960 Ite,
802 1901 852 1946 et
864 1898 1013 1946 dicite
1025 1898 1139 1946 vul—

224 1970 281 2031 pi
298 1970 399 2015 illi:
419 1968 578 2016 Ecce!
602 1967 754 2027 ejicio
776 1968 1068 2028 daemonia,
1090 1970 1141 2014 et

226 2037 471 2084 sanitates
500 2036 708 2094 perficio
745 2036 897 2083 hodie
924 2039 977 2083 et
1007 2049 1137 2096 cras,

228 2106 281 2151 et
296 2105 449 2152 tertia
468 2104 548 2151 die
569 2117 909 2151 consummor.

296 2190 378 2235 33.
423 2190 783 2235 Verumtamen
820 2189 1026 2245 oportet
1058 2201 1139 2234 me

228 2256 383 2302 hodie
404 2259 457 2302 et
479 2270 590 2303 cras
603 2258 654 2302 et
672 2256 906 2312 sequenti
929 2255 1009 2301 die
1032 2268 1139 2300 am-

228 2322 433 2381 bulare3
473 2324 591 2381 quia
617 2337 725 2370 non
754 2323 886 2381 capit
915 2323 1141 2381 prophe-

228 2394 333 2437 tam
350 2392 519 2449 perire
543 2394 689 2438 extra
707 2389 998 2436 Ierusalem.

300 2476 380 2521 34.
443 2474 780 2533 ‘lm-usalem,
844 2471 1141 2520 Ierusalem!

230 2555 363 2599 quae
396 2542 583 2589 occidis
601 2542 909 2600 Prophetas,
941 2544 993 2587 et
1010 2540 1142 2599 lapi-

230 2610 321 2655 das
341 2622 449 2669 eos,
462 2611 547 2667 qui
563 2609 828 2656 mittuntur
848 2608 911 2655 ad
928 2611 997 2668 te,
1012 2621 1143 2666 quo-

227 2677 333 2722 ties
353 2678 492 2724 volui
510 2690 826 2735 congregare
845 2676 976 2723 filios
1006 2678 1141 2735 tuos,

228 2744 649 2803 quemadmodum
667 2745 775 2791 avis
807 2744 980 2789 nidum
998 2756 1144 2790 suum

228 2814 327 2859 sub
346 2813 544 2871 pennis,
566 2815 619 2859 et
636 2810 882 2857 noluisti}

300 2880 383 2926 35.
416 2879 575 2927 Ecce!
630 2878 945 2935 relinquetur
998 2876 1143 2923 vobis

230 2947 411 2994 domus
424 2950 597 2994 vestra
607 2947 808 2993 deserta
818 2950 866 2990 7.
900 2944 1029 2990 Dieo
1051 2956 1144 2990 au-

228 3019 334 3061 tem
356 3016 517 3075 vobin,
530 3014 648 3072 quia
666 3025 775 3060 non
793 3010 1027 3058 videbitis
1044 3025 1143 3071 me,

281 3118 301 3137 ‹-
318 3109 467 3149 Μιιιιι.
493 3114 530 3153 7,
548 3112 607 3147 23.
654 3111 716 3150 25,
732 3113 795 3146 41.
860 3114 894 3134 ν
911 3106 1057 3146 Μιιιιι.
1084 3111 1144 3150 19,

224 3162 295 3196 30-
326 3162 387 3200 20,
412 3161 472 3195 16.
518 3156 645 3193 Marc.
672 3159 733 3197 10,
758 3160 819 3193 31.
884 3161 913 3179 ³
929 3165 970 3190 v.
996 3156 1059 3191 34.
1083 3156 1143 3191 35.

228 3202 379 3242 Matth.
395 3207 458 3246 2³,
475 3207 536 3241 37.
555 3213 640 3251 sqq.
686 3209 711 3237 Y
728 3201 830 3240 Luc.
847 3205 906 3245 19,
923 3204 985 3239 43.
1007 3210 1067 3248 sq.

2001 185 2102 235 119

1198 283 1362 330 donee
1383 285 1569 344 veniat,
1586 299 1698 331 eum
1718 286 1918 333 dicetis:
1936 287 2102 333 Bene-

1197 351 1386 449 dietu's,
1415 352 1500 408 qui
1533 353 1670 399 venit
1695 353 1750 399 in
1768 354 1976 401 nomine
1993 353 2103 400 Do-

1195 431 1342 464 mini.

1467 558 1639 610 cAP.
1695 559 1839 613 XIV.

1198 657 1489 712 Hydropicus
1509 659 1699 701 sabbato
1721 665 1916 703 curatur.
1947 661 2104 713 Legis·

1198 715 1446 768 peritorum
1475 717 1522 756 et
1541 713 1892 758 Pharisaeorum
1920 717 2107 759 anibitio

1197 773 1398 811 notatur.
1455 768 1688 812 Parabola
1721 771 1777 814 de
1813 771 2018 814 invitatis
2050 773 2110 814 ad

1200 837 1398 866 coenam.
1459 826 1530 868 De
1569 838 1699 867 cruce
1737 824 1958 869 tollenda.
2015 827 2110 870 Vo-

1197 878 1314 922 lenti
1333 879 1491 922 turrim
1511 881 1971 938 aedificare,primum
1992 894 2111 925 eom-

1199 935 1393 992 putandi
1411 941 1616 991 sumptus
1637 942 1755 979 sunt.
1802 935 1884 980 Sal
1902 939 2110 993 putidum

1449 992 1578 1034 foras
1603 992 1858 1048 projicitur.

1268 1087 1316 1131 1.
1351 1084 1422 1131 Et
1437 1087 1626 1132 factum
1652 1090 1745 1145 est,
1769 1101 1878 1133 cum
1898 1087 2115 1134 intraret

1199 1153 1350 1198 Jesus
1379 1153 1434 1198 in
1463 1153 1663 1199 domum
1690 1154 1948 1212 cujusdam
1967 1156 2112 1213 prin-

1203 1220 1328 1278 cipis
1339 1219 1730 1266 Pharisaeorum
1742 1224 1948 1268 sabbato
1969 1236 2114 1268 man-

1204 1287 1388 1334 ducare
1420 1301 1628 1347 panem,
1667 1290 1718 1334 et
1743 1289 1842 1346 ipsi
1871 1291 2114 1336 observa-

1204 1357 1356 1402 bant²
1381 1368 1510 1400 eum.

1271 1424 1319 1468 2.
1354 1421 1424 1467 Et
1442 1420 1583 1468 eece!
1615 1422 1769 1469 homo
1798 1422 1999 1480 quidam
2017 1423 2113 1483 hy-

1203 1489 1442 1547 dropicus
1463 1492 1574 1537 erat
1591 1493 1708 1538 ante
1728 1490 1886 1537 illum.

1273 1558 1319 1603 3.
1354 1557 1425 1602 Et
1456 1558 1774 1615 respondens
1805 1559 1838 1604 J
1841 1572 1956 1606 esus
1985 1557 2115 1605 dixit

1205 1623 1268 1670 ad
1278 1624 1625 1682 Legisperitos
1647 1627 1697 1672 et
1705 1626 2025 1685 Pharisaeos,
2037 1626 2114 1671 di-

1207 1703 1354 1737 cens:
1377 1692 1433 1738 Si
1451 1691 1573 1737 lieet
1586 1697 1611 1720 ‘⁸
1629 1694 1836 1738 sabbato
1857 1705 2036 1738 curare
2049 1694 2071 1738 2

1273 1759 1322 1802 4.
1357 1758 1426 1801 At
1441 1757 1520 1804 illi
1537 1760 1819 1804 tacuerunt.
1855 1761 1970 1816 Ipse
1989 1772 2113 1805 vero

1208 1824 1578 1882 apprehensum
1597 1826 1797 1871 sanavit
1816 1839 1946 1885 eum,
1957 1838 2017 1872 ac
2039 1825 2114 1872 di-

1207 1891 1361 1938 misit.

1277 1961 1324 2005 5.
1342 1958 1412 2005 Et
1431 1959 1748 2017 respondens
1759 1960 1822 2007 ad
1839 1959 1958 2007 illos
1971 1959 2114 2008 dixit:

1211 2027 1366 2086 Cujus
1395 2030 1618 2074 vestrum
1646 2028 1818 2075 asinus
1847 2031 1933 2075 aut
1952 2032 2042 2076 bos
2061 2029 2116 2075 in

1208 2098 1412 2154 puteum
1442 2095 1610 2154 cadet,
1651 2099 1702 2143 et
1729 2109 1834 2143 non
1872 2097 2116 2143 continuo

1209 2162 1446 2210 extrahet
1463 2162 1606 2209 illum
1625 2163 1704 2209 die
1726 2164 1917 2211 sabbati
1927 2166 1948 2210 ’ἔ

1277 2233 1324 2276 6.
1358 2230 1428 2276 Et
1444 2243 1549 2275 non
1559 2234 1796 2289 poterant
1807 2232 1869 2278 ad
1886 2232 2012 2279 haec
2029 2245 2114 2278 re-

1210 2297 1462 2356 spondere
1481 2298 1574 2343 illi.

1278 2366 1325 2411 7.
1361 2365 1574 2411 Dicebat
1593 2368 1757 2414 autem
1779 2368 1830 2412 et
1847 2366 1909 2413 ad
1928 2365 2115 2411 invita-

1209 2433 1291 2479 tos
1316 2432 1634 2491 parabolam,
1663 2433 1957 2491 intendens,
1988 2445 2116 2489 quo-

1212 2498 1360 2545 modo
1375 2500 1566 2557 primos
1583 2501 1838 2548 accubitus
1850 2499 2117 2559 eligerent,

1213 2566 1386 2613 dicens
1405 2567 1468 2612 ad
1487 2566 1631 2614 illos:

1279 2636 1327 2680 8.
1357 2636 1482 2680 Cum
1499 2634 1742 2681 invitatus
1761 2633 1920 2680 fueris
1941 2633 2004 2679 ad
2020 2646 2116 2681 nu-

1211 2701 1369 2762 ptias,
1396 2715 1504 2748 non
1531 2693 1843 2757 discumbasb
1870 2700 1926 2747 in
1953 2702 2116 2761 primo

1211 2768 1357 2827 loeo,
1386 2783 1452 2815 ne
1479 2770 1614 2814 forte
1643 2768 1946 2815 honoratior
1971 2773 2024 2817 te
2052 2770 2119 2816 sit

1211 2836 1456 2882 invitatus
1475 2838 1535 2881 ab
1555 2833 1666 2893 illo,

1281 2904 1328 2947 9.
1350 2905 1402 2948 et
1423 2902 1632 2947 veniens
1651 2902 1713 2961 is,
1735 2902 1821 2959 qui
1837 2904 1888 2950 te
1908 2908 1960 2951 et
1975 2904 2118 2950 illum

1215 2969 1445 3026 vocavit,
1477 2968 1610 3015 dicat
1635 2970 1754 3017 tibi:
1791 2971 1870 3018 Da
1898 2972 2014 3018 huie
2033 2970 2116 3017 lo-

1213 3034 1348 3083 cum!
1362 3037 1414 3081 et
1429 3038 1549 3083 tunc
1565 3036 1778 3095 incipias
1799 3051 1912 3085 eum
1928 3039 2116 3085 rubore

1213 3103 1542 3151 novissimum
1561 3103 1729 3151 locum
1747 3108 1940 3153 tenere.

1258 3206 1276 3224 ⁸
1296 3210 1330 3236 c.
1345 3201 1385 3242 6,
1405 3202 1438 3238 7.
1486 3206 1508 3227 ⁸
1524 3200 1669 3239 Mum.
1689 3204 1748 3245 12,
1767 3205 1829 3239 10.
1877 3199 1894 3227 ⁶
1912 3212 1934 3236 ο
1951 3203 2010 3241 u,
2026 3201 2090 3237 4³.

351 3350 470 3406 Cap.
499 3346 639 3391 xm.
707 3352 776 3391 28.
807 3350 993 3391 introire
1012 3349 1060 3391 in
1078 3362 1220 3401 regno
1249 3349 1354 3392 Dei.
1411 3352 1482 3393 33.
1514 3354 1561 3393 et
1579 3350 1784 3403 sequenti
1813 3346 1979 3414 (unzin.
2011 3346 2122 3401 die).

234 3410 310 3451 34.
354 3408 437 3451 sub
479 3406 649 3461 pinnis.
725 3409 795 3447 35.
844 3404 1143 3459 relinquitur3
1193 3405 1302 3450 ibid.
1341 3406 1495 3449 domus
1529 3410 1682 3448 vestra
1713 3406 1881 3459 (omm-
1905 3403 2121 3457 deserta).

234 3461 371 3505 XIV.
432 3467 474 3505 1.
493 3474 593 3503 eum
606 3462 801 3503 intraret
812 3460 1167 3516 (omisa-lesus)-

235 3520 307 3563 vit
325 3532 380 3563 ae
400 3518 576 3563 dimisit
595 3515 763 3573 (omiss.
785 3519 924 3573 eum).
985 3520 1027 3560 8.
1056 3518 1114 3561 ab
1134 3520 1204 3562 eo‘.

1227 3466 1268 3505 3.
1288 3460 1400 3507 lieet
1417 3463 1608 3506 sabbato
1629 3459 1796 3515 (omiss.
1815 3458 1893 3512 ιὶ).
1930 3461 1974 3501 4.
1991 3469 2131 3501 sana-
