2376 3925
278 163 322 207 X
690 157 1245 205 cOMMENTATm
1300 157 1716 203 ISAGoGICA.

276 290 630 345 Amiatinum
655 285 969 362 Religiosis
995 283 1387 342 Benedictinis
1422 275 1670 360 primum
1694 285 2032 358 habitatum,
2059 289 2153 342 in-

277 373 457 449 deque
485 372 669 426 doctis
695 367 1021 425 hominibus
1051 386 1165 426 non
1194 369 1524 445 infrequens
1539 409 1558 439 ‚
1604 369 1736 424 dein
1768 387 1905 425 vero
1934 367 2153 425 Cister-

280 455 581 511 eiensibus.
668 452 794 518 Quo
837 462 1090 527 tempore
1135 451 1425 507 conditum
1450 451 1654 522 fuerit,
1694 454 1758 506 in
1783 451 2033 507 tenebris
2056 471 2153 507 re-

279 547 466 593 motae
505 537 865 612 antiquitatis
905 543 1059 590 certo
1097 536 1278 589 asseri
1304 535 1521 610 nequit.
1606 531 1782 589 Fama
1809 544 1925 605 est,
1964 534 2151 590 medio

280 621 506 676 saeculo
553 627 756 675 octavo
806 635 858 672 a.
906 613 1275 672 DCCXLIII.
1327 615 1429 672 sub
1484 612 1747 682 Arialdo,
1788 613 2155 672 Clusinorum

281 705 542 777 episcopo
558 743 577 773 ‚
606 698 867 766 Rachin,
893 695 1114 774 Regem
1137 697 1674 776 Longobardorum‚
1708 697 2044 755 Perusinam
2071 701 2155 756 ci·-

277 787 518 842 vitatem
562 782 854 839 obsidione
899 783 1150 837 cinxisse
1166 822 1184 854 ,
1238 783 1526 858 animique
1575 781 1804 839 levandi
1848 800 2020 838 causa
2052 801 2156 858 per

282 868 598 925 Amiatinos
620 872 842 920 montes
857 865 1160 941 aliquando
1185 868 1493 940 spatiatum
1512 885 1654 922 esse.
1706 863 1859 921 Tum
1878 884 1951 921 ex
1966 867 2157 922 abiete

284 968 520 1024 procera
555 947 790 1002 humani
833 950 1061 1024 generis
1099 946 1468 1005 Servatorem
1502 949 1640 1005 duas
1692 949 1846 1004 inter
1890 946 2154 1004 ardentes

283 1032 438 1087 faces
465 1047 566 1104 per
593 1037 823 1085 noctem
847 1049 972 1086 sese
996 1031 1083 1086 illi
1109 1031 1401 1087 obtulisse.
1483 1031 1609 1098 Quo
1636 1033 1793 1104 viso,
1820 1031 2032 1086 ibidem
2057 1051 2153 1087 ce-

283 1115 436 1170 lebre
454 1111 818 1168 Amiatinum
847 1114 1171 1170 coenobium
1197 1117 1259 1170 in
1284 1112 1559 1170 honorem
1582 1111 1641 1170 S.
1662 1112 1995 1172 Salvator-is
2022 1133 2155 1171 eum

283 1197 693 1268 construxisse,
749 1198 1227 1272 amplissimisque
1260 1197 1506 1253 fortunis
1536 1197 1761 1252 ditasse.
1847 1193 2032 1252 Locus
2060 1207 2150 1253 est

279 1282 342 1335 in
373 1278 620 1335 confinio
648 1276 918 1334 Etruriae
963 1289 1022 1334 et
1065 1284 1188 1354 ejus
1216 1278 1463 1335 Romani
1512 1279 1799 1354 pontificis
1844 1280 2000 1356 agri,
2053 1283 2154 1355 qui

263 1364 694 1441 patrimonium
733 1360 904 1418 Petri
936 1363 1211 1437 appellari
1254 1365 1435 1435 solet,
1488 1380 1662 1436 prope
1700 1362 1903 1418 urbem
1936 1359 2153 1418 Senam

279 1437 525 1524 (Sioua)
553 1454 612 1499 et
635 1443 1022 1518 Radicofani,
1049 1447 1112 1501 in
1138 1463 1279 1522 agro
1306 1447 1620 1521 antiquitus
1651 1443 1913 1500 Senensi.
1981 1441 2153 1501 Mons

277 1525 634 1592 Amiatinuat,
658 1529 755 1603 qui
782 1525 953 1583 hodie
977 1525 1177 1584 Monte
1208 1527 1353 1587 delle
1364 1528 1525 1600 fiore
1552 1529 1895 1602 appellatur,
1920 1535 2040 1582 tam
2066 1529 2151 1583 al-

276 1619 372 1666 tus
398 1610 757 1681 extenditur,
781 1620 850 1665 ut
872 1613 935 1666 in
959 1612 1263 1684 proverbio
1292 1613 1399 1681 sit,
1428 1629 1524 1666 eos
1540 1651 1559 1681 ‚
1587 1611 1685 1686 qui
1714 1629 1841 1666 eum
1868 1611 2151 1682 incolunt,

276 1696 342 1749 in
365 1695 702 1750 mortalibus
727 1695 984 1769 equitare
1007 1694 1214 1750 videri.
1298 1691 1417 1750 Sed
1457 1695 1649 1749 missis
1685 1695 1748 1748 in
1786 1693 1899 1748 hoc
1937 1710 2151 1769 genere

273 1776 485 1833 fabulis
523 1773 586 1857 l)
600 1818 619 1848 ‚
660 1776 772 1832 hoc
796 1775 1165 1833 manifestum
1190 1787 1299 1848 est,
1328 1777 1613 1854 originem
1634 1777 1751 1832 loci
1779 1774 1911 1832 Jesu
1938 1779 2153 1832 sacrati

273 1862 519 1917 vetustis
553 1861 902 1936 temporibus
929 1879 1053 1916 esse
1078 1860 1511 1931 vindicandam,
1549 1869 1608 1915 et
1642 1867 1845 1915 octavo
1873 1867 2002 1933 post
2029 1868 2148 1915 nat.

277 1941 412 2000 Chr.
441 1945 668 2001 saeculo
695 1946 879 2019 prima
907 1946 1157 2020 vestigia
1185 1944 1467 2000 exstructi
1492 1940 1865 2018 florentisque
1887 1942 2151 1998 coenobii

277 2025 638 2100 deprehendi.
689 2024 1068 2099 Imperatores
1095 2033 1309 2096 autem,
1334 2021 1525 2101 Reges
1553 2023 2029 2100 atquePrincipes
2054 2044 2150 2081 so-

275 2108 470 2164 lebant
493 2126 612 2163 non
638 2115 864 2163 tantum
886 2108 1082 2178 bonis,
1129 2108 1585 2182 exemptionibus
1602 2149 1621 2179 ‚
1667 2110 1991 2184 privilegiis
2028 2126 2150 2163 am-

273 2190 546 2265 plissimis
580 2192 928 2245 monasteria
967 2209 1215 2267 augere,
1254 2190 1355 2247 sed
1391 2192 1565 2246 etiam
1604 2190 1893 2247 codicibus
1920 2191 2151 2247 biblicis

277 2270 336 2328 et
363 2267 706 2346 'scriptorum
739 2274 1280 2329 ecclesiasticorum.
1364 2270 1556 2347 Hujus
1584 2276 1762 2330 moris
1788 2272 1941 2330 haud
1965 2292 2153 2347 pauca

276 2356 539 2429 exempla
575 2358 640 2411 in
677 2356 969 2411 coenobiis
998 2363 1056 2410 et
1084 2357 1344 2413 ecclesiis
1373 2355 1790 2413 cathedralibus
1820 2355 2019 2411 Italiae
2045 2356 2150 2413 ha-

271 2439 398 2511 bes,
422 2446 490 2494 ut
516 2436 869 2509 inRomana,
895 2447 960 2494 ut
986 2440 1050 2494 in
1061 2438 1401 2512 Veronensi,
1426 2446 1493 2495 ut
1516 2441 1580 2495 in
1606 2438 1954 2495 Viterbensi.
1998 2436 2150 2495 Mul-

272 2524 352 2578 tis
390 2524 636 2578 nummis
672 2540 740 2576 ea
775 2529 992 2592 aetate,
1046 2540 1193 2597 quae
1233 2540 1350 2577 non
1390 2530 1515 2577 erat
1554 2522 1721 2579 ferax
1758 2524 2054 2578 literarum
2092 2531 2152 2577 et

273 2606 480 2681 ignara
504 2607 645 2662 artis
671 2603 1103 2681 typographiae,
1130 2603 1275 2661 haec
1299 2622 1536 2660 munera
1553 2605 1992 2663 redimebantur.
2038 2601 2150 2660 His

273 2688 486 2743 talibus
530 2687 822 2745 beneficiis
871 2685 1280 2743 monachorum
1313 2687 1732 2744 Amiatinorum
1774 2688 1963 2744 studia
1993 2688 2153 2761 juvit

273 2771 537 2845 inprimis
567 2768 927 2829 Theobaldua
955 2771 1274 2844 episeopus,
1304 2772 1404 2846 qui
1434 2768 1727 2844 clusinam
1752 2771 1851 2827 diu
1873 2772 2029 2826 rexit
2054 2788 2150 2826 ee-

278 2855 542 2923 clesiam,
582 2855 932 2927 temporibus
965 2851 1248 2909 Ludovt‘ci
1288 2851 1383 2908 Pia·
1408 2861 1467 2909 et
1491 2851 1772 2911 Lothan'i
1794 2854 1933 2923 filii,
1973 2870 2148 2927 penes

277 2953 418 3012 quos
443 2936 687 2990 multum
713 2938 1057 2992 auctoritate
1083 2935 1314 2991 valebat
1327 2975 1345 3006 ,
1373 2934 1441 2991 de
1465 2939 1802 2993 monasterii
1821 2936 2049 3010 juribus
2078 2954 2149 2991 ae

273 3017 627 3088 latifundiis,
671 3019 721 3073 si
755 3022 882 3094 quis
909 3021 1085 3091 alius,
1128 3019 1427 3075 sollicitus.
1511 3019 1712 3076 Plures
1741 3019 1895 3075 enim
1922 3018 2149 3074 codices

277 3100 678 3158 exscribendos
704 3098 816 3156 hoc
841 3100 956 3155 fine
986 3104 1245 3174 curavit,
1275 3110 1333 3158 et
1357 3121 1392 3158 a
1416 3101 1662 3160 Rabano
1688 3098 1929 3166 Mauro,
1956 3100 2150 3156 archi-

277 3186 541 3260 episcopo
567 3181 908 3260 Moguntino
922 3223 940 3254 ,
977 3184 1040 3237 in
1073 3187 1205 3241 aula
1232 3182 1511 3242 Caesarea
1534 3193 1832 3255 versante,
1874 3183 2151 3239 familiari

409 3367 462 3425 1)
511 3366 646 3419 Quas
686 3376 798 3410 csse
826 3365 1046 3425 fabulas,
1084 3379 1113 3412 e
1151 3366 1501 3424 diplomatibus
1542 3366 1876 3427 supposititiis
1912 3364 2149 3413 tabularii

274 3432 514 3479 Amiatini
533 3432 897 3480 demonstravit
913 3432 1156 3479 anmm
1171 3434 1207 3480 1.
1230 3449 1271 3483 e.
1292 3448 1341 3493 p.
1362 3437 1475 3481 702.
