2376 3925
296 187 397 240 144

300 291 583 349 limantem,
622 288 765 335 dicit:
802 287 966 346 Eece,
1014 290 1206 344 agnus‘

302 356 421 404 Dei!

370 425 450 470 37.
484 423 552 468 Et
572 421 839 468 audierunt
866 435 981 467 eum
1008 419 1105 466 duo
1126 418 1204 464 di-

302 489 484 548 scipuli
499 490 792 547 loquentum
802 519 818 549 ‚
840 491 891 534 et
908 487 1069 534 secuti
1087 487 1207 532 sunt

302 559 491 605 Iesum.

369 627 450 671 38.
488 625 778 670 Conversus
796 624 963 668 autem
972 621 1137 678 Iesus,
1154 621 1207 666 et

304 692 480 738 videns
517 704 607 738 eos
650 692 915 746 sequentes
954 701 1034 747 se,
1083 687 1206 732 dicit

303 760 401 807 eis:
423 759 556 812 Quid
573 757 842 815 quaeritiss
859 755 956 809 Qui
967 755 1206 802 dixerunt

302 828 350 874 ei
365 840 376 873 :
390 827 545 872 Rabbi
556 824 567 870 Ξ
580 823 739 884 (quod
750 823 929 868 dicitur
948 823 1204 880 interpre-

299 899 457 942 tatum
474 890 741 950 Magister)
762 891 847 936 ubi
865 890 1092 936 habitas?

369 963 448 1008 39.
482 959 619 1004 Dicit
637 959 735 1004 eis:
767 957 968 1016 Venite,
990 959 1040 1002 et
1058 956 1202 1002 vide-

299 1027 371 1075 te!
408 1027 696 1084 Venerunt,
732 1027 785 1071 et
820 1023 1080 1082 viderunt,
1117 1023 1203 1068 ubi

298 1095 542 1154 maneret,
564 1095 615 1138 et
626 1091 759 1150 apud
778 1105 892 1138 eum
908 1091 1204 1136 manserunt

301 1162 381 1208 die
410 1161 529 1218 iuo;
569 1160 697 1206 hora
722 1161 889 1206 autem
918 1160 1028 1204 erat
1060 1156 1204 1214 quasi

301 1229 507 1275 decima.

365 1298 447 1340 40.
482 1294 609 1340 Erat
626 1295 791 1339 autem
809 1293 1065 1351 Andreas,
1094 1292 1202 1338 fra-

297 1356 414 1409 ter!
442 1361 660 1408 Simoni
670 1361 825 1420 Petri,
837 1374 967 1406 unus
988 1374 1053 1406 ex
1075 1360 1202 1404 duo-

298 1431 413 1488 bus,
444 1428 529 1484 qui
557 1427 819 1472 audierant
844 1439 875 1472 a
901 1428 1129 1485 Joanne,
1152 1429 1204 1470 et

298 1495 457 1542 secuti
474 1494 678 1539 fuerant
696 1507 825 1539 eum.

362 1563 445 1606 41.
480 1560 683 1606 Invenit
716 1559 801 1606 hie
842 1558 1059 1618 primum
1092 1559 1201 1605 fra-

295 1631 426 1676 trem
444 1641 589 1674 suum
608 1626 866 1674 Simonem
878 1657 894 1687 ‚
916 1629 968 1672 et
987 1626 1107 1672 dicit
1125 1626 1199 1672 ei:

294 1696 585 1742 Invenimus
630 1693 871 1742 Messiam
922 1692 1088 1753 (quod
1124 1695 1204 1740 est

295 1764 679 1822 interpretatum
699 1760 969 1820 Christus).

361 1833 443 1877 42.
477 1831 545 1876 Et
562 1829 773 1876 adduxit
790 1843 905 1876 eum
924 1828 988 1874 ad
1011 1829 1200 1876 Iesum.

295 1900 510 1945 Intuitus
530 1901 697 1944 autem
717 1911 829 1944 eum
848 1899 879 1943 J
882 1909 996 1943 esus
1008 1927 1025 1956 ‚
1048 1896 1200 1942 dixit:

296 1968 376 2012 Tu
396 1980 450 2012 es
481 1967 654 2013 Simon
680 1964 811 2011 filius
839 1964 995 2010 Jona!
1026 1968 1085 2009 tu
1106 1976 1202 2008 vo-

299 2033 533 2079 caberise
572 2032 783 2089 cephas.
854 2030 1001 2083 Quod
1038 2030 1200 2075 inter-

298 2100 525 2157 pretatur
543 2098 740 2142 Petrus.

362 2166 444 2209 43.
478 2165 541 2208 In
568 2162 840 2208 crastinum
864 2160 1029 2207 voluit
1056 2161 1201 2208 exire

296 2232 352 2277 in
380 2230 680 2288 Galilaeam,
711 2232 763 2275 et
784 2228 983 2275 invenit
1006 2228 1200 2287 Philip-

296 2311 429 2357 pum.
490 2297 558 2343 Et
577 2296 697 2343 dicit
714 2295 763 2343 ei
781 2297 953 2342 Jesus:
978 2297 1200 2354 sequere

294 2364 398 2413 me!

362 2434 445 2479 44.
497 2432 624 2478 Erat
666 2432 833 2478 autem
874 2428 1134 2488 Philippus
1170 2444 1202 2477 a

296 2500 587 2559 Bethsaida,
638 2499 841 2546 civitate
876 2498 1111 2545 Andreae
1150 2502 1203 2545 et

295 2568 451 2615 Petri.
492 2602 499 2607 .

361 2638 443 2681 45.
463 2632 666 2681 Invenit
674 2631 932 2690 Philippus
942 2632 1201 2679 Nathana-

300 2702 377 2760 el,
425 2706 475 2748 et
511 2703 631 2749 dicit
680 2700 751 2747 ei:
801 2700 963 2753 Quem
998 2701 1202 2757 scripsit

296 2768 503 2825 Moyses
516 2763 543 2799 ἢ
562 2770 614 2815 in
635 2770 775 2827 lege,
804 2771 855 2813 et
870 2766 1154 2824 Prophetae
1164 2762 1199 2826 f,

296 2834 581 2881 invenimus
598 2838 630 2883 J
632 2850 772 2883 esum
788 2834 943 2883 filium
960 2835 1153 2894 Ioseph
1170 2847 1202 2880 a

296 2900 565 2947 Nazareth.

364 2968 448 3012 46.
481 2966 550 3011 Et
584 2967 711 3014 dixit
738 2969 786 3015 ei
813 2969 1117 3016 Nathanael:
1155 2969 1200 3013 A

296 3024 583 3083 Nazarethk
628 3036 795 3093 potest
837 3035 1026 3094 aliquid
1077 3036 1201 3084 boni

847 183 1239 236 JoANNEs.
1313 183 1480 233 CAP.
1517 188 1566 232 1.
1589 187 1637 232 2.

1273 286 1416 331 esse?
1452 285 1589 330 Dicit
1617 286 1665 331 ei
1699 285 1987 342 Philippus:
2024 287 2188 346 Veni,

1273 354 1323 398 et
1341 351 1478 400 vide!

1335 420 1418 462 47.
1454 418 1592 464 Vidit
1609 419 1640 463 J
1643 431 1757 464 esus
1781 419 2067 465 Nathanael
2087 433 2190 467 ve-

1270 485 1493 531 nientem
1527 485 1591 532 ad
1626 498 1700 544 se,
1741 488 1792 531 et
1827 485 1948 532 dicit
1986 487 2048 532 de
2089 501 2188 534 eo:

1269 551 1426 598 Ecce!
1448 565 1568 598 vere
1577 552 1827 612 Israelita,
1839 553 1894 598 in
1913 567 2014 610 quo
2031 554 2190 601 dolus

1269 633 1375 665 non
1396 617 1494 665 est!

1333 689 1418 731 48.
1451 686 1589 732 Dicit
1619 686 1670 734 ei
1696 687 2007 733 Nathanael:
2035 689 2188 736 Unde

1269 767 1349 800 me
1385 755 1555 799 nosti?
1589 754 1871 811 Respondit
1907 756 2057 801 Jesus
2075 787 2090 816 ,
2130 760 2189 802 et

1271 821 1400 867 dixit
1419 821 1491 867 ei:
1511 821 1810 878 Priusquam
1834 824 1886 867 te
1915 822 2183 882 Philippus

1271 891 1502 948 vocaret,
1524 902 1636 935 cum
1655 901 1792 934 esses
1812 891 1902 935 sub
1920 891 2044 950 ficu,
2076 891 2184 936 vidi

1269 958 1335 1002 te.

1335 1026 1418 1069 49.
1451 1023 1732 1082 Respondit
1750 1024 1799 1071 ei
1807 1023 2115 1084 Nathanael,
2127 1029 2184 1071 et

1269 1091 1366 1141 ait:
1403 1091 1582 1138 Rabbi!
1619 1094 1674 1137 tu
1694 1104 1748 1138 es
1775 1091 1931 1137 Filius
1959 1091 2091 1151 Dei,
2121 1095 2182 1138 tu

1271 1171 1324 1204 es
1344 1172 1440 1205 rex
1458 1158 1638 1204 Israel!

1337 1229 1415 1270 5⁰.
1451 1225 1730 1283 Respondit
1754 1225 1928 1284 Jesus,
1965 1227 2016 1271 et
2042 1224 2182 1272 dixit

1271 1292 1345 1338 ei:
1363 1292 1492 1345 Quia
1504 1293 1610 1339 dixi
1627 1293 1718 1338 tibi
1730 1305 1741 1337 τ
1753 1293 1870 1338 Vidi
1887 1295 1938 1339 te
1959 1293 2177 1351 sublim,

1270 1360 1434 1405 credis
1451 1374 1465 1418 3
1485 1360 1646 1417 majus
1667 1361 1742 1406 his
1762 1360 1972 1406 videbis.

1339 1429 1418 1472 51.
1453 1426 1521 1472 Et
1551 1427 1671 1473 dicit
1701 1427 1774 1472 ei:
1807 1426 1989 1485 Amen,
2027 1440 2178 1474 amen

1270 1493 1383 1539 dico
1399 1494 1558 1552 vobis,
1571 1493 1798 1540 videbitis
1809 1493 2011 1539 coelum
2021 1507 2175 1552 aper-

1267 1562 1389 1620 tum,
1411 1563 1461 1606 et
1470 1558 1696 1618 Angelos
1706 1560 1800 1606 Dei
1817 1560 2176 1622 ascendentes,

1270 1634 1320 1674 et
1339 1627 1699 1675 descendentes
1719 1627 2064 1687 supraFilium
2079 1629 2175 1676 ho-

1267 1695 1432 1742 minis.

1572 1843 1740 1894 CAP.
1802 1843 1870 1894 11.

1268 1941 1399 1995 Aqua
1424 1943 1471 1986 in
1499 1955 1666 1985 merum
1695 1946 1906 1986 mutatur.
1953 1940 2171 1995 Negotia·

1267 2002 1389 2040 tores
1408 1998 1577 2053 templo
1606 1998 1856 2053 pelluntur.
1911 1998 2044 2041 Multi
2065 2013 2171 2053 pro-

1297 2060 1400 2108 pter
1417 2056 1526 2096 mire
1548 2054 1674 2097 facta
1693 2056 1882 2097 credunt
1907 2056 1955 2097 in
1972 2054 2142 2098 Jesum·

1336 2148 1382 2193 1.
1417 2147 1486 2193 Et
1503 2148 1585 2195 die
1603 2141 1994 2207 tertialnuptiae
2009 2150 2174 2197 factae

1268 2216 1386 2260 sunt
1412 2214 1466 2260 in
1498 2216 1634 2262 Cana
1664 2216 1946 2275 Galilaeae3
1983 2218 2038 2263 et
2065 2221 2175 2263 erat

1266 2284 1427 2329 mater
1445 2284 1477 2329 J
1479 2295 1567 2329 esu
1589 2283 1674 2330 ibi.

1334 2350 1380 2395 2.
1416 2351 1638 2396 Vocatus
1658 2353 1736 2397 est
1753 2352 1920 2397 autem
1939 2352 1992 2397 et
2003 2352 2172 2411 Jesus,

1269 2417 1321 2463 et
1339 2416 1571 2474 discipuli
1585 2418 1636 2476 ej
1644 2432 1701 2464 us
1721 2418 1784 2464 ad
1801 2418 2020 2475 nuptias.

1335 2484 1381 2529 3.
1416 2484 1485 2530 Et
1503 2484 1766 2532 deficiente
1780 2486 1921 2544 vino,
1933 2485 2054 2531 dicit
2063 2498 2174 2531 ma-

1267 2552 1346 2595 ter
1364 2550 1395 2595 J
1398 2565 1489 2597 esu
1507 2552 1570 2597 ad
1591 2566 1729 2599 eum:
1749 2553 1936 2599 Vinum
1952 2566 2058 2598 non
2078 2553 2174 2599 ha-

1267 2616 1409 2663 bent!

1333 2685 1382 2729 4.
1417 2684 1486 2730 Et
1503 2685 1624 2733 dicit
1642 2686 1691 2734 ei
1709 2688 1740 2732 J
1742 2699 1856 2733 esus
1870 2698 1882 2732 :
1897 2686 2031 2739 Quid
2047 2687 2174 2733 mihi

1269 2755 1320 2797 et
1335 2750 1427 2798 tibi
1452 2755 1546 2811 est,
1562 2752 1766 2801 mulier!
1785 2753 2012 2801 nondum
2030 2755 2175 2800 venit

1268 2817 1397 2865 hora
1413 2832 1541 2865 mea.

1335 2889 1380 2931 5.
1417 2883 1554 2933 Dicit
1581 2890 1742 2934 mater
1769 2888 1878 2945 ejus
1897 2887 2171 2934 ministris:

1269 2952 1627 3053 Quo'dcumque
1664 2954 1852 3004 dixerit
1886 2954 2032 3002 vobis
2043 2984 2058 3015 ‚
2089 2956 2172 3003 fa-

1267 3020 1363 3066 cite
1377 3054 1387 3066 .

1331 3089 1379 3131 6.
1413 3086 1576 3133 Erant
1618 3090 1782 3135 autem
1829 3088 1904 3136 ibi
1939 3086 2172 3148 lapideae

377 3151 427 3191 cf.
444 3163 483 3190 v.
502 3154 562 3188 29.
621 3146 651 3183 ἰ
664 3150 810 3191 Μιωι.
826 3155 867 3195 4,
885 3155 947 3191 18·
1008 3159 1035 3189 ε
1050 3151 1199 3191 Mauh.
1263 3152 1472 3213 hydriae
1501 3166 1596 3202 sex
1621 3156 1819 3213 positae
1845 3156 2173 3203 secundulum

293 3204 355 3244 16,
374 3203 434 3239 18.
480 3196 503 3225 7²
517 3197 641 3235 Dent.
658 3200 727 3241 18,
754 3201 815 3237 1³.
842 3210 929 3247 sqq.

292 3252 355 3285 27.
400 3244 423 3273 7‘
437 3244 528 3283 Joh.
545 3248 582 3287 7,
598 3246 663 3282 41.

411 3392 522 3446 Cap.
552 3390 592 3433 1.
649 3394 721 3431 40.
751 3390 808 3455 ab
828 3389 1051 3435 Johanne-
1109 3398 1180 3438 42.
1210 3394 1436 3467 Johanna.
1493 3403 1566 3443 43.
1599 3400 1709 3443 dicit
1725 3401 1769 3445 ei
1788 3398 1972 3467 gonsin-
1991 3400 2170 3457 Jesus).

291 3451 362 3489 45.
390 3442 684 3489 Nathanahel
720 3445 814 3499 (tta
836 3450 1047 3502 semper).
1122 3453 1194 3493 47.
1221 3450 1465 3497 Israhchts
1485 3456 1688 3512 (semper
1704 3458 1922 3500 scribam·
1937 3456 2120 3500 Israhel
2130 3458 2168 3512 ).

292 3499 356 3543 11.
390 3506 430 3543 1.
475 3504 547 3544 die
568 3499 717 3543 tertio.
776 3504 818 3542 2.
849 3506 998 3544 autem
1017 3504 1092 3545 ibi.
