2376 3925
270 397 892 485 CLEMENS
953 397 1304 482 PAPA
1373 396 2017 488 OCTAVUS.

533 561 625 603 An
671 558 1136 603 PERPETUAM
1181 559 1306 602 REI
1350 559 1759 603 MEMORIAM.

319 745 466 824 cum
486 789 751 824 sacrorum
767 775 1045 823 Bibliorum
1076 777 1309 836 vulgatae
1338 776 1579 824 editionis
1596 779 1767 824 textus
1784 778 1987 824 summis
2004 778 2081 824 la-

201 861 432 920 boribus,
451 873 511 907 ac
530 859 720 918 vigiliis
739 861 999 906 restitutus
1016 890 1030 918 ,
1053 863 1104 906 et
1123 873 1267 918 quam
1286 861 1659 908 accuratissime
1678 861 1874 907 mendis
1892 873 2082 918 expur-

205 946 384 1004 gatus,
417 943 748 991 benedicente
773 943 1020 1002 Domino,
1059 956 1126 990 ex
1159 948 1337 990 nostra
1367 944 1727 1004 ‘typographia
1749 943 1992 990 Vaticana
2026 944 2081 990 in

199 1030 370 1075 lucem
397 1027 636 1086 prodeat3
681 1040 806 1086 nos,
837 1029 893 1073 ut
917 1027 972 1072 in
999 1029 1255 1084 posterum
1286 1028 1417 1074 idem
1449 1031 1618 1075 textus
1648 1028 1996 1088 incorruptus,
2024 1030 2081 1075 ut

205 1113 370 1172 «lecet,
391 1113 740 1170 conservetur,
763 1113 1050 1168 opportune
1069 1110 1340 1168 providere
1358 1109 1613 1171 volentes,
1632 1111 1930 1157 auctoritate
1951 1123 2077 1168 apo-

201 1196 412 1254 stolica,
441 1197 620 1242 tenore
647 1194 989 1252 praesentium
1018 1194 1291 1241 districtius
1318 1195 1627 1255 iuhibemus,
1656 1207 1723 1240 ne
1750 1195 1885 1240 intra
1906 1193 2079 1241 decem

199 1292 368 1325 anuos
386 1291 419 1324 a
439 1278 551 1324 (lata
567 1279 909 1336 praesentium
927 1279 1267 1324 numerandos
1280 1309 1294 1337 ,
1322 1280 1424 1324 tam
1444 1279 1593 1338 citra,
1614 1290 1761 1336 quam
1776 1276 1912 1324 ultra
1926 1291 2076 1324 mon-

197 1367 278 1409 tes
307 1361 432 1409 alibi
459 1375 608 1419 quam
633 1363 688 1408 in
716 1365 893 1408 nostra
909 1363 1154 1408 Vaticana
1174 1361 1534 1421 'typographia
1563 1371 1594 1407 a
1621 1374 1873 1418 quoquam
1898 1361 2074 1419 impri-

195 1449 383 1493 matur.
449 1445 640 1503 Elapso
669 1448 834 1492 autem
861 1447 1092 1504 praefato
1113 1445 1391 1506 decennio,
1418 1459 1529 1492 eam
1548 1447 1833 1493 cautionem
1852 1446 2078 1493 adhiberi

197 1529 556 1588 praecipimus,
593 1531 658 1574 ut
688 1543 860 1576 nemo
895 1530 1046 1576 hanc
1079 1532 1429 1576 sanctarum
1455 1531 1918 1590 Scripturarum
1950 1529 2077 1577 edi-

197 1615 442 1660 tionem
475 1612 641 1671 typis
685 1614 974 1659 mandare
1019 1617 1409 1674 praesumat,
1463 1614 1592 1661 nisi
1634 1614 1859 1661 habito
1894 1614 2076 1672 prius

199 1696 552 1755 exemplari
599 1696 663 1742 in
717 1697 1161 1756 ‘typographia
1210 1698 1517 1744 Vaticana
1571 1709 1837 1745 excuso:
1898 1697 2077 1753 cuius

199 1779 587 1839 exemplaris
630 1781 862 1838 forma,
915 1793 988 1826 ne
1029 1780 1282 1826 minima
1333 1781 1583 1837 quidem
1628 1779 1953 1839 particula
2006 1779 2077 1825 de

195 1867 382 1912 textu
413 1866 680 1923 mutata,
726 1862 962 1922 addita,
1010 1862 1106 1908 vel
1145 1865 1218 1910 ab
1265 1876 1338 1909 eo
1382 1863 1697 1921 detracta,
1743 1863 1844 1908 nisi
1872 1861 2077 1918 aliquod

201 1951 462 2009 occurrat,
505 1947 640 2006 quod
671 1946 1092 2008 Typographicae
1127 1946 1356 1995 incuriae
1390 1947 1658 1995 manifeste
1695 1945 2075 1994 adscribendum

200 2036 284 2092 nit,
303 2032 667 2081 inviolabiliter
684 2035 1001 2081 observetur.
1034 2030 1089 2079 Si
1117 2031 1231 2089 quis
1257 2044 1385 2079 vero
1408 2032 1776 2092 Typographus
1795 2032 1850 2077 in
1870 2031 2075 2089 quibus-

201 2130 399 2174 eunque
425 2116 628 2175 regnis,
657 2114 970 2175 civitatibus,
998 2115 1308 2176 provinciis,
1339 2119 1392 2163 et
1418 2115 1547 2164 locis
1576 2118 1677 2162 tam
1706 2118 1913 2163 nostrae
1948 2118 1999 2162 et
2018 2118 2069 2162 S.

198 2201 257 2246 R.
275 2200 337 2247 E.
369 2198 550 2247 ditioni
573 2198 625 2243 in
651 2197 1012 2256 temporalibus
1040 2200 1308 2259 subjectis,
1345 2212 1492 2257 quam
1517 2214 1623 2247 non
1651 2200 1917 2260 subjectis,
1946 2200 2075 2246 hanc

199 2284 414 2331 eandem
443 2294 697 2329 sacrarum
719 2282 1090 2339 Scripturarum
1118 2284 1393 2330 editionem
1420 2284 1555 2329 intra
1586 2284 1884 2331 decennium
1925 2297 2075 2341 prae-

201 2368 392 2414 dictum
407 2378 610 2424 quoquo
627 2365 799 2424 modo,
821 2365 994 2423 elapso
1015 2369 1180 2413 autem
1202 2367 1469 2427 decennio,
1490 2368 1683 2414 aliter
1704 2381 1873 2425 quam
1894 2367 2077 2423 juxta

199 2450 562 2509 hujusmodi
589 2449 936 2508 exemplar,
963 2451 1021 2495 ut
1037 2451 1351 2511 praefertur,
1381 2452 1693 2510 imprimere,
1718 2450 1964 2508 vendere,
1985 2461 2076 2495 ve-

201 2534 347 2581 nales
363 2534 548 2581 habere
559 2564 576 2593 ,
605 2536 693 2580 aut
709 2532 834 2580 alias
855 2532 1004 2579 edere
1026 2532 1108 2579 vel
1128 2533 1370 2593 evulgare
1384 2565 1399 2593 ,
1430 2538 1517 2581 aut
1552 2536 1599 2582 si
1616 2535 1726 2593 quis
1752 2532 2031 2590 bibliopola
2048 2546 2079 2579 a

204 2633 262 2665 se
283 2618 366 2665 vel
383 2620 443 2665 ab
469 2617 583 2663 aliis
611 2616 893 2675 quibusvis,
923 2620 1042 2674 post
1069 2617 1233 2663 datam
1261 2620 1626 2678 praesentium,
1654 2618 1803 2675 hujus
1838 2616 2077 2663 editionis

204 2704 478 2760 impressos
497 2700 656 2746 libros
668 2731 684 2761 ,
713 2713 802 2747 seu
827 2700 1190 2759 imprimendos
1220 2714 1251 2747 a
1268 2704 1498 2761 praefato
1517 2701 1753 2748 restituto
1775 2702 1825 2745 et
1844 2704 2076 2747 correcto

201 2788 348 2832 textu
367 2785 421 2831 iu
439 2784 610 2840 aliquo
632 2783 1002 2843 discrepantes,
1022 2798 1112 2830 seu
1147 2788 1210 2832 ab
1240 2786 1371 2845 alio,
1401 2798 1548 2842 quam
1576 2797 1607 2828 a
1634 2785 1950 2842 typographo
1972 2787 2073 2832 Va-

201 2872 370 2917 ticano
384 2899 400 2927 ,
436 2868 572 2914 intra
593 2866 886 2915 decennium
906 2880 1121 2914 excusos
1134 2899 1148 2927 ,
1179 2870 1371 2925 pariter
1392 2867 1637 2926 vendere,
1658 2868 1863 2915 venales
1882 2882 2075 2928 propo-

203 2966 326 3000 nere
348 2952 432 2999 vel
453 2950 694 3009 evulgare
714 2952 1132 3011 praesumpserit,
1163 2952 1299 2998 ultra
1321 2951 1645 2998 amissionem
1666 2952 1889 2999 omnium
1908 2951 2073 3000 libro-

201 3051 342 3095 rum,
371 3040 423 3083 et
451 3034 576 3080 alias
603 3034 814 3080 arbitrio
846 3037 1022 3080 nostro
1051 3034 1351 3093 infligendas
1368 3049 1560 3094 poenas
1579 3036 1902 3096 temporales,
1924 3039 2073 3083 etiam

202 3120 412 3178 majoris
451 3118 987 3165 excommunicationis
1025 3119 1327 3165 sententiam
1364 3133 1429 3167 eo
1464 3119 1576 3177 ipso
1614 3120 1863 3167 incurrat:
1912 3132 1943 3165 a
1978 3132 2075 3175 qua

203 3203 305 3251 nisi
331 3216 362 3249 a
377 3204 607 3249 Romano
626 3201 869 3248 Pontifice
885 3231 900 3260 ,
927 3204 1277 3259 praeterquam
1301 3203 1355 3249 in
1385 3204 1564 3249 mortis
1592 3204 1807 3251 articulo
1828 3202 2075 3250 constitu-

203 3292 312 3346 tus,
336 3284 539 3333 absolvi
564 3297 670 3331 non
699 3283 876 3343 possit.
944 3285 1239 3333 Mandamus
1276 3287 1444 3345 itaque
1482 3287 1738 3334 universis
1770 3290 1821 3333 et
1845 3284 2074 3344 singulis,

209 3368 540 3427 Patriarchis,
562 3368 985 3427 Archiepiscopis,
1004 3368 1291 3431 Epi-copis,
1312 3372 1624 3428 caeterisque
1645 3369 1969 3417 ecclesiarum
1982 3399 1997 3426 ,
2028 3370 2081 3414 et

205 3458 470 3515 locorum,
496 3454 646 3500 etiam
664 3452 974 3513 regularium
992 3452 1239 3502 Praelatis
1253 3489 1267 3518 ,
1298 3458 1356 3501 ut
1375 3458 1666 3513 praesentes
1686 3453 1880 3499 litteras
1900 3452 1955 3497 in
1974 3452 2077 3498 suis
