2376 3925
278 161 376 215 36⁴

278 267 481 322 nentur,
493 262 910 309 circumferuntur
929 269 960 301 a
977 255 1174 301 modico

641 156 1054 211 EPISTULA
1086 148 1381 203 JAcom.
1452 144 1617 195 cAP.
1658 142 1776 192 3.4.

1308 252 1387 294 15.
1407 248 1523 293 Non
1542 248 1621 291 est
1639 244 1773 291 enim
1789 244 1887 290 ista
1896 242 2167 299 sapientia

278 328 637 391 gubernaculo,
677 326 762 373 ubi
801 326 1016 383 impetus
1051 321 1175 368 diri·
1245 317 1503 363 desursum
1522 309 1963 368 descendens3sed
1978 313 2167 356 terre-

278 398 442 459 geutis
464 394 696 443 voluerit.

348 469 394 511 5.
429 456 504 509 It'a
523 464 574 509 et
590 461 766 521 lingua
797 458 1045 505 modicum
1065 454 1176 511 qui-

281 534 393 579 dem
411 531 684 575 membrum
703 530 796 585 est,
818 528 869 572 et
884 536 1066 581 magna
1085 533 1177 567 ex-

284 599 419 645 altat.
453 594 612 643 Ecce!
633 597 846 653 quantus
865 590 1015 649 ignis,
1035 601 1180 646 quam

283 677 515 723 magnam
533 663 711 709 silvam
729 656 972 707 incendit!

351 735 398 777 6.
432 732 500 777 Et
516 730 690 788 lingua
708 728 840 786 ignis
861 728 953 782 est,
973 722 1182 768 univer-

288 801 407 847 sitas
426 797 716 855 iniquitatis.
774 794 972 849 Lingua
991 788 1183 835 consti-

285 867 442 913 tuitur
469 865 522 911 in
551 861 781 909 membris
812 858 1027 916 nostris,
1056 869 1184 912 quae

285 932 500 979 maculat
520 934 678 978 totum
698 939 898 986 corpus,
921 927 971 971 et
990 925 1184 970 inflam-

285 1001 390 1047 mat
405 1001 565 1045 rotam
581 995 859 1042 nativitatis
877 993 1084 1039 nostrae
1103 990 1186 1035 in·-

287 1068 533 1114 ssammata
551 1078 582 1109 a
601 1064 848 1122 gehenna.

354 1136 400 1179 7.
437 1131 611 1177 Omnis
631 1130 764 1177 enim
791 1130 974 1174 natura
1001 1124 1186 1173 bestia-

286 1214 398 1247 rum
417 1203 467 1246 et
489 1198 746 1244 volucrum
758 1228 772 1256 ‚
794 1200 844 1243 et
863 1193 1187 1252 serpentium,

291 1272 342 1314 et
361 1270 675 1314 caeterorum
704 1265 996 1321 domantur,
1027 1263 1078 1307 et
1095 1260 1188 1305 do-

288 1336 408 1382 mita
427 1338 544 1381 sunt
561 1347 591 1379 a
609 1335 788 1378 natura
807 1332 1048 1385 humana3

357 1406 402 1447 8.
437 1402 660 1459 linguam
695 1402 862 1445 autem
898 1396 1066 1442 nullus
1094 1393 1190 1440 ho-

289 1470 390 1514 min
397 1482 477 1514 um
489 1466 690 1513 domare
709 1468 877 1522 potest
888 1479 902 1520 ;
915 1462 1191 1519 inquietum

290 1535 471 1579 malum
485 1564 498 1591 ‚
520 1532 670 1591 plena
689 1543 888 1577 veneno
907 1528 1191 1575 mortifero.

361 1605 405 1647 9.
441 1602 500 1645 In
529 1600 639 1657 ipsa
666 1596 1004 1644 benedicimus
1030 1594 1195 1640 Deum

294 1673 344 1715 et
371 1669 596 1723 Patrem3
631 1669 682 1712 et
711 1666 765 1711 in
797 1666 906 1722 ipsa
935 1662 1193 1709 maledici-

291 1749 400 1782 mus
419 1734 673 1793 homines,
703 1733 789 1789 qui
815 1732 877 1778 ad
909 1729 1195 1778 similitudi-

294 1818 410 1851 nem
424 1802 523 1849 Dei
541 1801 663 1848 facti
679 1804 810 1847 sunt.

363 1873 442 1915 10.
476 1870 560 1916 Ex
588 1869 700 1927 ipso
731 1882 820 1913 ore
849 1865 1078 1925 procedit
1106 1867 1196 1910 be-

295 1937 514 1986 nedictio
548 1939 599 1984 et
623 1935 924 1984 maledictio.
994 1934 1110 1979 Non
1137 1945 1197 1977 o-

295 2009 480 2065 portet,
501 2007 684 2050 fratres
702 2002 823 2049 mei!
843 2003 968 2048 haec
987 1999 1058 2046 ita
1072 1999 1197 2046 fieri.

363 2073 443 2116 11.
485 2069 734 2126 Numquid
769 2071 884 2114 fons
923 2068 984 2113 de
1023 2066 1199 2112 eodem

299 2137 548 2182 foramine
569 2137 766 2181 emanat
781 2135 973 2181 dulcem
993 2135 1044 2178 ct
1061 2144 1199 2176 ama-

298 2217 404 2248 ram
423 2203 633 2258 aquam?

365 2271 444 2315 12.
478 2267 727 2326 Numquid
779 2269 964 2324 potest,
1017 2267 1200 2311 fratres

300 2338 414 2396 mei,
452 2339 573 2384 ficus
601 2348 725 2382 uvas
751 2336 939 2393 facere,
969 2335 1055 2378 aut
1083 2333 1200 2377 vitis

300 2409 421 2452 ficus
431 2406 453 2450 ’.ἱ
465 2405 548 2452 Sic
558 2417 721 2461 neque
735 2402 868 2448 salsa
877 2399 1072 2447 dulcem
1083 2402 1201 2457 pot-

303 2478 379 2519 est
396 2475 566 2520 facere
585 2485 777 2529 aquam.

370 2542 448 2586 13.
480 2541 602 2594 Quis
622 2539 822 2596 sapiens
842 2539 892 2582 ct
913 2533 1202 2592 disciplina-

301 2613 380 2653 tus
399 2609 532 2654 inter
553 2607 676 2653 vos?
715 2603 958 2650 Ostendat
986 2615 1053 2648 ex
1071 2604 1206 2648 bona

305 2675 691 2721 conversatione
732 2669 1081 2728 operationem
1117 2681 1204 2714 su-

307 2755 384 2786 am
404 2742 457 2786 in
475 2737 856 2788 mansuetudine
875 2735 1170 2793 sapientiae.

376 2821 454 2864 14.
477 2819 622 2872 Quod
637 2819 681 2865 si
701 2819 862 2864 zelum
874 2829 1096 2862 amarum
1111 2816 1204 2861 ha-

307 2887 450 2942 betis,
463 2889 513 2932 et
531 2887 884 2931 contentiones
897 2883 1069 2930 sintin
1089 2895 1206 2929 cor-

309 2955 448 3000 dibus
470 2952 678 3007 vestris;
708 2952 869 2998 nolite
889 2949 1126 3008 gloriari,
1159 2951 1209 2994 et

1245 397 1329 441 na,
1349 380 1594 439 animalis,
1616 378 1875 425 diabolica.

1314 452 1393 496 16.
1427 447 1522 495 Ubi
1541 446 1675 493 enim
1696 444 1835 491 zelus
1856 446 1907 489 et
1935 448 2166 490 conten-

1247 518 1319 564 tio
1334 532 1347 575 ;
1362 516 1431 563 ibi
1449 512 1789 561 inconstantia
1798 514 1851 557 et
1860 524 2011 557 omne
2024 525 2163 570 opus

1248 597 1472 643 pravum.

1317 653 1397 696 17.
1436 650 1576 703 Quae
1595 649 1761 693 autem
1794 646 2062 691 desursum
2082 650 2165 693 est

1251 716 1513 776 sapientia,
1526 714 1738 773 primum
1758 712 1957 770 quidem
1975 713 2161 771 pudica

1254 788 1355 843 est,
1402 783 1585 829 deinde
1629 780 1865 839 pacifica,
1910 780 2161 839 modesta,

1252 850 1509 898 suadibilis
1530 881 1546 909 ,
1599 848 1747 895 bonis
1810 848 2161 906 consentiens,

1253 920 1403 977 plena
1429 914 1805 974 misericordia,
1836 917 1886 961 et
1912 916 2163 961 fructibus

1256 986 1419 1044 bonis,
1438 998 1545 1032 non
1559 983 1809 1042 judicans,
1823 982 1928 1028 sine
1947 981 2165 1027 simula-

1252 1054 1411 1099 tione.

1323 1122 1405 1165 18.
1441 1119 1656 1165 Fructus
1676 1119 1844 1163 autem
1857 1114 2081 1173 justitiae
2103 1116 2161 1161 in

1255 1201 1379 1246 pace
1408 1186 1705 1244 seminatur,
1741 1184 2034 1231 facientibus
2060 1196 2160 1240 pa-

1258 1270 1380 1303 cem.

1550 1372 1719 1424 CAP.
1776 1370 1867 1422 IV.

1261 1472 1457 1517 Diabolo
1478 1474 1663 1521 resiste,
1691 1471 1791 1513 Deo
1811 1469 2045 1511 voluntate
2065 1470 2159 1510 aui-

1304 1542 1461 1583 ¹¹¹⁰q¹¹⁰
1482 1526 1961 1626 pgffiliss‘iimsiia‘?
1980 1526 2115 1567 ’Μ

1329 1681 1374 1724 1.
1410 1679 1551 1724 Unde
1570 1676 1702 1724 bella
1721 1678 1773 1723 et
1790 1676 1909 1722 lites
1928 1675 1983 1721 in
1996 1672 2159 1720 vobis.²

1262 1760 1434 1793 nonne
1463 1746 1612 1791 hinc?
1644 1758 1711 1791 ex
1741 1740 2159 1801 concupiscentiis

1268 1814 1463 1871 vestris,
1478 1826 1605 1869 quae
1622 1811 1841 1857 militant
1859 1810 1915 1856 in
1934 1807 2159 1856 membris

1265 1881 1477 1927 vestris?

1331 1951 1377 1994 2.
1415 1946 1799 2004 concupiscitis,
1816 1947 1867 1991 et
1885 1957 1993 1991 non
2016 1944 2160 1990 habe-

1264 2018 1354 2074 tis;
1394 2015 1638 2072 occiditiS,
1672 2017 1723 2060 et
1750 2013 1947 2071 zelatis,
1988 2014 2043 2058 et
2066 2024 2161 2056 non

1264 2083 1476 2140 potestis
1496 2081 1703 2138 adipisci
1717 2095 1731 2138 3
1749 2080 1981 2138 litigatis,
1996 2082 2049 2124 et
2063 2077 2161 2124 bel·

1266 2151 1512 2208 ligemus,
1534 2153 1585 2195 et
1602 2160 1707 2194 non
1727 2148 1943 2206 habetis,
1962 2149 2163 2204 propter

1268 2218 1397 2274 quod
1419 2230 1524 2261 non
1544 2213 1829 2274 postulatisss

1335 2286 1380 2329 3.
1417 2283 1610 2342 Petitis,
1632 2285 1683 2328 et
1699 2295 1805 2327 non
1826 2281 2080 2339 accipitis;
2108 2291 2164 2324 eo

1269 2351 1401 2408 quod
1429 2351 1559 2396 male
1589 2349 1800 2407 petatis3
1831 2351 1889 2394 ut
1907 2349 1961 2394 in
1984 2359 2164 2394 coucu-

1268 2419 1527 2477 piscentiis
1550 2417 1729 2462 vestmis
1749 2416 2031 2461 insumatis.

1334 2487 1381 2529 4.
1419 2483 1667 2532 Adulteri!
1709 2482 1936 2539 nescitis,
1974 2481 2089 2539 quia
2114 2493 2165 2524 a-

1269 2552 1457 2598 micitia
1481 2550 1832 2608 hujusmundi
1865 2550 2071 2596 inimica
2098 2549 2168 2592 est

1270 2620 1444 2666 Deiu’?
1479 2619 1787 2675 Quicumque
1809 2630 1934 2674 ergo
1960 2613 2168 2662 voluerit

1272 2686 1459 2732 amicus
1480 2699 1591 2731 esse
1612 2684 1800 2730 saeculi
1820 2684 1991 2742 huius,
2008 2681 2165 2728 inimi·

1274 2767 1359 2800 cus
1379 2753 1475 2799 Dei
1495 2752 1830 2799 constituitur.

1340 2819 1387 2868 5.
1420 2821 1510 2868 ,An
1548 2819 1761 2878 putatis,
1800 2817 1919 2874 quia
1958 2815 2166 2861 inaniter

1275 2887 1533 2944 Scriptura
1585 2886 1743 2932 dicat:
1807 2883 1885 2929 Ad
1938 2881 2165 2928 invidiam

1276 2953 1585 3010 concupiscit
1612 2952 1847 3011 spiritus,
1878 2950 1965 3006 qui
1992 2948 2167 2995 habitat

306 3019 570 3067 mendaces
600 3031 712 3064 esse
741 3019 981 3064 adversus
1018 3017 1205 3064 verita·
1273 3023 1327 3068 in
1350 3021 1522 3067 vobis?

306 3095 424 3135 tem.

423 3250 534 3302 Cap.
565 3246 651 3288 111.

313 3305 609 3347 suetudinem.

313 3366 382 3400 est
411 3361 496 3400 ista
527 3357 751 3412 sapientia
781 3358 924 3408 (deest
942 3358 1098 3410 enim).

313 3415 443 3454 bonis
470 3411 791 3462 consentiens)-

315 3470 454 3518 (deest
475 3468 610 3517 hinc).
674 3469 714 3508 3.
746 3465 989 3519 accipietis.

1320 3104 1351 3123 w
1370 3096 1460 3132 Joh.
1478 3099 1538 3138 1⁵,
1557 3099 1614 3134 19.
1637 3094 1755 3132 Rom.
1772 3096 1810 3138 8,
1828 3097 1864 3131 7.

712 3249 752 3286 Ί.
786 3251 1119 3299 ceterorumque
1151 3248 1385 3288 domantur
1414 3251 1459 3288 et
1490 3246 1668 3286 domata
1700 3247 1816 3284 sunt.
1879 3245 1945 3283 13.
1976 3241 2024 3282 in
2054 3249 2165 3280 man·

689 3305 754 3343 14.
787 3303 1095 3344 contentiones
1125 3303 1170 3343 in
1200 3303 1412 3344 cordibus
1439 3303 1603 3343 vestris
1624 3301 1767 3350 (deest
1784 3298 1916 3351 sint).

1177 3360 1243 3398 17.
1284 3357 1519 3399 suadibilis
1550 3355 1682 3411 plena
1712 3352 2021 3396 misericordia
2038 3351 2169 3400 (deest

923 3410 1004 3451 IV·
1076 3415 1114 3452 1.
1159 3411 1267 3454 lites
1295 3413 1413 3455 inter
1439 3426 1519 3454 vos
1546 3423 1691 3455 nonne
1714 3421 1777 3452 ex
1806 3403 2167 3462 concupiscentii·

1995 3300 2057 3337 15.
2086 3305 2165 3333 non
