2376 3925
267 157 436 202 XXIV
699 155 1721 232 coMMENTATlotlsAGoGICA.

273 287 458 342 dierni
485 285 757 343 Italorum
783 287 1086 354 sermonis,
1109 303 1284 359 prope
1310 285 1608 355 accedunt,
1629 282 2139 360 Hieronymianum

273 368 500 424 dicendi
527 386 707 444 genus
733 369 917 441 possis
939 373 1072 442 jure
1097 377 1197 423 tuo
1226 377 1284 422 et
1314 376 1531 422 castum
1560 376 1617 421 et
1644 367 1996 442 aliquantum
2024 369 2139 422 ele-

273 469 415 525 gans
443 451 740 524 appellare.
826 448 970 505 Item
1007 452 1331 525 argumenti
1356 450 1605 504 rationes
1631 465 1830 522 puram
1856 446 2141 505 Latinita-

271 544 389 588 tem
430 541 714 588 recusant.
800 528 973 588 Dicta
999 535 1148 586 enim
1175 540 1234 585 et
1258 533 1471 605 placita
1496 549 1786 586 sacrarum
1813 529 2143 605 Scriptura-

271 633 400 670 rum
427 633 600 690 quum
624 617 742 670 sint
768 614 1075 688 profunda,
1114 615 1376 683 subtilia,
1416 631 1523 667 nec
1548 613 1743 668 audita
1769 621 1904 668 ante
1930 623 2141 668 morta-

272 697 453 768 libus,
509 697 644 774 quid
677 697 904 752 tandem
950 698 1254 766 miramur,
1305 696 1377 752 ad
1422 714 1513 751 res
1549 714 1725 752 novas
1764 695 2143 771 designandas

274 780 448 836 verba
477 784 648 836 etiam
676 798 824 833 nova
851 778 1006 850 ficta,
1036 781 1150 834 imo
1180 797 1421 834 excussa
1445 776 1657 834 fuisse?
1691 777 1768 833 Et
1794 780 1921 853 quis
1948 787 2145 855 neget,

274 871 532 918 veterum
558 859 943 918 Romanorum
976 864 1206 917 omnino
1254 865 1509 936 linguam
1546 861 1618 915 ad
1656 880 1745 916 res
1784 861 2009 917 divinas
2036 879 2138 916 ex-

275 945 563 1018 plicandas
609 953 667 998 et
709 944 781 999 ad
822 946 1122 999 interiores
1150 946 1411 1000 notiones
1444 941 1781 999 christianas
1809 944 2145 1017 aperiendas

273 1045 471 1100 parum
503 1026 714 1081 cultam
737 1026 1147 1101 formatamque
1183 1023 1403 1082 fuisse?
1484 1024 1711 1081 Exinde
1736 1023 2019 1080 Latinitas
2047 1045 2143 1080 ec-

277 1111 624 1178 clesiastica,
677 1107 1031 1184 theologica,
1086 1110 1358 1184 religiosa
1410 1110 1471 1164 in
1527 1109 1783 1163 ecclesiis
1826 1116 1885 1162 et
1926 1107 2141 1163 scholis

277 1189 603 1246 christianis
630 1194 890 1262 emersit,
929 1193 1100 1246 latius
1129 1192 1312 1246 tendit
1359 1191 1693 1266 tendetque,
1729 1208 2021 1265 quousque
2046 1209 2143 1246 res

272 1271 631 1349 theologicae
656 1274 832 1329 latine
860 1283 1243 1348 exponentur3
1288 1292 1401 1329 non
1429 1274 1687 1343 arbitrio,
1714 1290 1829 1328 non
1858 1291 2013 1344 casu,
2042 1273 2145 1330 sed

273 1355 514 1429 quadam
540 1358 898 1413 necessitate.
985 1357 1149 1421 Quod
1181 1365 1371 1411 autem
1398 1358 1551 1410 intra
1576 1354 2029 1410 Protestantium
2054 1356 2142 1411 fa-

273 1439 460 1492 milias
512 1439 722 1493 accidit
782 1441 1145 1494 translationi
1207 1440 1568 1515 germanicae
1620 1435 1859 1493 Lutheri
1878 1477 1896 1508 ,
1950 1448 2016 1492 ut
2080 1441 2145 1493 in

274 1521 527 1574 omnium
555 1539 653 1575 ore
679 1522 775 1589 sit,
806 1523 1307 1597 quotidianumque
1335 1539 1654 1576 sermonem
1681 1538 1848 1593 saepe
1873 1522 2057 1575 invita
2084 1531 2145 1576 et

275 1604 458 1657 inscia
483 1602 706 1672 flectat,
731 1612 796 1658 ut
822 1604 1123 1677 proverbia
1147 1622 1261 1658 non
1288 1622 1469 1677 pauca
1498 1622 1570 1658 ex
1599 1621 1665 1657 ea
1694 1602 2023 1657 deriventur
2048 1596 2141 1676 (id

274 1685 453 1759 quod,
495 1705 605 1760 quo
641 1685 854 1741 diutius
881 1689 1119 1755 vivitur,
1149 1706 1215 1741 eo
1244 1687 1466 1760 saepius
1492 1681 2025 1763 animadvertitur):
2061 1688 2142 1740 si-

272 1769 426 1823 milis
468 1771 618 1824 ratio
645 1777 733 1824 est
755 1770 1036 1824 versionis
1065 1767 1348 1846 Vulgatae
1375 1787 1547 1842 penes
1584 1767 1837 1823 adseclas
1866 1769 2144 1822 ecclesiae

274 1847 580 1908 Romanae.
665 1851 753 1907 Ad
787 1850 956 1926 huJus
997 1854 1152 1908 enim
1193 1871 1424 1908 normae
1454 1851 1737 1925 judicium
1764 1849 2084 1924 disputatur
2110 1869 2146 1905 a

273 1933 557 2011 theologis
584 1937 647 1991 in
677 1933 908 2006 scholis,
939 1937 1230 2011 collegiis,
1261 1935 1610 2005 seminariis,
1641 1933 1968 2003 academiis,
1996 1934 2145 2009 legi-

274 2026 370 2071 tur
393 2021 588 2086 missa,
619 2028 919 2073 cantantur
951 2020 1202 2072 carmina
1230 2034 1420 2087 sacra,
1456 2018 1783 2072 scribuntur
1808 2020 2145 2072 mittuntur-

278 2118 386 2171 que
415 2101 716 2172 epistolae‚
754 2098 982 2169 breves,
1018 2100 1205 2154 bullae
1230 2096 1576 2154 Pontificum
1602 2100 1815 2155 crebris
1843 2101 2144 2175 allegatio-

275 2180 457 2235 nibus.
543 2178 707 2235 Unde
747 2189 905 2235 recte
949 2183 1032 2235 sic
1076 2180 1234 2251 fieri,
1286 2190 1417 2255 apte
1456 2181 1846 2255 contenditur3
1908 2183 2149 2237 exclusa

275 2264 427 2316 enim
456 2264 652 2339 lingua
677 2265 883 2336 patria,
912 2265 1008 2338 qui
1034 2273 1231 2318 vetere
1257 2273 1513 2320 emortua
1543 2273 1814 2336 utuntur,
1856 2264 1946 2319 his
1975 2265 2145 2320 novis

274 2344 567 2400 vocabulis
601 2344 872 2401 utendum
917 2354 1032 2417 est3
1098 2365 1251 2402 nova
1288 2350 1439 2403 enim
1480 2350 1616 2403 vina
1664 2366 1779 2402 non
1824 2348 1940 2402 nisi
1978 2349 2149 2402 novis

274 2427 496 2482 utribus
529 2427 693 2482 condi
717 2438 970 2500 possunt.
1049 2427 1196 2483 Nolo
1224 2439 1435 2501 tamen,
1462 2440 1527 2485 ut
1554 2430 1736 2485 dicam
1761 2429 1910 2504 quod
1937 2430 2149 2499 sentio,

275 2518 545 2583 patronus
579 2510 998 2585 advocatusque
1031 2510 1229 2567 haber-i
1266 2512 1561 2567 barbariae
1596 2511 1998 2583 scholasticae,
2046 2512 2151 2567 sed

277 2595 650 2649 necessitatis.

404 2674 635 2731 Critica
664 2686 852 2731 autem
880 2695 1008 2748 pars
1036 2679 1316 2732 versionis
1346 2681 1425 2733 ita
1456 2686 1779 2749 comparata
1806 2686 1922 2745 est,
1950 2686 2014 2731 ut
2044 2676 2149 2730 du-

276 2757 643 2814 bitationibus
672 2768 730 2814 et
760 2758 993 2832 judiciis
1022 2760 1173 2813 intra
1212 2778 1271 2813 se
1316 2760 1699 2835 pugnantibus
1735 2760 1983 2814 obnoxia
2020 2758 2149 2813 fue-

275 2841 369 2892 rit.
455 2837 634 2895 Nobis
678 2860 792 2895 non
837 2841 1046 2896 licebat
1085 2849 1278 2897 textus
1318 2842 1823 2897 conformationem
1858 2850 2149 2914 receptam

275 2929 496 2974 mutare
523 2922 594 2975 ad
621 2934 877 2979 nostrum
905 2924 1188 2994 codicem,
1226 2932 1283 2978 et
1320 2927 1381 2981 in
1422 2944 1549 2979 eum
1578 2924 1802 2981 modum
1833 2926 2147 2999 corrigere,

275 3013 340 3057 nt
385 3020 531 3058 nova
573 3008 762 3059 versio
809 3026 931 3061 esse
973 3008 1282 3063 videretur.
1370 3006 1485 3063 Sed
1530 3010 1841 3081 adjecimus
1879 3008 2146 3060 criticum

275 3094 635 3160 apparatum,
675 3089 769 3161 qui
807 3087 1129 3145 hominibus
1158 3108 1365 3165 graece
1394 3090 1574 3146 doctis
1602 3092 1897 3144 materiem
1927 3089 2146 3163 disqui-

275 3171 548 3251 titionum
578 3179 635 3223 et
657 3171 1117 3226 emendationum
1144 3173 1416 3247 praebere
1440 3173 1649 3247 possit,
1699 3174 1758 3225 in
1795 3190 2011 3248 graeco
2056 3173 2145 3225 in-

275 3254 473 3324 primis
506 3260 687 3307 textu.
777 3254 963 3317 Quum
997 3256 1136 3309 item
1161 3255 1490 3323 manualis,
1529 3274 1696 3329 quam
1728 3263 1966 3323 vocant,
2001 3252 2147 3307 haec

277 3332 452 3389 editio
477 3334 670 3390 futura
696 3337 803 3405 sit,
831 3336 990 3390 nefas
1018 3354 1140 3390 esse
1167 3337 1461 3405 duximuS,
1490 3355 1524 3391 a
1550 3346 1714 3392 textu
1742 3347 1971 3411 recepto
1989 3376 2006 3399 ,
2050 3338 2148 3409 qui

276 3427 670 3473 sacrosanctus
698 3418 949 3473 creditur
989 3420 1277 3474 nonnullis
1316 3420 1600 3491 coetibus,
1642 3422 1758 3475 ulla
1781 3422 2003 3475 ratione
2030 3417 2147 3473 dis-
