2376 3925
276 155 375 206 1⁰8
912 139 1196 196 Lucas.

1268 135 1438 190 CAP.
1475 137 1527 188 9.

280 207 2187 242 ------————————-—-——----—-—-

280 259 462 304 bantur
500 267 613 301 cum
647 251 756 297 illo.
825 249 991 295 Erant
1020 248 1188 292 autem

283 327 492 383 Moyses
513 323 565 368 et
580 319 742 378 Elias,

352 393 433 437 31.
470 388 569 434 visi
586 387 642 433 in
659 384 923 444 maiestate
936 413 951 442 ,
981 383 1033 428 et
1050 379 1186 426 dice-

283 459 407 507 bant
425 466 692 503 excessum
710 453 849 511 ejus,
876 463 1023 508 quem
1048 459 1188 494 com-

284 526 513 586 pleturus
532 526 643 569 erat
661 521 715 567 in
733 517 1024 566 Ierusalem.

353 594 433 640 32.
468 592 651 637 Petrus
686 601 833 646 vero,
874 587 924 632 et
964 583 1051 640 qui
1078 594 1192 628 cum

286 659 379 707 illo
400 660 573 718 erant,
601 655 800 715 gravati
828 653 975 700 erant
992 659 1191 697 somno.

285 728 355 774 Et
372 725 677 784 evigilantes
695 722 935 769 viderunt
950 717 1192 775 majesta-

284 799 389 842 tem
406 794 517 852 ejus
529 823 545 852 ,
570 795 621 838 et
639 791 766 836 duos
786 787 955 847 viros,
982 784 1069 844 qui
1086 787 1192 831 sta-

286 864 408 909 bant
426 874 539 908 cum
556 858 664 905 illo.

354 929 435 975 33.
468 927 537 972 Et
554 927 739 974 factum
760 925 864 982 cst,
896 935 1009 969 cum
1029 920 1195 966 disce-

290 997 468 1043 derent
486 996 547 1040 ab
566 992 683 1052 illo,
711 991 783 1037 ait
806 992 987 1036 Petrus
1014 988 1079 1034 ad
1104 988 1196 1033 Je-

292 1075 425 1110 sum:
446 1057 768 1120 praeceptor!
798 1061 985 1105 bonum
1005 1057 1081 1102 est
1100 1067 1196 1100 nos

292 1131 375 1178 hic
395 1142 536 1187 esse3
566 1130 617 1174 et
643 1126 884 1173 faciamus
909 1124 1007 1170 tria
1025 1124 1197 1168 taber-

290 1197 490 1254 nacula,
508 1209 667 1242 unum
676 1194 809 1253 Tibi,
821 1194 872 1239 et
882 1205 1037 1238 unum
1046 1192 1197 1249 Moy-

291 1266 355 1325 si,
376 1266 429 1312 et
446 1277 601 1310 unum
617 1262 797 1319 Eliae;
826 1259 1061 1308 nesciens
1081 1256 1201 1316 quid

294 1333 500 1380 diceret.

360 1401 441 1445 34.
475 1399 615 1444 Haec
634 1398 800 1443 autem
818 1395 911 1442 illo
940 1393 1199 1450 loquente,

292 1468 427 1513 facta
458 1469 536 1510 est
570 1466 758 1521 nubes,
797 1464 848 1508 et
884 1458 1204 1508 obumbravit

294 1545 412 1580 eos:
433 1534 484 1578 et
500 1531 793 1589 timuerunt,
814 1527 1117 1574 intrantibus
1136 1524 1202 1570 il-

292 1599 358 1647 lis
378 1599 432 1646 in
450 1601 649 1645 nubem.

363 1668 441 1714 35.
478 1666 546 1713 Et
567 1677 678 1712 vox
704 1665 839 1711 facta
865 1663 944 1708 est
970 1661 1033 1708 de
1050 1663 1203 1718 nube,

298 1735 540 1783 dicen-¹0:
577 1733 672 1781 Hic
692 1735 770 1779 est
784 1730 945 1778 Filius
964 1742 1106 1776 meus
1126 1728 1205 1774 di-

295 1805 473 1863 lectus,
494 1803 657 1861 ipsum
675 1798 865 1847 audite!

366 1873 445 1919 36.
480 1871 550 1916 Et
570 1870 684 1916 dum
702 1871 848 1916 fieret
864 1880 991 1926 vox,
1020 1866 1208 1913 inven-

298 1943 381 1987 tus
412 1940 490 1986 est
513 1939 661 1986 Iesus
692 1938 848 1984 solus.
916 1935 985 1981 Et
1010 1934 1110 1993 ipsi
1127 1935 1208 1980 ta-

302 2008 531 2065 cuerunt,
572 2007 623 2053 et
658 2004 849 2051 nemini
887 2002 1129 2048 dixerunt
1154 2001 1210 2046 in

304 2074 405 2119 illis
460 2073 632 2119 diebus
687 2070 954 2127 quidquam
989 2082 1059 2115 ex
1108 2067 1208 2128 his,

302 2151 430 2197 quae
450 2137 699 2183 viderant.

369 2205 449 2251 37.
482 2204 730 2250 ‘Factum
757 2206 836 2249 est
863 2204 1031 2249 autem
1052 2203 1105 2250 in
1125 2217 1210 2250 se-

303 2271 479 2331 quenti
506 2270 614 2331 die,
657 2270 1077 2318 descendentibus
1108 2270 1210 2317 illis

304 2340 365 2386 de
402 2341 601 2399 monte,
650 2338 873 2387 occurrit
916 2338 1019 2386 illis
1064 2341 1214 2387 turba

304 2408 478 2456 multa.

374 2476 454 2523 38.
488 2476 559 2522 Et
587 2488 705 2523 ecce
732 2474 816 2522 vir
843 2474 904 2521 de
931 2475 1081 2521 turba
1115 2486 1213 2520 ex-

307 2542 559 2605 clamavit,
572 2543 743 2591 dicens
758 2555 769 2589 :
782 2540 1047 2601 Magister!
1062 2543 1213 2589 obse—

308 2626 396 2658 cro
423 2614 502 2673 te,
538 2610 736 2669 respice
766 2609 821 2656 in
846 2610 1003 2657 filium
1028 2623 1213 2669 meum,

308 2680 425 2735 quia
442 2680 622 2727 unicus
644 2680 721 2726 est
739 2676 876 2724 mihi.

376 2746 457 2791 39.
491 2746 562 2793 Et
602 2745 743 2795 ecce!
784 2744 991 2803 spiritus
1028 2756 1214 2800 appre-

310 2810 486 2858 hendit
505 2828 645 2874 eum,
673 2817 724 2862 et
743 2812 907 2861 subito
930 2811 1135 2870 clamat,
1164 2812 1218 2855 et

312 2877 480 2937 elidit,
511 2882 562 2925 et
594 2880 803 2940 dissipat
832 2894 946 2928 eum
964 2893 1075 2925 cum
1094 2892 1214 2936 apua

309 2958 407 3004 ma,
430 2946 481 2991 et
490 2945 583 2992 vix
604 2946 815 2996 discedit
826 2947 1073 2995 dilanians
1086 2959 1216 2993 eum.

356 3082 389 3101 ⁸⁰
408 3072 554 3111 Mum.
580 3077 617 3117 3,
644 3078 704 3112 17.
745 3078 804 3117 12,
830 3080 889 3115 18.
940 3078 1066 3115 Marc.
1093 3080 1130 3119 1,
1157 3078 1216 3112 11.

308 3126 333 3157 2
351 3122 457 3158 Petr.
476 3124 513 3164 1,
532 3122 589 3159 16.
610 3131 697 3168 sqq.
752 3129 781 3147 δ’
796 3132 837 3157 v.
855 3126 1027 3161 37-43.
1066 3122 1216 3162 Matth.

309 3172 370 3211 17,
390 3170 561 3205 14—21.
594 3168 725 3204 Marc.
742 3172 780 3211 9,
801 3172 968 3207 13—28.

1318 243 1401 286 40.
1442 240 1512 285 Et
1527 237 1712 297 rogavi
1730 237 2011 295 discipulos
2029 241 2182 296 tuos,

1256 311 1312 355 ut
1329 308 1578 366 ejicerent
1595 306 1734 352 illum
1749 336 1764 365 ,
1784 307 1835 350 et
1851 317 1962 350 non
1982 308 2184 362 potue-—

1254 377 1390 423 runt.

1323 445 1406 489 41.
1439 441 1775 500 Respondent
1801 442 1970 485 autem
1998 440 2184 500 senua,

1259 511 1412 557 dixit:
1459 511 1500 555 0
1541 507 1808 567 generatio
1845 507 2084 566 infidelis,
2125 511 2191 554 et

1257 575 1523 637 perversa!
1579 588 1840 633 usquequo
1897 587 1986 620 ero
2041 575 2192 632 apud

1259 659 1372 705 vos,
1395 648 1447 692 et
1463 643 1625 702 patiar
1645 656 1740 689 vos
1752 643 1774 687 3
1803 641 1978 688 Adduc
1994 642 2097 689 huc
2115 645 2188 689 fl-

1259 714 1382 760 lium
1403 709 1564 758 tuum!

1326 783 1408 826 42.
1444 779 1512 825 Et
1531 791 1644 825 cum
1663 777 1933 824 accederet
1951 777 2090 824 elisit
2107 777 2185 823 il-

1261 848 1365 894 lum
1385 846 1723 905 daemonium,
1744 845 1796 890 et
1816 844 2099 902 dissipavit.

1328 917 1410 961 43.
1445 914 1513 960 Et
1539 911 1824 971 increpavit
1841 913 1990 958 Jesus
2020 912 2186 970 spiri-

1261 986 1368 1030 tum
1387 981 1718 1039 immundum,
1748 982 1801 1026 et
1829 979 2028 1026 sanavit
2045 992 2188 1038 pue-

1263 1065 1377 1097 rum
1389 1081 1405 1109 ,
1427 1051 1478 1096 et
1495 1048 1712 1095 reddidit
1730 1047 1870 1093 illum
1889 1047 2022 1104 patri
2043 1047 2188 1105 eJua.

1330 1136 1412 1179 44.
1441 1132 1720 1190 Stupebant
1739 1133 1902 1176 autem
1922 1143 2102 1176 omnes
2123 1131 2192 1176 in

1265 1199 1613 1259 magnitudine
1667 1198 1788 1257 Dei3
1845 1196 2192 1254 omnibusque

1264 1268 1564 1316 mirantibus
1584 1267 1638 1312 in
1659 1266 1916 1323 omnibus,
1946 1276 2072 1323 quae
2093 1266 2194 1310 fa·-

1269 1337 1450 1394 ciebat,
1472 1335 1642 1381 dixity
1661 1333 1723 1379 ad
1743 1332 2016 1390 discipulos
2035 1345 2191 1378 suos:

1267 1403 1450 1450 Ponite
1497 1415 1592 1448 vos
1630 1402 1684 1446 in
1720 1400 1953 1448 cordibus
1991 1400 2194 1446 vestris

1259 1483 1531 1518 xsermones
1562 1467 1710 1515 istos!
1737 1467 1894 1513 Filius
1925 1467 2065 1512 enim
2084 1467 2194 1513 ho-

1268 1538 1421 1585 minis
1441 1539 1666 1583 futurum
1684 1536 1783 1594 est,
1805 1536 1858 1580 ut
1873 1533 2110 1580 tradatur
2130 1534 2198 1580 in

1269 1617 1448 1652 manus
1466 1604 1740 1650 hominum.

1338 1676 1421 1719 45.
1456 1674 1524 1718 At
1540 1671 1619 1717 illi
1647 1671 1952 1729 ignorabant
1970 1672 2194 1716 verbum

1273 1742 1433 1800 istud,
1465 1741 1516 1786 et
1545 1740 1657 1786 erat
1675 1737 1896 1785 velatum
1927 1741 2044 1783 ante
2075 1750 2192 1795 eos,

1274 1812 1331 1856 ut
1359 1821 1468 1854 non
1495 1807 1745 1854 sentirent
1771 1805 1918 1852 illud:
1959 1807 2011 1851 et
2034 1803 2192 1851 time-

1273 1879 1396 1924 bant
1441 1890 1555 1923 eum
1599 1873 1924 1932 interrogare
1981 1873 2040 1918 de
2086 1873 2194 1918 hoe

1278 1947 1456 1993 verbo.

1341 2015 1424 2059 46.
1460 2010 1710 2057 ‘Intravit
1737 2012 1906 2057 autem
1942 2008 2190 2067 cogitatio

1277 2080 1333 2126 in
1356 2093 1464 2139 eos,
1486 2079 1598 2137 quis
1619 2090 1796 2124 eorum
1815 2078 1980 2135 major
2002 2080 2156 2122 esset.

1343 2148 1425 2192 47.
1461 2148 1527 2192 At
1553 2147 1703 2192 Iesus
1733 2144 1954 2191 videns⁶
1989 2143 2193 2201 cogita-

1277 2214 1449 2261 tiones
1470 2214 1637 2261 cordis
1658 2212 1880 2271 illorum,
1901 2212 2195 2271 apprehen-

1279 2283 1352 2329 dit
1369 2294 1596 2342 puerum,
1618 2283 1669 2327 et
1689 2280 1864 2327 statuit
1880 2278 2024 2325 illum
2042 2292 2195 2327 secus

1280 2364 1354 2409 se,

1343 2419 1427 2463 48.
1463 2418 1514 2462 et
1559 2415 1630 2463 ait
1675 2414 1805 2461 illis:
1847 2406 2198 2471 Quicumque*

1281 2484 1563 2541 susceperit
1587 2497 1799 2541 puerum
1825 2482 1978 2528 istum
2011 2481 2065 2527 in
2094 2495 2198 2528 no-

1279 2552 1415 2597 mine
1431 2565 1565 2611 meo,
1576 2565 1657 2597 me
1676 2550 1887 2608 recipit;
1903 2553 1955 2596 et
1966 2549 2200 2607 quicum-

1281 2632 1379 2677 que
1414 2632 1494 2665 me
1529 2618 1801 2677 receperit,
1839 2616 2026 2676 recipit
2060 2630 2197 2675 eum,

1282 2686 1369 2743 qui
1387 2701 1466 2732 me
1487 2685 1638 2732 misit.
1675 2686 1804 2731 Nam
1822 2684 1909 2741 qui
1927 2684 2100 2731 minor
2121 2686 2200 2731 est

1282 2754 1417 2800 inter
1435 2766 1531 2801 vos
1553 2766 1748 2813 omnes,
1768 2752 1852 2799 hic
1870 2752 1972 2810 maj
1978 2765 2038 2798 or
2057 2753 2152 2797 est.

1349 2836 1432 2879 49.
1474 2832 1808 2891 Respondeas
1836 2835 2007 2879 autem
2033 2834 2198 2879 Joan-

1284 2915 1378 2948 nes
1388 2932 1404 2961 ,
1426 2899 1582 2947 dixit:
1611 2898 1948 2958 Praeceptor!
1979 2898 2200 2947 vidimus

1329 3037 1352 3066 r
1370 3042 1409 3069 v.
1427 3032 1491 3068 44.
1513 3041 1570 3077 sq.
1606 3027 1755 3067 Matth.
1781 3032 1842 3073 17,
1869 3032 1928 3067 22.
1951 3040 2037 3077 sqq.
2068 3030 2199 3068 Marc.

1281 3082 1320 3120 ⁹1
1341 3080 1510 3115 29—320
1559 3082 1578 3101 ι
1594 3086 1636 3112 v·
1654 3078 1828 3114 ‘w-''sos
1845 3074 2198 3118 Mltffi11821—9·

1283 3125 1408 3160 Marc.
1446 3128 1484 3165 9,
1519 3126 1568 3161 32
1582 3142 1628 3151 --
1645 3126 1707 3161 38.
1785 3128 1807 3149 ⁶
1823 3121 1913 3161 Job.
1951 3126 1998 3167 2,
2033 3125 2097 3159 24.
2140 3135 2199 3170 sq.

1285 3168 1302 3196 ὃ
1320 3169 1468 3208 Msstth·
1488 3173 1548 3212 10,
1566 3173 1629 3207 40-

426 3316 541 3373 Cap.
571 3314 660 3360 IX.
726 3321 795 3359 32.
835 3321 882 3359 et
910 3317 985 3371 qui
1016 3330 1114 3360 cum
1140 3317 1225 3360 illo
1254 3318 1431 3370 gravati
1457 3322 1600 3360 erant.
1669 3321 1738 3360 33.
1770 3317 1944 3360 factum
1973 3324 2046 3362 est
2075 3318 2197 3361 dum.

310 3377 379 3415 34.
408 3374 556 3418 nubis.
613 3376 683 3415 37.
717 3374 913 3415 occurrit
930 3371 1017 3415 illi.

1076 3376 1144 3414 41.
1175 3372 1476 3427 Respondens
1497 3374 1632 3416 Jesus
1654 3372 1776 3417 dixit
1795 3373 1967 3428 (autem
1989 3378 2056 3418 ad
2068 3388 2198 3418 mar·

308 3428 465 3483 ginem
498 3435 567 3472 est
588 3428 732 3472 liter&
758 3426 1065 3482 minusculis„
1098 3427 1208 3472 ibid.
1238 3428 1386 3470 adduc
1411 3426 1556 3471 filium
1580 3434 1720 3472 tuum.
1793 3432 1864 3473 44.
1903 3428 2091 3473 futurus
2111 3440 2194 3475 est.

315 3486 383 3525 ⁴5.
414 3485 691 3538 interrogare
712 3498 827 3527 eum-
