2376 3925
305 180 402 230 318

505 180 730 232 EPIS'I'.
769 180 983 231 PAULI
1017 178 1112 229 AD
1152 176 1676 229 COLOSSENSES.
1716 179 1863 229 CAP.
1886 182 1936 229 1.
1962 184 2013 229 2.

305 284 371 330 sti
406 283 461 328 in
497 296 648 329 carne
687 296 822 340 mea,
857 296 950 340 pro
991 294 1207 339 corpore
1278 294 1368 325 vos
1389 279 2050 338 decipiatu'insublimitate
2072 298 2185 331 ser-

307 352 436 409 ejus,
457 350 588 407 quod
611 351 686 395 est
703 350 952 408 Ecclesia,

374 420 454 463 25.
491 418 632 473 qu'us
660 419 822 463 factus
853 430 962 462 sum
991 429 1086 473 ego
1109 416 1207 460 mi-

308 486 466 531 nister
489 484 762 529 secundum
782 483 1209 541 dispensationem

307 553 448 610 Dei-⁹,
478 564 604 607 quae
635 552 748 597 data
779 554 856 597 est
880 551 1003 595 mihi
1020 551 1074 595 in
1093 563 1207 609 vos,

306 624 360 664 ut
379 618 610 676 impleam
631 621 838 665 verbum
859 618 980 673 Dei3

376 688 455 731 26.
489 686 783 745 mysterium
793 685 825 743 ²,
838 684 969 740 quod
989 685 1206 729 abscon-

309 754 464 799 ditum
473 754 568 799 fuit
579 766 610 799 a
623 752 834 799 saeculis
847 755 897 796 et
914 750 1207 809 generatio-

307 822 479 880 nibus,
501 834 634 867 nunc
654 824 818 865 autem
835 819 1205 865 manifestatum

310 892 387 934 est
405 888 590 934 sanctis
611 887 738 944 ejus,

375 957 454 1000 27.
491 955 665 1011 quibus
699 952 858 999 voluit
884 952 1022 997 Deus
1059 954 1207 997 notas

306 1025 475 1068 facere
495 1021 691 1067 divitias
703 1019 898 1077 gloriae
919 1032 1206 1065 sacramen-

304 1090 345 1134 ti
379 1088 526 1146 hujus
563 1088 617 1133 in
655 1087 922 1145 Gentibus,
961 1085 1094 1143 quod
1131 1090 1209 1131 est

308 1156 534 1201 Christus
555 1155 608 1200 in
627 1154 770 1200 vobis
791 1168 904 1212 spes
926 1154 1138 1212 gloriae,

374 1225 453 1268 28.
507 1236 652 1280 quem
690 1235 786 1267 nos
824 1222 1205 1280 annunciamus,

308 1290 640 1348 corripientes
687 1303 886 1335 omnem
933 1289 1205 1348 hominem,

306 1362 356 1404 et
375 1358 613 1404 docentes
635 1371 832 1403 omnem
853 1356 1132 1413 hominem,
1152 1356 1207 1400 in

307 1426 444 1470 omni
480 1425 752 1481 sapientia3
791 1426 848 1468 ut
883 1422 1205 1469 exhibeamus

306 1506 503 1537 omnem
549 1490 802 1536 hominem
839 1492 1116 1547 perfectum
1151 1488 1205 1533 in

308 1558 506 1603 Christo
529 1559 559 1602 J
563 1570 666 1603 esu.

371 1626 450 1669 29.
487 1626 542 1669 In
572 1637 669 1680 quo
701 1626 752 1669 et
767 1623 974 1682 laboro,
1003 1625 1205 1669 certan-

305 1693 367 1737 do
399 1691 668 1738 secundum
699 1690 1043 1748 operationem
1076 1692 1203 1749 ejus,

305 1772 450 1816 quam
471 1760 708 1817 operatur
724 1760 779 1803 in
798 1772 876 1805 me
897 1759 950 1804 in
971 1758 1153 1804 virtute
1164 1764 1204 1803 1⁴.

577 1884 770 1936 ,CAR
836 1885 902 1933 ll.

307 1986 475 2027 Cavete
494 1997 521 2025 a
551 1985 884 2038 corruptoribus
915 1987 960 2024 et
987 1985 1203 2037 imposto-

303 2042 444 2082 ribus.
503 2040 595 2080 Per
617 2039 844 2082 Christum
865 2039 922 2079 ab
943 2039 1113 2080 infesto
1135 2041 1203 2080 eis

342 2094 638 2148 chirographo
658 2093 840 2135 liberati
863 2097 965 2135 sunt
991 2091 1164 2136 fideles.

371 2189 418 2230 1.
452 2186 586 2231 Volo
608 2185 742 2230 enim
769 2199 864 2230 vos
891 2185 1048 2244 scire,
1079 2199 1202 2242 qua-

302 2254 400 2298 lem
446 2251 818 2298 solicitudinem
862 2253 1072 2297 habeam
1108 2266 1201 2310 pro

302 2319 462 2378 vobis,
485 2322 536 2364 et
554 2331 645 2376 pro
667 2318 729 2363 iis
742 2349 756 2378 ,
779 2319 863 2375 qui
880 2323 998 2364 sunt
1015 2321 1207 2365 Laodi-

304 2387 410 2434 ciae
421 2394 462 2446 ⁹,
477 2389 527 2432 et
537 2386 832 2443 quicumque
850 2399 958 2432 non
970 2387 1205 2433 viderunt

299 2456 481 2501 faciem
499 2467 659 2501 meam
679 2454 731 2499 in
755 2468 934 2511 carne;

368 2525 414 2568 2.
453 2525 506 2569 ut
524 2521 852 2568 consolentur
883 2521 1035 2567 corda
1062 2522 1203 2580 ipso-

298 2604 426 2648 rum,
447 2589 680 2636 instructi
698 2589 752 2634 in
782 2590 1050 2648 charitate,
1082 2592 1132 2635 et
1150 2591 1203 2634 in

301 2670 474 2704 omnes
488 2657 684 2704 divitias
704 2656 1030 2714 plenitudinis
1049 2657 1203 2702 intel-

299 2724 455 2770 lectus
469 2755 482 2782 ,
535 2725 588 2770 in
625 2725 936 2782 agnitionem
975 2723 1205 2782 mysterii

302 2791 400 2835 Dei
417 2791 580 2836 Patris
602 2796 653 2838 et
673 2791 857 2837 Christi
875 2792 905 2835 J
909 2804 1025 2847 esu;

368 2858 414 2901 3.
449 2857 502 2901 in
523 2872 620 2913 quo
641 2861 759 2904 sunt
778 2871 951 2904 omnes
977 2857 1204 2904 thesauri

301 2923 576 2981 sapientiae
590 2927 640 2970 et
651 2927 891 2972 scientiae
905 2925 1200 2970 absconditi.

368 2992 416 3035 4.
451 2991 561 3036 Hoc
587 2993 753 3037 autem
790 2993 920 3051 dico,
961 2995 1015 3037 ut
1051 3005 1199 3038 nemo

347 3094 362 3112 ε
382 3085 473 3122 Act.
501 3088 572 3129 26,
599 3090 656 3122 17.
682 3089 740 3122 18.
787 3087 928 3134 tEph.
955 3092 1002 3130 3,
1029 3091 1066 3126 5.
1091 3093 1129 3126 9.
1177 3095 1201 3113 τι

302 3139 322 3169 1
347 3132 438 3169 cor.
458 3135 517 3175 15,
535 3137 592 3169 10.
641 3139 661 3156 ¹³
681 3131 733 3168 cf.
755 3144 788 3168 c.
807 3138 846 3175 4,
866 3137 921 3170 15.
940 3137 997 3171 16.

1276 360 1493 393 monum.

1343 418 1387 459 5.
1432 415 1559 459 Nam
1606 414 1702 460 etsi
1738 428 1957 473 corpore
1994 422 2187 466 absens

1276 496 1405 539 sum,
1437 482 1525 527 sed
1552 482 1732 539 spiritu
1762 484 2023 531 vobiscum
2042 500 2185 545 sum3

1276 549 1498 607 gaudens
1514 580 1527 607 ‚
1556 552 1607 594 et
1634 549 1812 595 videns
1834 551 2071 599 ordinem
2090 568 2185 601 ve-

1276 619 1450 674 strum,
1464 618 1515 661 et
1532 617 1896 663 firmamentum
1909 620 2038 679 ejus,
2054 635 2185 677 quae

1276 684 1327 729 in
1349 684 1549 728 Christo
1570 686 1663 741 est,
1684 683 1801 729 fidei
1820 689 2039 733 vestrae.

1342 752 1388 795 6.
1427 751 1567 796 Sicut
1586 764 1708 809 ergo
1728 754 1998 810 accepistis
2009 756 2039 799 J
2044 769 2183 801 esum

1277 818 1529 863 Christum
1546 818 1841 878 Dominum,
1863 820 1919 865 in
1937 822 2054 879 ipso
2076 836 2183 869 am-

1250 947 1257 951 ·
1277 884 1461 944 bulate,

1343 954 1389 995 7.
1434 952 1644 998 radicati
1691 955 1742 997 et
1778 956 2184 1010 superaedificati

1276 1019 1487 1077 inipso,
1517 1023 1569 1065 et
1598 1022 1875 1065 confirmati
1894 1022 2012 1079 fide,
2046 1025 2185 1070 sicut

1276 1089 1327 1132 et
1364 1086 1623 1145 didicistis,
1662 1088 1967 1134 abundantes
1997 1090 2051 1135 in
2084 1092 2182 1137 illo

1276 1154 1329 1199 in
1350 1154 1623 1211 gratiarum
1642 1154 1857 1201 actione.

1342 1223 1389 1267 8.
1422 1220 1623 1267 Videte!
1661 1235 1727 1267 ne
1764 1223 1875 1278 quis
1910 1236 1996 1268 vos
2032 1225 2177 1271 deci-

1277 1288 1379 1346 piat
1398 1302 1487 1345 per
1507 1287 1893 1348 philosophiam,
1907 1294 1955 1335 et
1972 1292 2177 1337 inanem

1276 1355 1541 1413 fallaciam,
1558 1356 1830 1401 secundum
1850 1358 2177 1405 traditionem

1276 1423 1558 1481 hominum,
1606 1424 1877 1469 secundum
1928 1425 2178 1473 elementa

1272 1490 1496 1550 mundi-⁹,
1526 1493 1577 1537 et
1602 1503 1709 1536 non
1736 1492 2009 1537 secundum
2028 1494 2175 1539 Chri-

1274 1561 1418 1602 stum.

1342 1628 1388 1669 9.
1411 1623 1541 1677 Quia
1552 1624 1605 1669 in
1624 1624 1735 1680 ipso
1756 1624 2003 1671 inhabitat
2016 1629 2174 1673 omnis

1273 1691 1533 1749 plenitudo
1573 1690 1846 1737 divinitatis
1896 1696 2173 1751 corporali-

1272 1762 1351 1805 ter
1364 1765 1391 1801 ,7
1409 1772 1423 1816 3

1341 1827 1421 1871 10.
1458 1827 1510 1870 et
1527 1824 1645 1870 estis
1665 1824 1720 1869 in
1737 1824 1828 1871 illo
1849 1827 2173 1887 repleti⁸,qui

1274 1896 1351 1939 est
1380 1892 1563 1951 caputa
1596 1892 1759 1938 omnis
1787 1894 2097 1953 principatus
2128 1899 2173 1941 et

1272 1962 1561 2020 potestatis3

1339 2031 1419 2073 11.
1456 2029 1509 2074 in
1530 2041 1629 2086 quo
1651 2030 1703 2074 et
1721 2024 2039 2076 circumcisib
2059 2032 2170 2076 estis

1272 2095 1656 2142 circumcisione
1678 2108 1784 2140 non
1803 2109 1955 2142 manu
1975 2100 2106 2144 facta
2124 2099 2169 2142 in

1272 2163 1643 2219 exspoliatione
1696 2165 1929 2219 corporis
1994 2166 2170 2221 carnis,

1272 2231 1359 2276 sed
1379 2231 1433 2276 in
1454 2229 1837 2277 circumcisione
1858 2231 2046 2277 Christi
2057 2240 2092 2290 ⁶,

1338 2299 1419 2342 12.
1440 2297 1725 2354 consepulti
1736 2297 1783 2342 ei
1802 2297 1855 2341 in
1878 2292 2169 2355 baptismod‚

1272 2363 1322 2408 in
1346 2377 1444 2420 quo
1466 2368 1517 2410 et
1544 2363 1901 2410 resurrexistis
1922 2379 2014 2423 per
2034 2367 2170 2412 fidem

1274 2432 1585 2488 operationis
1596 2432 1708 2490 Dei,
1730 2432 1815 2488 qui
1835 2432 2095 2479 suscitavit
2110 2434 2168 2479 il-

1272 2498 1374 2543 lum
1393 2511 1424 2543 a
1440 2499 1669 2545 mortuis.

1339 2566 1419 2610 13.
1454 2567 1525 2611 Et
1541 2579 1651 2625 vos,
1666 2579 1776 2612 cum
1792 2568 1982 2612 mortui
2000 2569 2169 2614 essetis

1272 2632 1327 2677 in
1356 2632 1551 2679 delictis
1563 2638 1599 2692 θ,
1628 2637 1679 2680 et
1709 2635 1973 2690 praeputio
2012 2637 2168 2681 caruis

1274 2701 1499 2759 vestrae,
1532 2701 1909 2747 convivificavit
1937 2716 2049 2748 cum
2066 2703 2167 2758 illo,

1272 2767 1465 2813 donans
1486 2768 1629 2813 vobis
1654 2768 1823 2812 omnia
1844 2769 2050 2826 delicta;

1339 2835 1417 2878 14.
1450 2828 1642 2892 delens,
1666 2835 1799 2891 quod
1819 2836 2063 2882 adversus
2080 2849 2167 2881 nos

1272 2904 1382 2947 erat
1400 2900 1788 2960 chirographum
1810 2903 2018 2962 decreti,
2044 2904 2169 2960 quod

1314 3003 1347 3022 ιν
1368 2995 1418 3032 Cf·
1438 3008 1478 3031 vo
1497 3001 1555 3034 23.
1604 3003 1631 3021 x
1651 2997 1739 3033 Gal·
1757 3000 1805 3040 4,
1825 3002 1862 3035 3·
1880 3003 1918 3036 9·
1937 3004 1996 3035 10·
2042 3007 2065 3033 J
2085 2997 2166 3033 (⁸0¹.

1268 3047 1311 3086 1,
1331 3046 1385 3080 15.
1404 3042 1496 3079 Joh.
1524 3046 1595 3086 14,
1616 3047 1652 3080 9.
1700 3051 1719 3067 ⁸
1735 3043 1823 3081 Joh.
1851 3049 1897 3086 1,
1924 3049 1981 3082 16.
2028 3053 2049 3070 ⁸
2064 3043 2167 3092 Eph.

1267 3093 1311 3131 1,
1330 3093 1389 3124 21.
1437 3088 1589 3124 bRom.
1609 3094 1652 3132 2,
1678 3092 1739 3127 28.
1764 3094 1822 3127 29.
1873 3091 2012 3138 ‘Epis
2038 3096 2083 3130 5.
2110 3094 2167 3126 26-

1266 3138 1325 3172 27.
1374 3134 1395 3161 ⁶1
1412 3134 1526 3172 Rom.
1544 3139 1583 3178 6,
1603 3140 1638 3173 3.
1660 3147 1747 3183 sqq.
1796 3144 1813 3162 θ
1830 3136 1935 3184 Eph.
1953 3141 1989 3180 2,
2010 3143 2043 3175 1.

417 3280 528 3334 Cap.
558 3279 619 3321 ΙΙ.
681 3283 718 3321 1.
750 3283 798 3320 et
817 3293 898 3334 pro
920 3280 990 3323 his
1011 3285 1085 3336 qui
1105 3287 1211 3325 sunt
1229 3282 1491 3326 Laudiciae.
1548 3288 1591 3326 2.
1618 3285 1666 3326 in
1680 3286 1937 3337 agnition03
1957 3285 2060 3328 ibid.
2080 3285 2165 3325 Pa-

301 3338 382 3377 tris
414 3337 584 3377 Christi
613 3335 722 3376 Jesu
755 3335 896 3388 (deest
921 3338 1005 3390 et).
1064 3343 1106 3380 4.
1137 3340 1184 3380 in
1214 3339 1469 3393 suptilitate
1501 3340 1623 3394 (sic).
1688 3344 1727 3382 6.
1764 3340 1990 3383 Christum
2018 3341 2167 3383 Jesum

300 3391 554 3432 Dominum.
613 3394 654 3432 7.
685 3389 966 3433 abundantes
991 3393 1040 3432 in
1068 3395 1311 3444 gratiarum
1338 3396 1515 3436 actione
1544 3396 1750 3448 (deestin
1769 3395 1892 3449 illo).

1950 3401 1991 3439 8.
2026 3395 2167 3451 philo—

301 3447 468 3486 sofiam.
527 3450 592 3487 11.
624 3442 961 3498 expoliatione3
991 3446 1097 3491 ibid.
1127 3450 1174 3490 in
1200 3451 1537 3493 circumcisione
1571 3450 1739 3493 Christi
1764 3453 1910 3506 (deest
1927 3452 2043 3505 sed).
2103 3455 2163 3491 14.

301 3499 533 3541 adversum
553 3513 656 3548 nos3
677 3499 784 3542 ibid.
811 3498 1111 3552 chirografum
1133 3503 1343 3546 decretis.
