2376 3925
806 140 1089 192 LUCAS.

186 244 334 290 omni
350 244 559 290 habenti
574 244 789 302 dabitur,
806 245 857 290 et
874 244 1098 290 abunda-

186 311 293 368 bit;
322 313 383 357 ab
402 324 466 356 eo
488 311 682 370 autem,
704 311 912 367 quinon
928 312 1096 370 habet,

190 383 245 424 et
265 378 399 435 quod
417 379 587 437 habet,
608 380 865 425 auferetur
884 381 945 425 ab
966 391 1047 424 eo.

254 464 337 507 27.
357 463 718 507 Verumtamen
736 462 969 508 inimicos
988 475 1097 508 me-

188 541 247 575 os
266 528 406 587 illos,
421 529 509 585 qui
525 529 799 574 noluerunt
812 542 891 575 me
911 543 1098 587 regna-

185 609 243 642 re
266 609 422 653 super
444 609 516 654 se,
540 595 765 642 adducite
784 596 909 654 huc3
940 601 990 644 et
1015 597 1097 642 in-

185 664 406 710 terficite
428 667 546 708 ante
564 678 658 709 me.

254 733 338 776 28.
374 731 446 776 Et
461 730 539 776 lu's
560 731 733 790 dictis,
768 732 1101 789 praecedebat

187 797 470 844 ascendens
491 795 873 857 lerosolymam.

263 880 343 924 29.
376 870 479 922 ⁶Et
512 879 701 924 factum
738 881 831 938 est,
872 893 981 925 cum
1008 892 1099 936 ap-

193 945 585 1004 propinquasset
623 945 688 990 ad
721 945 1014 1004 Bethphage
1053 948 1103 992 et

191 1013 487 1058 Bethaniam
497 1020 535 1071 0,
556 1012 621 1058 ad
637 1016 879 1073 montem,
902 1014 987 1070 qui
1008 1026 1101 1058 vo-

193 1082 339 1126 catur
358 1079 561 1140 Oliveti,
574 1080 713 1126 misit
733 1080 858 1126 duos
881 1079 1100 1138 discipu-

190 1147 275 1192 los
295 1160 433 1206 suos,

260 1216 342 1260 3⁰.
380 1214 578 1260 dicens:
615 1216 691 1260 Ite
730 1213 785 1259 in
823 1213 1100 1273 castellum,

191 1281 330 1340 quod
359 1284 537 1327 contra
564 1280 660 1327 est!
689 1281 743 1326 in
774 1282 908 1338 quod
935 1282 1102 1328 intro-

192 1350 395 1407 euntes,
416 1348 685 1395 invenietis
717 1348 909 1407 pullum
929 1349 1102 1394 asinae

192 1415 473 1475 alligatum,
487 1416 568 1462 cui
585 1429 735 1462 nemo
757 1430 987 1473 umquam
1005 1416 1102 1461 ho-

188 1481 388 1530 minum
424 1483 577 1542 sedit3
626 1483 810 1530 solvite
847 1483 1015 1543 illum,
1054 1485 1105 1529 et

189 1548 447 1596 adducite!

264 1618 345 1663 31.
381 1616 451 1662 Et
477 1617 523 1663 si
550 1616 661 1674 quis
690 1629 784 1663 vos
812 1617 1103 1674 interroga-

193 1685 353 1730 verit:
376 1684 546 1737 Quare
567 1682 801 1729 solvitisz
835 1685 907 1730 sic
929 1684 1104 1729 dicetis

193 1752 267 1798 ei:
308 1751 444 1804 Quia
469 1750 720 1795 Dominus
753 1763 957 1807 operam
996 1751 1105 1808 ejus

194 1819 470 1865 desiderat.

262 1888 344 1932 32.
379 1883 633 1932 Abierant
650 1883 841 1944 autem,
863 1884 950 1940 qui
967 1882 1108 1930 missi

195 1955 369 2012 erant3
394 1954 445 1999 et
462 1952 798 2012 invenerunt,
829 1951 961 1999 sicut
980 1951 1109 2000 dixit

190 2023 313 2082 illis,
336 2022 550 2067 stantem
572 2019 779 2077 pullum.

260 2091 343 2135 33.
399 2088 724 2135 solventibus
778 2088 946 2134 autem
1002 2086 1105 2134 illis

192 2157 386 2214 pullum
399 2187 413 2214 ,
435 2156 675 2201 dixerunt
694 2154 884 2200 domini
904 2156 1013 2213 eJus
1044 2155 1106 2201 ad

196 2224 345 2269 illos:
370 2222 501 2276 Quid
520 2222 719 2268 solvitis
739 2222 963 2279 pullum?

269 2306 351 2349 34.
384 2305 450 2350 At
467 2303 545 2349 illi
563 2302 827 2349 dixerunt:
847 2302 978 2356 Quia
995 2302 1104 2348 Do-

196 2372 365 2417 minus
385 2385 499 2417 eum
515 2370 861 2417 necessarium
879 2370 1044 2416 habet.

266 2454 347 2497 35.
382 2450 451 2496 Et
479 2450 735 2497 duxerunt
764 2449 906 2496 illum
934 2449 997 2495 ad
1014 2450 1102 2495 Je-

198 2534 326 2565 sum.
400 2518 469 2563 Et
507 2518 761 2575 jactantes
808 2517 1107 2563 vestimenta

196 2601 293 2633 sua
320 2597 474 2643 supra
500 2584 719 2645 pullum,
757 2585 1108 2642 imposuerunt

194 2656 389 2699 Iesum.

270 2728 352 2772 36.
386 2726 551 2774 Eunte
572 2729 740 2774 autem
756 2726 1105 2785 illo,subster-

194 2795 391 2842 nebant
412 2794 706 2841 vestimenta
726 2807 817 2840 sua
834 2794 889 2839 in
908 2793 1003 2839 via.

264 2876 347 2921 37.
394 2874 462 2920 Et
514 2888 626 2921 cum
680 2872 1109 2930 appropinquaret

192 2944 295 3001 jam
315 2942 378 2989 ad
401 2941 694 2988 descensum
725 2939 910 2985 montis
932 2939 1105 2984 Olive-

195 3011 252 3068 ti,
292 3010 575 3066 coeperunt
611 3019 786 3053 omnes
814 3008 991 3052 turbae
1029 3004 1105 3051 di-

200 3076 515 3135 scipulorum
568 3074 847 3133 gaudentes
898 3072 1107 3119 laudare

242 3172 259 3199 ὅ
276 3184 315 3209 v.
334 3174 511 3209 29—44.
542 3169 690 3207 Manna.
716 3174 778 3212 21,
806 3174 949 3207 1—11.
980 3168 1105 3205 Marc.

196 3223 255 3261 11,
274 3223 422 3255 1—10.
455 3216 544 3254 Joh.
559 3222 619 3260 12,
638 3218 803 3254 ιιι-15.
850 3223 867 3243 ⁰
882 3214 971 3253 Joh.
990 3220 1051 3257 12,
1070 3220 1106 3250 1.

1164 142 1208 191 C
1221 141 1334 192 ΛΡ.
1375 142 1456 194 19.
1971 149 2074 200 129

1166 244 1331 290 Deum
1355 258 1484 292 voce
1513 261 1697 306 magna
1727 262 1877 307 super
1907 251 2072 297 omni-

1166 313 1276 370 bus,
1299 325 1420 369 quas
1443 313 1686 375 viderant,
1711 316 1995 377 virtutibus,

1237 393 1316 437 38.
1355 392 1606 440 dicentes:
1635 395 1962 456 Benedictus,
1986 399 2074 455 qui

1168 459 1310 504 venit
1353 459 1464 506 Rex
1507 461 1562 506 in
1605 464 1808 509 nomine
1843 464 2071 510 Domini!

1166 538 1269 584 pax
1288 526 1341 571 in
1362 528 1536 588 coelo,
1566 531 1619 573 et
1646 529 1810 586 gloria
1828 531 1881 576 in
1899 532 2072 578 excel-

1168 592 1260 640 sis!

1236 662 1316 707 39.
1351 661 1421 706 Et
1457 661 1658 718 quidam
1685 662 2075 711 Pharisaeorum

1170 727 1231 774 de
1249 729 1427 787 turbis,
1448 728 1687 775 dixerunt
1705 729 1767 774 ad
1787 730 2073 778 illumea-

1169 795 1348 854 gister!
1370 797 1578 854 increpa
1598 797 1871 855 discipulos
1891 802 2024 844 tuos.

1235 865 1316 908 40.
1355 863 1544 915 Quibus
1572 863 1682 922 ipse
1709 865 1802 910 ait:
1830 865 1958 911 Dico
1982 878 2077 912 vo-

1169 930 1272 987 bis,
1296 930 1411 986 quia
1430 931 1476 976 si
1492 930 1547 977 hi
1573 932 1852 991 tacuerint,
1883 932 2077 991 lapides

1172 997 1473 1043 clamabunt.

1236 1066 1317 1108 41.
1353 1063 1422 1109 Et
1447 1066 1505 1110 ut
1532 1065 1976 1126 appropinquavit,
1998 1069 2078 1114 vi-

1171 1130 1294 1176 dens
1335 1131 1608 1192 civitatem,
1647 1134 1789 1180 flevit
1821 1147 1975 1193 super
2013 1135 2079 1180 il-

1170 1198 1287 1254 lam,
1310 1197 1510 1244 dicens:

1237 1266 1320 1308 42.
1358 1264 1489 1317 Quia
1516 1265 1562 1311 si
1587 1268 1918 1324 cognovisses
1940 1270 1990 1315 et
2006 1273 2080 1328 tu,

1172 1333 1225 1377 et
1242 1331 1442 1389 quidem
1459 1332 1514 1376 in
1533 1332 1626 1379 hac
1647 1334 1726 1380 die
1746 1335 1849 1393 tua,
1871 1349 1998 1392 quae
2019 1336 2082 1381 ad

1170 1412 1347 1457 pacem
1363 1396 1470 1445 tibi!
1506 1413 1640 1446 nunc
1670 1403 1837 1447 autem
1865 1404 2081 1450 abscon-

1173 1467 1276 1512 dita
1295 1469 1413 1512 sunt
1431 1467 1492 1512 ab
1513 1467 1674 1513 oculis
1694 1469 1812 1514 tuis.

1237 1535 1320 1578 43.
1359 1533 1490 1586 Quia
1527 1535 1736 1581 venient
1774 1535 1971 1582 diesin
1998 1539 2080 1593 te;

1174 1602 1226 1646 et
1263 1601 1640 1647 circumdabunt
1673 1605 1725 1648 te
1771 1602 1963 1650 inimici
2006 1605 2082 1650 tui

1173 1667 1330 1726 vallo,
1352 1670 1404 1713 et
1423 1667 1802 1715 circumdabunt
1817 1672 1869 1715 te
1883 1701 1897 1728 ,
1920 1673 1971 1716 et
1991 1684 2080 1716 co-

1174 1736 1516 1791 angustabunt
1533 1737 1583 1780 te
1603 1734 1851 1793 undique,-

1241 1817 1324 1861 44.
1361 1818 1412 1862 et
1440 1817 1502 1862 ad
1540 1819 1728 1864 terram
1755 1822 2084 1874 prosternent

1174 1884 1253 1943 te,
1283 1885 1336 1928 et
1361 1883 1492 1929 filios
1518 1886 1652 1942 tuos,
1691 1885 1846 1940 quiin
1865 1888 1916 1931 te
1937 1890 2080 1945 sunt3

1175 1953 1227 1998 et
1253 1965 1360 1997 non
1387 1950 1678 2009 relinquent
1705 1950 1760 1998 in
1787 1954 1837 1999 te
1866 1953 2081 2011 lapidem

1174 2033 1328 2078 super
1345 2019 1562 2077 lapidem
1577 2050 1591 2078 ,
1620 2033 1682 2065 eo
1713 2020 1845 2076 quod
1864 2034 1971 2067 non
1992 2036 2080 2070 co-

1173 2101 1275 2146 gno
1281 2087 1416 2133 veris
1428 2088 1622 2145 tempus
1631 2087 1937 2135 visitationis
1948 2091 2079 2135 tuae.

1237 2174 1319 2217 45.
1355 2164 1385 2201 ἆ
1391 2171 1460 2217 Et
1476 2171 1736 2230 ingressus
1755 2173 1810 2218 in
1823 2174 2080 2233 templum,

1173 2238 1346 2297 coepit
1373 2239 1559 2296 ejicere
1591 2241 1866 2289 vendentes
1894 2242 1948 2287 in
1970 2242 2080 2300 illo,

1174 2309 1226 2352 et
1244 2308 1486 2365 ementes,

1239 2375 1321 2418 46.
1359 2374 1530 2420 dicens
1549 2374 1678 2420 illis:
1709 2374 1958 2432 Scriptum
1980 2379 2078 2419 est:

1175 2440 1346 2498 „Quia
1361 2440 1536 2486 domus
1555 2456 1669 2487 mea
1689 2441 1864 2486 domus
1885 2442 2080 2486 oratio-

1174 2508 1291 2564 „nis
1314 2506 1454 2563 est;“
1467 2513 1486 2535 ⁶
1509 2521 1598 2553 vos
1619 2510 1785 2553 autem
1805 2508 1996 2553 fecistis
2016 2508 2079 2553 il-

1174 2574 1273 2618 lam
1295 2574 1585 2631 speluncam
1604 2572 1880 2620 latronum!

1241 2658 1323 2703 47.
1359 2656 1428 2703 Et
1446 2659 1557 2703 erat
1576 2656 1764 2703 docens
1785 2656 2010 2711 quotidie
2027 2659 2081 2705 in

1171 2724 1379 2782 templo.
1446 2724 1710 2780 Principes
1721 2724 1888 2768 autem
1901 2725 2080 2771 Sacer-

1175 2792 1376 2850 dotum,
1407 2793 1458 2835 et
1487 2790 1720 2846 Scribae,
1752 2790 1802 2834 et
1827 2791 2081 2851 principes

1173 2858 1336 2916 plebis
1351 2858 1658 2913 quaerebant
1678 2854 1818 2902 illum
1839 2859 2080 2917 perdere-3

1241 2926 1324 2969 48.
1362 2924 1414 2968 et
1448 2935 1554 2967 non
1583 2921 1926 2986 inveniebant,
1965 2928 2083 2984 quid

1174 2990 1406 3038 facerent
1424 2988 1526 3047 illi3
1542 2990 1703 3036 omnis
1715 2992 1847 3038 enim
1867 2994 2083 3052 populus

1174 3069 1448 3115 suspensus
1470 3059 1594 3117 erat,
1614 3058 1822 3105 audiens
1844 3061 1998 3107 illum.

1221 3164 1244 3193 ἅ
1260 3176 1300 3201 v.
1317 3166 1494 3203 45-4-8.
1525 3165 1671 3204 Matth.
1688 3170 1750 3211 21,
1771 3170 1938 3205 12—15.
1956 3166 2083 3205 Mun.

1174 3218 1236 3257 11,
1254 3215 1423 3250 15—18.
1471 3218 1490 3240 θ
1506 3212 1586 3249 Jes.
1605 3216 1666 3257 56,
1685 3218 1720 3251 7.
1751 3213 1830 3249 Jer.
1851 3218 1887 3255 7,
1909 3218 1964 3251 11.

312 3366 429 3419 Cap.
464 3362 603 3405 XJX.
677 3367 747 3406 26.
782 3363 938 3407 Omiss-
970 3369 1019 3407 et
1046 3362 1312 3404 abundabit.
1379 3364 1448 3403 28.
1493 3360 1823 3413 Hierosolyma.
1891 3362 1959 3402 29.
2000 3360 2087 3403 Be-

201 3421 369 3464 thania.
430 3425 501 3463 31.
534 3432 673 3473 opera
691 3420 805 3473 ejus.
864 3423 933 3462 37.
964 3432 1117 3469 omnes
1134 3418 1295 3460 turbae
1318 3416 1680 3460 descendentium
1696 3415 1800 3469 (sic)
1824 3416 2085 3465 gaudentes.

201 3481 269 3519 44.
300 3478 357 3519 sd
379 3483 552 3519 ten-am
573 3476 741 3530 (omiss.
764 3476 832 3531 et)
849 3490 862 3525 ς
882 3474 990 3519 ibid.
1012 3481 1060 3519 et
1079 3472 1200 3518 filios
1219 3474 1294 3526 qui
1315 3473 1364 3514 in
1383 3477 1430 3515 te
1450 3478 1565 3515 sunt.
