2376 3925
306 185 404 235 290
507 176 734 229 EPIST.
773 167 984 221 PAULI
1022 163 1116 214 AD
1157 153 1601 211 CORINTHIOS
1638 149 1703 200 n.
1743 147 1894 199 CAP.
1918 145 1967 194 8.
1992 151 2044 195 9.

307 300 404 332 nos
428 281 678 338 vituperet
695 277 748 321 in
766 275 861 318 hac
882 265 1212 328 plenitudine,

309 367 436 410 quae
454 347 766 395 ministratur
785 354 815 386 a
833 337 996 384 nobis.

381 421 460 463 21.
496 411 826 460 Providemus
895 404 1028 452 enim
1083 403 1217 446 bona

311 500 414 532 non
437 483 599 529 solum
619 489 791 525 coram
809 474 938 530 Deo,
961 468 1048 516 sed
1067 467 1217 512 etiam

315 565 486 598 coram
502 545 804 594 hominibus.

381 620 460 662 22.
498 614 727 662 Misimus
765 611 928 654 autem
969 614 1080 648 cum
1115 597 1219 643 illis

315 691 366 732 et
402 687 610 730 fratrem
639 681 893 730 nostrum,
924 682 1070 726 quem
1097 677 1219 722 pro-

317 753 542 800 bavimus
569 749 622 794 in
650 743 816 790 multis
857 751 1006 794 saepe
1045 731 1221 780 solici-

317 828 422 868 tum
441 831 581 872 esse3
613 826 745 858 nunc
773 812 938 853 autem
957 801 1112 848 multo
1135 811 1222 844 so-

317 887 604 940 licitiorem,
644 873 946 925 confidentia
980 869 1134 915 multa
1171 866 1225 910 in

321 969 431 1011 vos,

389 1021 466 1065 23.
505 1017 610 1062 sive
637 1023 731 1070 pro
753 1009 898 1062 Tito,
931 1004 1014 1062 qui
1045 1005 1121 1048 est
1139 1013 1225 1044 so-

326 1089 430 1134 cius
449 1095 609 1140 meus,
631 1080 752 1126 etin
775 1088 865 1120 vos
885 1073 1105 1130 adjutor,
1119 1067 1227 1112 sive

326 1157 508 1200 fratres
529 1147 710 1204 nostri,
732 1141 952 1201 apostoli
969 1135 1228 1183 Ecclesia-

325 1235 436 1268 rum
446 1226 494 1277 P,
516 1216 680 1275 gloria
700 1211 902 1257 Christi.

395 1291 474 1332 24.
517 1281 872 1330 ostensionem
915 1286 1038 1331 ergo
1054 1303 1068 1330 ,
1105 1281 1232 1327 quae

331 1361 408 1402 est
428 1351 683 1401 charitatis
705 1351 902 1392 vestrae
919 1375 931 1399 ,
958 1346 1008 1386 et
1027 1341 1232 1384 nostrae

333 1423 526 1481 gloriae
548 1431 638 1476 pro
663 1415 824 1465 vobis,
847 1413 901 1456 in
921 1410 1036 1455 illos
1059 1408 1233 1451 osten-

335 1491 433 1534 dite
455 1489 508 1532 in
528 1486 707 1531 faciem
730 1477 1083 1526 Ecclesiarum.

632 1626 799 1679 CAP.
862 1623 952 1672 lx.

340 1737 561 1779 Hortatur
600 1729 657 1771 ad
695 1726 1024 1774 eleemosynam
1066 1718 1155 1760 cito
1196 1721 1241 1755 et

341 1796 515 1849 promto
531 1788 678 1829 animo
690 1782 896 1824 dandam.
939 1775 1085 1828 Hujus
1105 1775 1239 1815 bene-

369 1847 573 1890 ficentiae
591 1843 665 1896 qui
685 1841 776 1882 sint
795 1839 980 1881 fructus,
1003 1828 1215 1873 ostendit.

413 1945 456 1988 1.
495 1941 619 1985 Nam
640 1937 699 1982 de
721 1929 1019 1985 ministerio,
1041 1921 1175 1982 quod
1194 1921 1247 1966 fit

344 2014 395 2057 in
418 2011 636 2062 sanctos,
659 2017 724 2048 ex
744 1995 1014 2045 abundanti
1035 1995 1110 2037 est
1127 1989 1247 2035 mihi

347 2078 567 2123 scribere
589 2070 758 2123 vobis;

415 2144 460 2185 2.
498 2139 603 2183 scio
645 2135 776 2180 enim
815 2129 1096 2186 promptum
1135 2122 1247 2167 ani-

348 2221 480 2253 mum
500 2206 749 2257 vestrum,
782 2209 874 2253 pro
903 2205 1002 2249 quo
1025 2191 1084 2235 de
1108 2190 1249 2233 vobis

351 2273 547 2333 glorior
558 2269 686 2326 apud
698 2262 1049 2310 Macedones‘l.
1075 2258 1250 2309 Quon-

353 2345 451 2388 iam
472 2342 521 2385 et
541 2335 727 2383 Achaia
747 2332 921 2390 parata
941 2328 1017 2371 est
1037 2328 1096 2370 ab
1117 2337 1251 2368 anno

353 2406 647 2469 praeterito,
689 2404 738 2447 et
777 2400 946 2444 vestra
983 2391 1252 2439 aemulatio

352 2473 651 2538 provocavit
669 2466 929 2527 plurimos.

422 2547 467 2590 3.
505 2541 623 2588 Misi
659 2540 824 2582 autem
860 2533 1068 2586 fratres,
1108 2529 1166 2571 ut
1194 2538 1257 2569 ne

356 2612 489 2669 quod
529 2606 803 2668 gloriamur
834 2601 894 2645 de
932 2596 1103 2653 vobis,
1136 2606 1257 2639 eva-

357 2683 533 2725 cuetur
553 2678 604 2723 in
625 2676 716 2721 hac
737 2671 902 2728 parte,
923 2666 980 2710 ut
997 2659 1259 2721 (quemad-

357 2748 555 2791 modum
576 2740 707 2800 dixi)
730 2734 892 2796 parati
912 2731 1049 2786 sitis;

425 2816 470 2856 4.
509 2826 571 2857 ne
603 2824 712 2856 cum
750 2801 982 2852 venerint
1019 2794 1260 2841 Macedo-

360 2894 450 2925 nes
487 2890 710 2932 mecum,
751 2878 801 2919 et
841 2865 1131 2917 invenerint
1167 2873 1261 2905 vos

361 2946 659 3002 imparatos,
689 2943 1038 2985 erubescamus
1068 2942 1162 2975 nos
1185 2927 1263 2984 (ut

361 3026 467 3059 non
504 3008 724 3053 dicamus
766 3004 884 3061 vos)
923 3003 978 3046 in
1012 2999 1104 3044 hac
1143 2996 1261 3041 sub-

363 3077 561 3127 stantia.

409 3198 428 3221 P
452 3193 470 3223 l
493 3186 578 3221 cor.
601 3186 657 3222 16,
676 3184 711 3217 3.
759 3186 775 3212 ⁴2
797 3192 830 3212 c.
850 3181 885 3218 8,
904 3180 939 3211 2.

480 3334 592 3386 Cap.
621 3326 751 3369 VIII.
824 3328 890 3365 22.
922 3322 1209 3376 prohabimus
1249 3316 1297 3368 (b

803 3383 843 3419 2.
876 3377 1082 3429 quoniam
1112 3373 1290 3424 Achaja
1325 3372 1467 3422 (deest
1498 3369 1581 3420 et)-

769 3437 809 3476 6.
854 3432 988 3473 Deest
1016 3431 1114 3470 dico
1145 3430 1255 3483 (per
1283 3424 1553 3467 oscitantem
1581 3417 1858 3472 librar-ium).

369 3394 504 3433 facie·
638 3380 726 3425 IX.

375 3453 414 3487 5.
446 3458 532 3485 non
554 3441 695 3495 quasi.

378 3514 472 3541 suo·
531 3502 570 3539 9.
602 3498 647 3537 in
667 3497 909 3535 aeternum.

1350 263 1398 304 5.
1434 253 1784 302 Necessarium
1830 262 1959 306 ergo
2010 247 2199 294 existi-

1282 325 1415 372 mavi
1451 334 1638 380 rogare
1675 320 1887 374 fratres,
1937 317 1995 360 ut
2039 327 2197 371 prae-

1285 392 1492 439 veniant
1527 388 1591 433 ad
1630 399 1749 443 vos,
1798 387 1848 429 et
1884 383 2199 439 praeparent

1284 456 1638 517 repromissam
1649 450 2051 499 benedictionem
2060 448 2196 492 hanc

1286 527 1511 586 paratam
1540 535 1678 579 esse,
1708 520 1782 565 sic
1812 517 1956 574 quasi
1984 515 2196 561 benedi-

1288 595 1533 648 ctionem,
1580 601 1685 634 non
1730 589 1984 642 tamquam
2022 582 2197 626 avari-

1288 662 1422 706 tiam.

1357 730 1403 770 6.
1440 726 1549 769 Hoc
1570 723 1734 767 autem
1754 711 1898 764 dico:
1928 717 2023 769 Qui
2044 728 2197 772 parce

1291 793 1532 849 seminat,
1563 801 1712 847 parce
1742 789 1793 831 et
1821 787 2001 839 metet3
2042 785 2091 828 et
2112 783 2199 838 qui

1292 859 1504 907 seminat
1540 857 1595 903 in
1631 851 2096 908 benedictionibus,
2138 849 2198 892 de

1292 923 1724 975 benedictionibus
1746 923 1797 965 et
1815 921 1965 963 metet
1977 923 2011 961 Γ.

1361 997 1407 1040 7.
1460 989 1809 1046 Unusquisque
1856 987 2005 1042 prout
2043 983 2201 1028 desti-

1296 1061 1435 1108 navit
1463 1060 1515 1105 in
1548 1056 1699 1103 corde
1730 1067 1848 1111 suo,
1883 1065 1987 1096 non
2016 1064 2083 1095 ex
2105 1051 2202 1094 tri-

1298 1129 1448 1185 stitia,
1462 1128 1548 1173 aut
1566 1137 1633 1170 ex
1650 1121 1944 1168 necessitate
1955 1132 1969 1174 3
1982 1117 2205 1162 hilarem

1300 1197 1432 1243 enim
1452 1195 1676 1239 datorem
1700 1188 1863 1246 diligit
1877 1187 2026 1230 Deus.

1366 1267 1411 1308 8.
1477 1263 1665 1306 Potens
1720 1259 1796 1302 est
1851 1256 2011 1299 autem
2058 1251 2205 1295 Deus

1302 1343 1499 1377 omnem
1521 1327 1731 1385 gratiam
1752 1321 2003 1368 abundare
2032 1319 2206 1364 facere

1302 1399 1355 1444 in
1384 1397 1555 1452 vobis3
1588 1397 1643 1439 ut
1669 1393 1723 1437 in
1752 1389 1980 1435 omnibus
2010 1397 2207 1442 semper

1304 1477 1504 1510 omnem
1567 1457 1914 1506 sufficientiam
1964 1455 2204 1498 habentes

1304 1529 1566 1578 abundetis
1587 1528 1639 1573 in
1660 1538 1809 1571 omne
1830 1536 1957 1580 opus
1978 1524 2179 1568 bonum.

1373 1602 1418 1642 9.
1441 1597 1569 1643 sicut
1588 1594 1827 1650 scriptum
1848 1594 1949 1636 cst:
1964 1589 2206 1648 „Disper—

1310 1667 1428 1726 ,‚sit,
1468 1663 1603 1708 dedit
1640 1659 1972 1718 pauperibus;
2016 1654 2207 1712 justitia

1312 1735 1458 1794 „eJus
1495 1732 1663 1774 manet
1707 1727 1762 1772 in
1806 1722 2065 1772 saeculum
2102 1734 2205 1766 sae-

1314 1797 1544 1862 ‚,culi⁸“.

1382 1869 1459 1912 10.
1496 1863 1595 1916 Qui
1615 1863 1777 1907 autem
1798 1857 2116 1904 administrat
2134 1869 2208 1900 se-

1312 1948 1428 1983 men
1441 1929 1723 1987 seminanti,
1737 1929 1789 1974 et
1803 1939 1985 1985 panem
2004 1925 2067 1970 ad
2080 1937 2210 1970 man-

1317 2002 1593 2049 ducandum
1632 1996 1934 2054 praestabit,
1972 1998 2022 2039 et
2051 1990 2209 2037 multi-

1316 2069 1521 2129 plicabit
1540 2078 1711 2111 semen
1734 2064 1975 2119 vestrum,
1998 2063 2048 2105 et
2068 2072 2209 2115 auge-

1318 2140 1390 2185 bit
1418 2136 1728 2182 incrementa
1768 2132 1972 2185 frugum
1997 2126 2211 2185 justitiae

1320 2206 1546 2257 vestrae3

1388 2274 1466 2316 11.
1502 2274 1559 2314 ut
1589 2268 1641 2313 in
1672 2266 1901 2311 omnibus
1931 2257 2215 2318 locupletati

1322 2338 1582 2385 abundetis
1615 2334 1664 2379 in
1698 2344 1897 2377 omnem
1932 2328 2214 2385 simplicita-

1322 2412 1446 2458 tem,
1475 2416 1601 2461 quae
1624 2403 1862 2458 operatur
1881 2410 1973 2454 per
1994 2409 2089 2441 nos
2110 2406 2215 2451 gra-

1324 2476 1503 2520 tiarum
1528 2469 1779 2515 actionem
1798 2466 1925 2509 Deo.

1392 2543 1471 2585 12.
1508 2536 1758 2590 Quoniam
1784 2530 2113 2577 ministerium
2134 2528 2216 2571 hu-

1324 2610 1406 2666 jus
1436 2604 1584 2651 officii
1612 2615 1717 2647 non
1738 2600 1898 2645 solum
1922 2597 2120 2655 supplet
2149 2606 2215 2642 ea,

1329 2689 1453 2732 quae
1494 2673 1673 2717 desunt
1711 2667 1915 2723 sanctie,
1955 2664 2043 2710 sed
2082 2662 2215 2708 etiam

1330 2742 1546 2789 abundat
1598 2750 1687 2794 per
1722 2734 1903 2778 multas
1958 2732 2217 2790 gratiarum

1330 2810 1555 2855 actiones
1575 2806 1629 2849 in
1648 2802 1885 2857 Domino,

1397 2878 1475 2920 13.
1490 2886 1583 2930 per
1602 2868 1949 2928 probationem
1968 2858 2219 2909 ministerii

1330 2944 1414 3000 huj
1422 2955 1477 2987 us
1500 2939 1839 2998 glorificantes
1854 2934 2018 2978 Deum
2036 2933 2085 2977 in
2102 2930 2218 2974 obe-

1331 3009 1519 3055 dientia
1548 3001 1885 3051 confessionis
1916 3002 2136 3053 vestrae,
2174 2994 2219 3039 in

1330 3073 1665 3133 Evangelium
1686 3069 1871 3114 Christi
1884 3099 1898 3126 ,
1922 3070 1973 3113 et
1992 3061 2218 3122 simplici-

1379 3175 1397 3193 τ
1417 3164 1505 3203 Gal.
1522 3166 1560 3205 6,
1578 3166 1613 3199 9.
1661 3166 1677 3185 ε
1693 3159 1762 3197 Pa.
1780 3162 1860 3198 111,
1878 3161 1915 3193 9.

1304 3316 1442 3368 zv).
1514 3314 1581 3353 23.
1615 3308 1783 3361 gloriae
1826 3305 2012 3347 Christi.
2087 3304 2154 3342 24.
2184 3299 2223 3339 in

1660 3368 1699 3406 4.
1731 3376 1900 3405 mecum
1922 3357 2222 3401 Machedones-

1944 3418 1984 3456 7.
2019 3414 2072 3455 de
2101 3408 2223 3453 corde
