2376 3925
624 201 1162 249 coMMENTA'rlo
1219 205 1641 251 ISAGoGICA.
1918 207 2061 251 xvn

196 335 381 394 candi
403 325 644 388 Abbatis
669 335 920 405 venerit3
981 333 1044 389 id
1066 333 1294 408 quidem
1320 338 1383 390 in
1410 337 1633 392 defectu
1664 344 2058 392 monumento-

198 436 328 474 rum
354 414 573 491 liquida
595 417 816 470 ratione
844 415 958 471 dici
981 417 1197 491 nequit.

324 497 654 573 Sequuntur
679 499 791 553 alia
810 500 1136 554 testimonia
1155 498 1224 555 de
1240 503 1587 574 praestantia
1606 502 1739 558 libri
1757 503 1941 558 nostri
1962 520 2059 556 ore

199 593 259 640 et
296 581 528 654 scriptis
564 582 846 636 clarorum
883 583 1155 637 virorum.
1240 581 1473 639 Etenim
1506 581 1651 638 Plus
1679 582 1749 638 Π.
1766 625 1785 656 ,
1833 604 1864 639 e
1889 594 2061 660 gente

198 662 577 722 Piccolomini
590 703 608 733 ,
635 660 863 719 Aeneas
891 662 1121 737 Sylvius
1151 668 1516 742 cognomine,
1545 668 1637 722 vir
1661 668 1924 742 ingenio,
1962 667 2060 722 do-

205 749 391 804 ctrina
407 786 426 816 ,
465 763 659 800 rerum
685 746 1060 822 gerendarum
1088 747 1428 804 dexteritate
1470 751 1713 826 insignis
1729 789 1747 818 ,
1794 751 1890 825 qui
1917 750 2059 804 med.

207 849 355 887 saec.
382 826 515 883 XV.
547 828 871 883 cathedram
888 825 1203 886 Romanam
1231 833 1477 902 ornavit,
1505 833 1568 887 in
1594 851 1763 906 opere
1778 828 2059 887 Commen-

210 915 497 970 tariorum
532 929 576 966 s.
619 914 688 968 de
721 912 921 980 rebus,
971 931 1118 986 qaae
1143 915 1265 969 suis
1294 915 1645 990 temporibus
1672 923 1879 992 gestae
1908 924 2063 982 sunt,

209 996 310 1053 sub
350 995 478 1049 init.
517 994 614 1049 lib.
641 990 750 1048 IX.
781 995 1099 1069 elegantem
1130 998 1340 1054 montis
1367 995 1624 1052 Amiatae
1652 1006 1709 1052 et
1734 998 2066 1052 monasterii

207 1077 647 1150 descriptionem
691 1077 966 1148 delineat,
1018 1077 1223 1134 additis
1250 1080 1439 1135 verbis
1464 1078 1582 1137 his:
1629 1080 2067 1150 „lubentissime

203 1162 324 1219 adii
352 1158 589 1215 Sacram
624 1160 1032 1233 supellectilem
1057 1163 1398 1235 pretiosam,
1444 1171 1502 1217 et
1536 1162 1934 1218 bibliothecam
1962 1179 2065 1216 no-

203 1247 412 1313 bilem,
461 1245 622 1316 enius
653 1260 860 1320 pauca
905 1251 1132 1298 exstant
1165 1246 1456 1300 volumina
1473 1284 1490 1315 ,
1542 1247 1694 1300 inter
1730 1263 1872 1320 quae
1899 1263 2069 1300 anum

201 1327 549 1395 maximum,
589 1335 648 1380 et
676 1325 1018 1383 admirabile
1055 1323 1283 1382 Veteris
1310 1338 1369 1384 et
1393 1325 1542 1384 Novi
1569 1323 1957 1395 Testamenti,
1998 1326 2069 1381 li-

204 1411 356 1468 teris
384 1405 727 1480 majusculis
756 1415 1087 1477 exaratum,
1117 1409 1270 1484 quod
1295 1412 1501 1488 capide
1524 1411 1649 1468 vidi
1676 1410 1825 1466 etc.“
1856 1439 1927 1450 —

332 1489 660 1547 Audiendus
686 1490 824 1544 item
851 1499 938 1546 est
950 1488 1232 1547 Asamus
1244 1489 1955 1568 Roccs,Augustinianus,
1976 1510 2071 1546 cu-

209 1585 332 1632 stos
357 1571 740 1629 bibliothecae
764 1571 1108 1646 vaticanae,
1136 1583 1336 1631 auctor
1364 1574 1743 1632 bibliothecae
1767 1575 2075 1650 Angelicae

210 1656 535 1726 Romanae,
571 1659 662 1712 vir
705 1654 1039 1712 eruditionis
1078 1660 1395 1734 exquisitae
1430 1667 1487 1714 et
1519 1660 1740 1734 ingenii
1774 1658 2075 1731 praeclari,

215 1741 410 1815 quiin
443 1741 481 1793 l.
522 1733 857 1816 Apostolica
907 1736 1196 1796 Vaticana
1242 1739 1587 1796 bibliotheca
1634 1738 1826 1816 (Rom.
1870 1737 2076 1810 1591.)

217 1841 274 1898 p.
299 1823 395 1876 47.
425 1821 490 1876 de
519 1819 732 1876 codicis
761 1821 1100 1894 antiquitate
1143 1830 1201 1875 et
1234 1826 1581 1895 praestantia
1608 1824 1691 1878 sic
1720 1821 2080 1876 scribendum

219 1906 466 1961 censuit:
530 1900 917 1975 „Latinorum
955 1903 1260 1959 bibliorum
1301 1905 1587 1979 exemplar
1632 1905 1695 1959 in
1737 1901 2078 1959 cistercien-

213 1991 368 2046 sium
391 1988 738 2043 monasterio
761 1984 973 2043 Montis
1001 1986 1260 2045 Amiatae
1287 1990 1415 2066 agri
1443 1986 1714 2044 Senensis
1744 1986 2079 2055 custoditur,

210 2080 403 2129 totum
427 2071 759 2144 majusculis
793 2071 978 2126 literis
1020 2080 1345 2142 exaratum,
1386 2074 1537 2127 sicut
1576 2071 1889 2145 antiquitus
1934 2067 2082 2143 apud

209 2153 507 2213 Romanos
531 2153 706 2207 scribi
731 2154 940 2225 passim
967 2154 1199 2209 solebat.
1242 2153 1308 2212 Id
1335 2154 1485 2230 quod
1510 2155 1907 2229 antiquitatem
1924 2154 2082 2206 illam

211 2238 506 2306 redolens,
537 2236 768 2290 circiter
790 2239 911 2309 jam
935 2237 1093 2291 mille
1119 2235 1391 2293 aChristo
1418 2246 1553 2292 nato
1582 2254 1758 2291 annos
1786 2230 2080 2290 existima-

211 2332 314 2375 tur
340 2320 651 2393 scriptum,
693 2335 824 2373 nam
850 2327 1104 2393 tempore
1127 2317 1197 2375 B.
1233 2317 1515 2397 Gregorii
1548 2316 1760 2396 Magni
1794 2311 1993 2393 (electi
2030 2335 2079 2371 a.

219 2399 378 2481 59⁰)
409 2402 800 2473 conscriptum
822 2401 998 2457 fuisse
1024 2403 1254 2457 omnino
1280 2404 1642 2457 existimatur
1670 2402 1823 2457 etc-‘⁶
1857 2431 1927 2441 —

348 2483 479 2540 JAc.
517 2497 593 2538 u:
627 2497 819 2554 Losa,
863 2485 927 2539 in
953 2484 1081 2541 bibl.
1111 2502 1293 2541 sacra
1329 2485 1413 2539 ed.
1440 2484 1663 2540 Mascn
1692 2476 1875 2558 (Lips.
1908 2482 2082 2537 1709.

218 2565 311 2647 8.)
357 2587 412 2642 p.
457 2565 593 2621 536.
627 2566 762 2621 537.
791 2574 1048 2621 nostrum
1085 2567 1293 2622 librum
1329 2576 1527 2641 quarto
1563 2570 1715 2623 inter
1753 2566 2083 2639 praecipuos

217 2649 544 2706 Bibliorum
575 2650 882 2704 latinorum
909 2648 1132 2715 codices
1159 2650 1394 2724 antiqua
1425 2668 1597 2705 manu
1631 2656 1893 2704 exaratos
1906 2686 1924 2717 ,
1964 2655 2089 2702 tota

219 2731 458 2806 Europa
496 2733 785 2808 cognitoS,
822 2734 1012 2805 ponit,
1039 2740 1168 2806 apte
1193 2741 1384 2789 tamen
1410 2733 1725 2808 adjungens
1750 2730 1948 2787 verba:
1994 2732 2089 2801 „si

215 2813 444 2889 Angeli
471 2812 703 2869 Roccae
749 2813 1070 2870 confirmari
1112 2823 1304 2889 posset
1339 2818 1562 2890 opinio,
1609 2816 1819 2888 primas
1851 2814 1907 2869 ei
1938 2811 2089 2868 haud

215 2898 398 2955 dubie
432 2904 624 2970 partes
663 2895 1046 2953 concedendas
1096 2899 1282 2954 esse.“
1330 2928 1401 2938 —
1454 2896 1602 2952 Nam
1638 2896 1731 2967 hi,
1784 2914 1923 2971 quos
1958 2905 2091 2950 ante

211 2981 655 3049 nominaverat,
688 2978 821 3033 libri
865 2997 1058 3036 omnes
1084 2998 1198 3036 uno
1228 2982 1454 3037 saeculo
1481 2990 1580 3036 aut
1607 2980 1820 3037 duobus
1848 2980 2087 3035 saeculis

208 3064 484 3137 juniores
513 3069 658 3117 sunt.
691 3092 761 3101 —

341 3142 700 3200 'Reverentia
725 3144 908 3220 igitur
932 3144 1225 3219 perfusus,
1261 3164 1403 3221 quae
1438 3148 1687 3221 antiquis
1712 3144 2088 3200 monumentis

219 3228 504 3297 debetur,
531 3228 656 3301 quis
685 3228 1012 3298 mirabitur,
1045 3226 1318 3284 honorem
1346 3239 1403 3286 et
1428 3230 1769 3285 desiderium
1792 3227 1941 3281 tanti
1965 3223 2090 3278 the-

221 3312 394 3367 sauri
427 3326 697 3384 magnum
731 3310 908 3366 fuisse
939 3328 1111 3385 penes
1161 3312 1356 3369 doctos
1392 3308 1683 3368 homines?
1776 3307 1979 3364 Testis¹
2008 3314 2093 3360 est

220 3394 502 3450 historia.
585 3390 732 3447 Nam
766 3394 828 3447 in
867 3411 1014 3449 nova
1057 3398 1387 3453 recensione
1420 3403 1613 3451 textus
1650 3394 1816 3447 latini
1852 3408 1887 3444 a
1922 3386 2093 3445 Sixto

237 3475 304 3532 V.
343 3472 622 3551 pontifice
655 3472 909 3534 Romano
942 3478 1130 3551 juxta
1164 3481 1459 3539 decretum
1494 3475 1896 3535 Tridentinum
1930 3471 2096 3526 insti-
