2376 3925
299 165 366 216 18

739 158 1285 212 MATTHAEUS.
1358 159 1529 211 cAP.
1569 162 1653 210 11.
1674 161 1757 211 12.

298 267 439 313 rexit
457 267 590 312 inter
601 269 750 310 natos
761 263 1025 310 mulierum
1045 263 1211 320 major
1283 263 1423 319 Tyro
1454 265 1505 306 et
1532 262 1713 308 Sidoni
1737 263 1997 310 remissius
2018 265 2121 310 erit
2138 267 2196 312 in

293 335 490 381 Joanne
517 331 768 390 Baptista;
807 329 894 388 qui
921 331 1088 376 autem
1112 329 1212 374 mi-

299 413 398 446 nor
418 401 495 445 est
512 399 740 456 inregno
753 397 1031 458 coelorum,
1044 396 1211 454 maior

300 468 376 513 est
393 465 502 510 illo.

365 533 447 578 12.
479 533 522 577 Α
570 532 744 580 diebus
792 535 958 579 autem
998 530 1209 578 Joannis

297 600 553 657 Baptistae
600 614 758 657 usque
803 613 938 646 nunc
993 611 1209 655 regnum

299 667 562 714 coelorum
581 669 685 713 vim
703 668 907 725 patitur,
923 667 972 711 et
989 664 1209 734 violenti

301 735 506 792 rapiunt
523 735 648 780 illud
659 727 697 780 ι’.

367 804 448 848 13.
486 804 673 848 Omnes
703 799 838 846 enim
856 800 1136 857 prophetae
1156 802 1210 846 et

300 869 386 915 lex
401 900 415 928 ‚
443 881 602 926 usque
622 868 686 913 ad
697 869 960 926 Joannem,
983 867 1207 925 prophe-

297 939 550 983 taverunt.

364 1005 445 1048 14.
475 1003 545 1048 Et
562 1002 606 1048 si
625 1001 780 1049 vultis
808 1002 1067 1061 recipere,
1096 1002 1205 1060 ipse

299 1073 377 1116 est
391 1069 551 1128 Elias,
573 1069 659 1127 qui
676 1072 923 1116 venturus
945 1072 1023 1116 est
1031 1062 1065 1115 ¹.

363 1139 444 1182 15.
483 1137 582 1190 Qui
601 1138 751 1184 habet
779 1150 928 1183 aures
949 1137 1204 1197 audiendi,

295 1204 482 1250 audiat.

361 1273 441 1316 16.
465 1271 556 1318 Cui
567 1273 734 1319 autem
743 1272 957 1319 similem
967 1272 1205 1319 aestima-

295 1341 360 1384 bo
392 1340 774 1396 generationem
798 1340 976 1385 istamss
1015 1340 1204 1386 Similis

297 1409 376 1452 est
393 1406 563 1464 pueris
584 1406 872 1454 sedentibus
891 1408 947 1453 in
964 1409 1100 1467 foro,
1119 1407 1206 1464 qui

297 1472 570 1520 clamantes
591 1474 965 1532 coaequalibus,

363 1541 442 1585 17.
481 1540 675 1586 dicunt:
716 1541 1001 1587 cecinimus
1037 1541 1201 1600 vobis,

295 1610 349 1653 et
373 1619 481 1652 non
509 1607 758 1666 saltastis3
797 1608 1200 1670 lamentavimus,

295 1678 349 1722 et
365 1687 470 1721 non
489 1675 780 1733 planxistis.

362 1757 442 1801 18.
477 1756 633 1803 Venit
651 1758 781 1803 enim
796 1759 1016 1804 Joannes
1036 1772 1201 1817 neque

293 1824 601 1870 manducans
621 1838 785 1882 neque
805 1826 982 1872 bibens
992 1833 1047 1889 m,
1061 1829 1113 1874 et
1123 1827 1202 1873 ‹li-

295 1895 437 1939 cunt:
457 1893 794 1939 Daemonium
810 1893 982 1943 habet!

359 1974 441 2019 19.
475 1974 632 2020 Venit
659 1975 788 2021 filius
817 1972 1036 2021 hominis
1055 1989 1201 2021 man-

295 2040 482 2086 ducans
502 2044 553 2086 et
570 2042 762 2100 bibens,
778 2043 829 2087 et
847 2042 1076 2087 dicuntn:
1097 2042 1201 2088 Ec·-

295 2106 376 2153 ce!
398 2107 550 2151 homo
570 2119 756 2165 vorax,
779 2110 832 2152 et
847 2110 1052 2165 potator
1071 2108 1199 2168 vini,

293 2171 678 2229 publicanorum
755 2175 806 2219 et
878 2179 1202 2233 peccatorum

292 2238 497 2285 amicus.
549 2239 618 2284 Et
621 2240 893 2296 justificata
905 2246 983 2290 est
996 2243 1200 2302 sapien-

292 2306 362 2351 tia
381 2318 412 2351 a
429 2306 545 2353 filiis
566 2308 687 2353 suis.

359 2375 440 2419 20.
480 2376 624 2421 Tunc
671 2376 840 2433 coepit
885 2380 1200 2436 exprobrare

293 2442 603 2502 civitatibus,
631 2442 685 2488 in
705 2444 881 2500 quibus
901 2446 1064 2492 factae
1084 2451 1203 2493 sunt

289 2510 536 2568 plurimae
556 2510 769 2556 virtutes
791 2511 928 2571 ejus3
958 2514 1076 2571 quia
1093 2528 1202 2561 non

292 2578 518 2636 egissent
535 2578 914 2637 poenitentiam.

361 2660 441 2703 21.
478 2661 617 2706 ⁰Vae
636 2659 754 2719 tibi,
785 2659 1065 2707 corozain!
1103 2675 1201 2710 vae

291 2724 384 2770 tibi
403 2726 689 2773 Bethsaida!
729 2726 873 2787 quia,
901 2728 947 2773 si
973 2728 1027 2773 in
1058 2729 1199 2788 Tyro

296 2794 346 2837 et
367 2791 555 2839 Sidone
583 2795 746 2842 factae
767 2797 940 2843 essent
964 2794 1198 2857 virtutes,

294 2870 422 2916 quae
451 2860 613 2906 factae
643 2864 760 2909 sunt
789 2863 844 2909 in
870 2863 1046 2921 vobis;
1077 2864 1198 2911 olim

293 2925 348 2973 in
368 2924 535 2972 cilicio
566 2930 617 2973 et
635 2928 806 2978 cinere
835 2932 1203 2989 poenitentiam

295 2992 534 3052 egissent.

362 3062 442 3106 22.
475 3061 833 3109 Verumtamen
873 3065 986 3112 dico
1025 3067 1199 3114 vobis:

341 3154 362 3182 7‘
376 3156 478 3193 Luc.
496 3158 554 3199 16,
573 3157 631 3193 16.
693 3154 709 3183 ι
727 3168 760 3195 c.
778 3161 838 3202 17,
856 3164 914 3198 12.
938 3160 1064 3199 Marc.
1082 3167 1122 3205 9,
1142 3167 1200 3200 11.

296 3214 380 3250 sqq.
415 3202 516 3240 Luc.
535 3206 571 3244 1,
586 3206 645 3240 17.
709 3210 741 3229 ”⁶
759 3216 792 3241 c.
819 3208 857 3247 3,
882 3208 920 3243 4.
963 3206 1064 3245 Luc.
1083 3212 1119 3253 7,
1137 3214 1199 3247 33.

1280 327 1359 373 die
1373 328 1571 388 Judicii,
1592 343 1739 386 quam
1757 330 1903 376 vobis
1913 335 1962 376 P.

1346 396 1426 440 23.
1460 395 1529 440 Et
1554 398 1611 442 tu
1638 397 2009 454 capharnaum!
2038 413 2194 446 num-

1278 461 1393 518 quid
1423 475 1582 519 usque
1610 463 1665 509 in
1696 464 1894 510 coelum
1922 465 2192 515 exaltabe-

1277 528 1379 574 ris?
1410 529 1578 586 Usque
1607 529 1661 575 in
1687 530 1944 578 infernum
1973 533 2191 580 descen-

1278 593 1390 641 des!
1422 596 1575 656 Quia,
1607 597 1652 642 si
1678 597 1733 642 in
1764 599 1997 646 Sodomis
2022 603 2193 650 factae

1277 663 1493 709 fuissent
1544 664 1785 725 virtutes,
1841 679 1970 724 quae
2022 669 2191 716 factae

1276 733 1395 776 sunt
1412 731 1545 789 inte,
1558 733 1693 778 forte
1703 733 2011 782 mansissent
2028 748 2189 794 usque

1276 797 1331 842 in
1350 798 1481 844 hanc
1501 798 1648 845 diem.

1343 866 1423 911 24.
1459 867 1818 914 Verumtamen
1857 867 1970 915 dico
2008 870 2184 917 vobis:

1279 933 1410 986 Quia
1439 935 1609 980 terrae
1638 935 1976 982 Sodomorum
2002 937 2185 984 remis-

1276 1000 1380 1046 sius
1401 1002 1500 1048 erit
1516 1001 1663 1048 indie
1678 1003 1875 1063 ,iudicii‚
1890 1017 2039 1061 quam
2047 1005 2141 1052 tibi
2150 1011 2188 1051 q,

1342 1070 1423 1115 25.
1458 1070 1519 1114 In
1530 1069 1619 1116 illo
1631 1072 1859 1128 tempore
1870 1072 2189 1129 respondens

1274 1136 1424 1182 Jesus
1444 1137 1630 1184 dixitr:
1664 1138 1921 1184 Confiteor
1939 1138 2056 1198 tibi,
2085 1141 2191 1186 Pa·-

1273 1202 1374 1249 ter!
1394 1203 1613 1251 Domine
1634 1204 1766 1251 coeli
1785 1208 1837 1251 et
1853 1205 2043 1252 terrae!
2065 1207 2190 1263 quia

1274 1271 1584 1317 abscondisti
1609 1272 1735 1318 haec
1753 1285 1785 1317 a
1803 1273 2113 1331 sapientibus
2136 1279 2191 1322 et

1273 1338 1602 1395 prudentibus
1617 1370 1631 1399 ,
1654 1342 1705 1386 et
1720 1340 1965 1387 revelasti
1985 1354 2045 1388 ea
2063 1355 2187 1400 par-

1274 1404 1424 1451 vulis.

1340 1474 1422 1517 26.
1457 1474 1533 1519 lta
1549 1472 1723 1520 Pater!
1737 1473 1977 1532 quoniam
1993 1475 2069 1524 sic
2087 1477 2188 1523 fuit

1271 1538 1512 1597 placitum
1530 1543 1648 1586 ante
1666 1542 1734 1586 te.

1339 1608 1419 1652 27.
1458 1608 1640 1653 Omnia
1665 1608 1788 1655 mihi
1825 1609 2005 1656 tradita
2031 1616 2187 1658 sunt³

1271 1686 1302 1719 a
1327 1675 1478 1720 Patre
1506 1688 1650 1734 meo;
1680 1678 1733 1723 et
1748 1690 1899 1724 nemo
1926 1677 2073 1725 novit
2090 1679 2185 1726 Fi-

1270 1741 1416 1800 lium,
1448 1743 1550 1789 nisi
1564 1744 1745 1802 Pater3
1785 1759 1950 1803 neque
1980 1746 2187 1794 Patrem

1270 1810 1382 1867 quis
1419 1811 1593 1870 novit,
1641 1811 1743 1859 nisi
1778 1813 1966 1872 Filius,
2012 1814 2065 1860 et
2100 1816 2185 1860 cui

1270 1878 1497 1924 voluerit
1512 1879 1674 1926 Filius
1692 1881 1927 1926 revelare
1940 1879 1971 1926 θ.

1340 1947 1419 1992 28.
1455 1947 1639 1994 Venite
1661 1946 1725 1993 ad
1751 1961 1832 1994 me
1862 1960 2065 2008 omnes,
2094 1949 2187 2006 qui

1271 2012 1531 2072 laboratis,
1562 2017 1613 2061 et
1632 2016 1832 2061 onerati
1850 2016 1991 2077 estis,
2012 2020 2063 2063 et
2082 2030 2182 2075 ego

1269 2080 1491 2126 reficiam
1510 2094 1605 2127 vos
1616 2087 1657 2127 ¹⁴.

1337 2148 1419 2193 29.
1457 2147 1647 2195 Tollite
1654 2149 1833 2208 jugum
1842 2164 2007 2198 meum
2026 2164 2181 2210 super

1270 2226 1393 2275 vos,
1434 2216 1485 2261 et
1502 2215 1679 2263 discite
1699 2229 1730 2261 a
1753 2231 1860 2277 me,
1900 2218 2016 2275 quia
2043 2219 2181 2265 mitis

1271 2295 1397 2342 sum,
1419 2284 1471 2329 et
1486 2283 1689 2331 humilis
1709 2284 1889 2343 corde;
1908 2288 1960 2331 et
1972 2286 2183 2333 inveni-

1270 2350 1364 2396 etis
1384 2351 1612 2407 requiem
1630 2352 1889 2399 animabus
1910 2354 2112 2399 vestris.

1338 2419 1418 2463 3⁰.
1453 2420 1639 2477 Jugum
1666 2419 1801 2466 enim
1826 2433 1995 2467 meum
2019 2434 2183 2469 suave

1270 2489 1365 2546 est,
1386 2487 1439 2532 et
1456 2498 1587 2533 onus
1605 2500 1772 2533 meum
1788 2486 1906 2534 leve
1916 2493 1957 2532 ⁰.

1547 2573 1718 2623 CAP.
1775 2574 1895 2625 XII.

1272 2634 1480 2680 Clu-istus
1527 2637 1777 2694 discipulos
1817 2645 2035 2690 excusat3
2086 2654 2181 2683 ma-

1269 2705 1373 2734 num
1392 2693 1567 2734 aridam
1592 2700 1639 2736 et
1660 2696 1999 2739 daemoniacum
2010 2700 2185 2739 mittum

1270 2759 1324 2789 ac
1343 2760 1525 2791 caecum
1544 2756 1701 2800 sanat3
1721 2750 1988 2795 Pharisaeis
1998 2756 2046 2796 et
2056 2750 2183 2795 Scri·

1548 2805 1615 2847 bis
1635 2808 1897 2861 respondet.

1336 2864 1384 2909 1.
1418 2865 1477 2910 In
1497 2864 1588 2927 illo
1600 2868 1829 2925 tempore
1840 2872 1880 2895 ’ν
1897 2868 2021 2915 abiit
2030 2869 2186 2915 Iesus

1269 2943 1361 2989 per
1380 2934 1490 2978 sata
1508 2935 1741 2992 sabbat03
1764 2934 1997 2993 discipuli
2012 2939 2186 2982 autem

1313 3034 1336 3060 P
1357 3039 1390 3064 c.
1410 3032 1470 3071 10,
1490 3033 1546 3067 15.
1604 3037 1621 3064 9
1640 3030 1739 3067 Luc.
1758 3032 1819 3073 12,
1837 3033 1898 3068 47.
1930 3030 2020 3069 Job.
2044 3035 2102 3073 15,
2120 3034 2187 3069 22.

1267 3079 1286 3098 ⁷
1299 3084 1338 3111 v.
1356 3077 1523 3112 25—27.
1542 3074 1643 3113 Luc.
1663 3081 1723 3119 10,
1740 3080 1801 3113 21.
1822 3088 1911 3125 sqq.
1930 3080 1953 3113 1
1972 3076 2185 3119 Cor.1‚27.

1268 3125 1285 3144 ⁸
1304 3131 1337 3156 c.
1354 3124 1415 3163 28,
1434 3124 1491 3158 18.
1527 3120 1616 3160 Joh.
1634 3126 1671 3164 3,
1691 3125 1749 3160 35.
1786 3126 1845 3164 17,
1864 3126 1899 3159 2.
1932 3122 2043 3169 Eph.
2062 3128 2100 3165 1,
2118 3128 2183 3161 22.

1267 3164 1376 3202 Phil·
1401 3170 1439 3209 2,
1464 3171 1488 3203 9
1502 3172 1611 3203 —llo
1676 3170 1694 3193 t
1711 3168 1802 3204 sollo
1822 3173 1858 3211 1,
1878 3170 1939 3205 18·
1978 3173 2015 3212 ⁷,
2032 3171 2097 3205 w·
2114 3174 2182 3207 2⁹·

1269 3218 1291 3236 ¹⁴
1307 3210 1386 3248 Jer.
1402 3216 1464 3254 31,
1482 3216 1540 3250 25.
1590 3221 1610 3239 ¹·
1629 3226 1661 3250 c.
1680 3218 1742 3257 23,
1760 3218 1797 3250 4.
1831 3218 1852 3251 1
1870 3212 1957 3250 Joh.
1978 3218 2015 3256 ⁵,
2035 3218 2073 3253 3-
2098 3214 2184 3254 Jer,

291 3256 314 3275 ¹⁸
336 3262 368 3287 c.
385 3253 423 3292 9,
441 3252 500 3287 11.
548 3256 566 3274 ⁰
583 3259 622 3285 V.
639 3252 809 3289 21-23.
825 3252 926 3290 Luc.
947 3256 1007 3296 10,
1026 3258 1127 3292 13-
1139 3259 1199 3293 1⁵.
1266 3258 1303 3297 ὅ.
1322 3260 1379 3296 16.
1426 3265 1459 3283 ¹⁰
1476 3258 1603 3297 Marc.
1621 3263 1659 3303 2,
1677 3262 1841 3299 23—28.
1873 3259 1974 3297 Luc.
1992 3264 2031 3303 6,
2053 3265 2185 3301 1—5.

408 3394 522 3461 0⁸?-
553 3392 641 3436 XI.
703 3399 769 3438 ss.
802 3398 878 3451 qui
908 3402 1058 3441 autem
1084 3401 1227 3445 minor
1255 3405 1327 3445 est
1350 3403 1401 3445 in
1426 3417 1565 3457 regno
1594 3404 1819 3449 coelorum
1836 3405 1983 3459 major
2000 3411 2077 3451 est
2092 3406 2184 3450 illo

318 3449 414 3491 sine
444 3449 768 3505 dutinetione).
867 3456 934 3493 14.
985 3453 1159 3499 Helias.

345 3504 405 3547 11.
464 3511 503 3548 1.
535 3505 756 3549 sabbatho
774 3519 860 3563 per
880 3512 996 3550 sata.

1254 3461 1324 3503 21·
1376 3458 1659 3503 Chol-onim·
1762 3464 1831 3505 2³.

1882 3460 2001 3507 hunc
2036 3462 2179 3507 dien.
