2376 3925
808 192 1092 245 LUCAS.

268 298 315 342 3.
349 297 539 342 Pilatus
570 300 738 342 autem
765 296 1102 354 interrogavit

193 378 329 423 eum,
354 364 553 410 dicens:
588 365 666 410 Tu
686 377 741 409 es
764 377 859 410 rex
877 364 1100 409 Judaeo-

188 431 339 478 rum?
356 433 423 477 At
449 431 537 477 ille
566 431 879 488 respondens
898 431 990 476 ait:
1023 433 1101 476 Tu

192 497 344 545 dicis!

259 567 310 611 4.
346 565 435 611 Ait
453 567 618 611 autem
626 564 814 611 Pilatus
828 565 891 610 ad
908 564 1099 623 princi-

189 646 283 691 pes
306 633 635 679 sacerdotum
654 635 705 678 et
729 634 925 678 turbas:
964 632 1101 678 Nihil

189 700 407 746 invenio
430 713 607 747 causae
627 699 682 744 in
699 700 799 745 hoc
818 699 1037 745 homine.

260 770 309 813 5.
342 769 413 812 At
456 767 533 812 illi
574 767 984 826 invalescebant,
1023 766 1100 811 di-

192 836 393 882 centes:
426 835 722 880 commovet
748 833 988 892 populum
1009 834 1101 878 do-

192 915 320 949 cens
338 914 427 958 per
444 901 737 947 universam
747 901 1005 961 Iudaeam,
1020 901 1101 946 in-

193 969 390 1028 cipiens
409 981 438 1014 a
458 968 687 1015 Galilaea
702 982 860 1025 usque
880 968 993 1014 huc.

266 1038 316 1080 6.
348 1035 538 1082 Pilatus
566 1038 734 1082 autem
760 1035 970 1081 audiens
1000 1034 1102 1079 Ga-

190 1103 421 1163 lilaeam,
458 1103 823 1162 interrogavit,
871 1103 916 1148 si
949 1102 1101 1148 homo

194 1169 451 1216 Galilaeus
472 1173 619 1217 esset.

262 1238 310 1283 7.
330 1237 417 1282 'Et
430 1241 489 1282 ut
504 1251 666 1296 cogno
674 1238 761 1297 vit,
774 1236 908 1294 quod
928 1237 987 1284 de
997 1237 1102 1283 He-

190 1305 383 1352 rodis-Y
426 1307 672 1362 potestate
721 1307 871 1363 esset,
908 1304 1104 1351 remisit

192 1387 313 1420 eum
331 1371 395 1417 ad
412 1372 662 1419 Herodem
676 1404 689 1427 ‚
718 1372 803 1429 qui
823 1375 875 1418 et
892 1373 1001 1431 ipse
1020 1373 1101 1418 Ie-

189 1439 469 1498 rosolymis
488 1442 597 1486 erat
614 1440 716 1486 illis
738 1439 927 1486 diebus.

262 1510 313 1552 8.
347 1507 577 1554 Herodes
627 1509 795 1554 autem
829 1507 941 1552 viso
979 1507 1103 1552 Jesu

192 1574 403 1634 gavisus
450 1576 528 1620 est
565 1574 729 1620 valde.
806 1573 934 1619 Erat
969 1575 1102 1619 enim

192 1640 404 1699 cupiens
418 1655 487 1688 ex
503 1641 662 1687 multo
681 1643 910 1697 tempore
930 1641 1101 1686 videre

194 1722 337 1769 eum,
368 1721 435 1754 eo
450 1707 599 1764 quod
625 1707 853 1752 audierat
869 1707 1023 1752 multa
1043 1707 1102 1752 de

193 1790 277 1836 eo,
314 1777 369 1822 et
406 1776 643 1832 sperabat
673 1773 873 1831 signum
901 1773 1105 1829 aliquod

190 1844 369 1890 videre
391 1844 455 1887 ab
476 1853 538 1887 eo
558 1840 685 1886 fieri.

261 1914 309 1956 9.
362 1909 723 1967 Interrogabat
774 1908 939 1953 autem
992 1921 1105 1954 eum

192 1979 365 2026 multis
385 1977 731 2034 sermonibus3
762 1978 814 2021 at
839 1976 949 2033 ipse
975 1975 1104 2021 nihil

190 2047 272 2093 illi
288 2045 645 2103 respondebat.

262 2115 345 2159 1⁰.
392 2114 603 2159 Stabant
645 2112 812 2157 autem
846 2109 1101 2169 principes

194 2180 527 2229 sacerdotum
555 2182 606 2225 et
633 2179 839 2225 Scribae
860 2180 1101 2224 constan-

190 2250 275 2297 ter
296 2248 590 2294 accusantes
612 2260 740 2292 eum.

263 2316 345 2360 11.
381 2313 585 2373 Sprevit
599 2316 765 2359 autem
784 2312 1099 2359 illmnHero-

192 2383 287 2429 des
317 2396 431 2428 cum
458 2381 688 2428 exercitu
714 2393 835 2439 suo,
868 2382 925 2426 et
943 2380 1103 2426 illusit

190 2449 426 2497 indutum
442 2451 585 2496 veste
603 2447 733 2508 alba,
756 2450 807 2494 et
824 2448 1020 2494 remisit
1038 2446 1102 2495 ad

192 2516 431 2564 Pilatum.

262 2585 347 2630 12.
382 2583 450 2628 Et
464 2582 586 2630 facti
614 2582 733 2629 sunt
760 2581 903 2629 amici
931 2583 1100 2628 Hero-

192 2651 287 2697 des
318 2652 371 2695 et
395 2649 582 2697 Pilatus
610 2650 666 2696 in
692 2650 804 2709 ipsa
842 2650 947 2707 die;
983 2662 1101 2695 nam

192 2718 353 2765 antea
370 2717 558 2764 inimici
579 2719 725 2763 erant
740 2718 802 2764 ad
822 2717 1055 2763 invicem.

264 2784 349 2830 13.
381 2784 570 2831 Pilatus
609 2788 774 2830 autem
810 2783 1101 2830 convocatis

188 2850 505 2913 principibus
536 2851 890 2910 sacerdotum,
920 2853 969 2897 et
996 2862 1103 2895 ma·-

192 2918 505 2979 gistratibus,
527 2920 579 2966 et
596 2917 761 2976 plebe,

263 2988 349 3033 14.
378 2986 513 3033 dixit
548 2985 613 3032 ad
648 2984 794 3030 illos:
844 2983 1104 3029 Obtulistis

190 3052 322 3101 mihi
346 3054 480 3100 hunc
508 3051 767 3099 hominem
794 3050 937 3108 quasi
955 3063 1103 3095 aver-

190 3122 391 3169 tentem
406 3120 737 3179 populuum-et
745 3132 862 3165 ecce
873 3116 884 3164 Ξ
896 3131 994 3175 ego
1014 3130 1104 3163 co-

190 3200 307 3235 ram
341 3188 489 3234 vobis
524 3187 877 3245 interrogans,
915 3184 1105 3231 nullam

239 3272 501 3317 rcssc.3,1.

1164 194 1207 243 C
1220 191 1335 243 ΑΡ.
1375 193 1456 242 23.
1969 199 2071 249 137

1172 308 1374 341 causam
1393 296 1569 342 inveni
1594 297 1650 342 in
1664 298 1868 345 homine
1887 301 1986 346 isto
2006 313 2073 350 ex

1168 362 1267 421 his,
1288 362 1343 407 in
1363 363 1539 419 quibus
1560 377 1672 410 eum
1691 367 1953 412 accusatis.

1237 431 1317 474 15.
1355 430 1455 474 Sed
1479 443 1644 487 neque
1670 433 1926 493 Herodes3
1955 448 2074 481 nam

1166 496 1342 542 remisi
1361 509 1454 542 vos
1473 497 1536 542 ad
1554 497 1721 558 illum,
1741 503 1793 546 et
1820 500 1960 548 ecce!
1987 501 2071 548 ni-

1166 563 1241 609 hil
1261 564 1467 622 dignum
1483 567 1648 610 morte
1667 569 1830 612 actum
1847 571 1924 614 est
1943 569 2021 627 ei,

1238 632 1318 675 16.
1357 631 1673 678 emendatum
1693 645 1816 692 ergo
1835 635 1977 682 illum
1997 635 2071 682 di-

1166 698 1374 744 mittam.

1238 766 1317 810 17.
1351 765 1574 812 Necesse
1593 769 1760 814 autem
1774 768 1986 816 babebat
1997 769 2073 816 di-

1168 832 1370 878 mittere
1425 833 1498 878 eis
1543 847 1635 892 per
1690 835 1822 882 diem
1875 837 2074 897 festum,

1170 913 1340 945 unum.

1239 968 1320 1011 18.
1354 966 1674 1014 Exclamavit
1719 973 1886 1017 autem
1930 971 2080 1016 simul

1168 1034 1412 1080 universa
1446 1037 1617 1094 turba,
1676 1037 1871 1083 dicens:
1928 1037 2078 1084 Tolle

1169 1103 1322 1159 hunc,
1343 1103 1393 1146 et
1412 1101 1602 1148 dimitte
1621 1104 1768 1151 nobis
1778 1103 2076 1152 Barabbam!

1239 1170 1319 1213 19.
1359 1168 1457 1220 Qui
1485 1171 1594 1214 erat
1625 1175 1834 1228 propter
1866 1172 2076 1218 seditio-

1170 1249 1289 1281 nem
1307 1235 1569 1291 quamdam
1597 1238 1778 1283 factam
1799 1239 1852 1284 in
1875 1239 2076 1286 civitate

1172 1306 1224 1348 et
1241 1302 1590 1362 homicidium,
1617 1305 1798 1352 missus
1825 1306 1882 1352 in
1904 1319 2076 1354 carce»

1169 1383 1295 1416 rem.

1238 1439 1319 1484 2⁰.
1354 1441 1544 1486 Iterum
1577 1442 1744 1486 autem
1769 1440 1959 1487 Pilatus
1994 1441 2076 1488 lo-

1171 1508 1313 1551 cutus
1336 1509 1414 1552 est
1432 1507 1496 1554 ad
1515 1521 1604 1554 eos
1617 1539 1632 1567 ,
1653 1507 1834 1554 volens
1855 1509 2074 1556 dimitte·-

1168 1586 1226 1618 re
1236 1574 1267 1618 J
1270 1587 1423 1620 esum.

1237 1642 1317 1686 21.
1336 1643 1404 1686 At
1413 1641 1489 1687 illi
1500 1642 1886 1702 succlamabant,
1903 1643 2075 1690 dicen»-

1169 1708 1273 1751 tes:
1297 1708 1561 1766 crucifige,
1583 1710 1818 1766 crucifige
1839 1709 1975 1755 eum!

1239 1774 1318 1818 22.
1347 1774 1444 1819 Ille
1482 1779 1646 1820 autem
1673 1776 1830 1820 tertio
1858 1775 1987 1822 dixit
2014 1777 2078 1822 ad

1171 1838 1318 1884 illos:
1349 1839 1482 1891 Quid
1507 1842 1640 1886 enim
1666 1842 1786 1886 mali
1805 1843 1926 1887 fecit
1943 1843 2079 1888 iste}

1170 1906 1360 1952 nullam
1379 1919 1577 1953 causam
1594 1909 1772 1953 mortis
1794 1909 2002 1954 invenio
2022 1910 2078 1955 in

1172 1988 1263 2031 θος
1287 1975 1557 2032 corripiam
1577 1989 1700 2034 ergo
1730 1975 1897 2037 illum,
1929 1980 1980 2024 et
1998 1976 2074 2023 di-

1168 2042 1376 2087 mittam.

1238 2110 1320 2154 23.
1355 2111 1423 2155 At
1456 2109 1535 2156 illi
1575 2109 1831 2162 instabant
1865 2112 2073 2160 vocibus

1168 2177 1364 2235 magnis
1383 2177 1715 2238 postulantes,
1734 2181 1791 2225 ut
1809 2181 2072 2239 crucifige·-

1166 2246 1337 2302 retur3
1394 2247 1447 2291 et
1491 2246 1871 2293 invalescebant
1915 2261 2072 2294 voces

1168 2324 1361 2357 eorum.

1235 2380 1314 2423 24.
1342 2378 1412 2424 Et
1429 2378 1618 2425 Pilatus
1639 2381 1946 2439 adjudicavit
1962 2382 2073 2429 fieri

1167 2446 1463 2503 petitionem
1483 2460 1673 2493 eorum.

1235 2514 1314 2557 25.
1361 2513 1566 2559 Dimisit
1600 2517 1767 2561 autem
1801 2515 1904 2562 illis
1941 2528 2071 2576 eum,

1168 2580 1255 2635 qui
1279 2582 1488 2637 propter
1516 2580 1837 2627 homicidium
1868 2583 1920 2628 et
1937 2582 2072 2629 sedi·-

1166 2647 1360 2692 tionem
1392 2648 1574 2693 missus
1611 2650 1778 2694 fuerat
1812 2647 1867 2693 in
1899 2662 2072 2696 carce-

1166 2727 1291 2773 rem,
1315 2728 1460 2771 quem
1480 2714 1927 2772 petebant31esum
1949 2729 2070 2764 vero

1166 2782 1375 2827 tradidit
1393 2780 1645 2827 voluntati
1665 2792 1854 2827 eorum.

1235 2850 1316 2892 26.
1333 2853 1356 2877 ⁸
1367 2848 1436 2893 Et
1453 2861 1565 2893 cum
1584 2847 1826 2894 ducerent
1841 2864 2070 2911 eum,ap-

1166 2914 1546 2971 prehenderunt
1597 2913 1852 2964 Simonem
1896 2932 2070 2975 quem-

1170 2981 1283 3026 dam
1304 2981 1671 3041 cyrenensem,
1701 2984 1989 3032 venientem
2009 2986 2070 3032 de

1170 3048 1294 3094 villa
1307 3078 1321 3105 ,
1344 3049 1394 3092 et
1412 3046 1760 3105 imposuerunt
1775 3051 1853 3101 illi
1872 3064 2070 3099 crucem

1169 3116 1376 3173 portare
1395 3117 1510 3171 post
1526 3110 1714 3165 Iesum.

1217 3230 1236 3247 ὃ
1251 3234 1291 3260 v.
1310 3225 1476 3261 26—56.
1507 3224 1653 3263 Matth.
1671 3228 1732 3269 27,
1749 3228 1919 3265 32-61.
1948 3225 2076 3264 Marc.

1174 3274 1234 3312 15,
1253 3273 1421 3309 21—27.
1449 3270 1539 3309 Joh·
1557 3276 1617 3316 19,
1635 3275 1679 3309 17
1689 3275 1804 3310 -42

318 3419 385 3462 Ca
424 3450 435 3461 .
464 3416 650 3462 XXIII.
707 3424 749 3463 5.
780 3422 827 3461 et
844 3418 1083 3473 incipiens.
1142 3421 1183 3459 7.
1214 3419 1389 3462 remisit
1417 3418 1478 3461 ad
1501 3433 1601 3463 eum
1620 3418 1680 3462 ad
1705 3416 1932 3461 Herodem
1952 3417 2079 3474 (sic).

204 3480 251 3519 8.
282 3476 338 3518 de
368 3478 380 3490 ⁶
426 3490 466 3519 o.
546 3477 588 3518 9.
626 3474 770 3518 illum.
846 3478 913 3517 14.
938 3473 1201 3529 optulistis.
1280 3479 1346 3518 18.
1378 3475 1634 3519 Bai-abhan.
1713 3478 1781 3517 19.
1811 3472 2082 3519 seditionem

206 3531 439 3587 quondam
460 3532 643 3576 factam.
700 3535 769 3575 21.
801 3532 1010 3584 crucifige
1029 3529 1171 3574 illum.

1579 3588 1672 3633 1²⁸2
