2376 3925
293 134 393 185 39⁰

363 239 443 283 23.
463 237 529 283 Et
548 237 677 283 filios
699 236 808 293 ejus
827 236 1122 281 interficiam
1142 236 1193 280 in

291 308 472 363 morte,
516 305 567 349 et
601 302 764 349 scient
801 316 976 349 omnes
1011 302 1195 348 Eccle-

295 372 426 429 siae3
461 371 576 428 quia
603 382 699 427 ego
733 382 840 415 sum
861 372 1090 416 scrutans
1109 382 1195 415 re-

293 452 388 485 nes
408 440 459 485 et
477 436 682 493 corda‘3
705 439 756 481 et
777 437 904 483 dabo
927 437 1194 492 unicuique

297 510 517 551 vestrum
553 504 825 549 secundnm
863 517 1020 562 opera
1055 508 1194 549 sunu.

291 572 448 619 Vobis
469 573 635 617 autem
655 570 786 631 dico,

360 640 440 685 24.
477 642 528 685 et
547 639 758 685 caeteris
772 669 787 697 ‚
816 637 900 694 qui
921 637 1194 695 Thyatirae

295 707 432 767 estis,
453 707 747 764 quicumque
767 717 872 750 non
890 704 1076 750 habent
1102 704 1195 750 do-

295 776 504 821 ctrinam
523 775 676 831 hanc,
697 777 749 820 et
768 772 851 829 qui
873 786 976 817 non
999 786 1195 830 cogno-

295 845 478 889 verunt
487 841 774 887 altitudines
787 841 1008 898 satanae,
1020 854 1194 896 quem-

294 910 556 955 admodum
575 909 760 966 dicunt,
773 919 878 952 non
897 907 1086 953 mittam
1107 921 1194 954 su-

293 990 382 1034 per
403 988 494 1021 vos
514 975 648 1021 aliud
665 973 878 1033 pondus.

361 1045 439 1088 25.
477 1044 667 1087 Tamen
703 1041 771 1101 id,
810 1042 945 1098 quod
980 1040 1192 1100 habetis,

275 1113 461 1156 ‘tenete
471 1116 514 1167 ν,
537 1109 696 1155 donec
717 1109 932 1156 veniam.

359 1179 439 1222 26.
473 1177 542 1222 Et
577 1177 661 1233 qui
695 1176 894 1234 vicerit,
935 1178 986 1223 et
1022 1178 1194 1222 custo-

291 1244 442 1291 dierit
459 1258 615 1301 usque
641 1244 694 1289 in
722 1245 870 1289 finem
890 1256 1046 1301 opera
1061 1257 1191 1301 mea,

293 1312 420 1359 dabo
439 1312 518 1357 illi
546 1314 843 1369 potestatem
874 1324 1025 1369 super
1054 1312 1192 1357 Gen-

290 1384 442 1435 tesw3

357 1448 438 1491 27.
474 1450 526 1492 et
551 1448 698 1503 reget
725 1458 809 1491 eas
837 1444 890 1489 in
924 1446 1066 1501 virga
1085 1446 1191 1491 fer-

289 1526 403 1571 rea,
435 1516 485 1560 et
512 1516 760 1569 tamquam
789 1524 877 1557 vas
905 1513 1044 1570 figuli
1064 1525 1187 1558 con-

287 1581 591 1638 fringentur,

355 1649 434 1692 28.
471 1648 600 1693 sicut
619 1650 668 1693 et
687 1660 782 1705 ego
805 1646 973 1705 accepi
995 1659 1024 1691 a
1043 1648 1190 1691 Patre

288 1728 418 1761 meo.
487 1715 554 1760 Et
572 1715 698 1762 dabo
719 1715 793 1761 illi
813 1715 1006 1761 stellam
1029 1718 1188 1760 matu-

287 1783 493 1829 tinam-³.

359 1852 438 1895 29.
477 1850 576 1903 Qui
605 1851 755 1896 habet
773 1863 971 1909 aurem,
1003 1850 1188 1906 audiat,

289 1918 407 1975 quid
426 1918 642 1976 Spiritus
663 1918 794 1965 dicat
812 1916 1079 1965 Ecclesiis!

586 2064 754 2114 CAP.
802 2065 892 2116 111.

287 2163 480 2204 Jubetur
507 2160 726 2215 epistolas
755 2162 951 2203 scribere
981 2161 1188 2204 ecclesiis

289 2217 471 2266 Sardis,
508 2214 880 2270 philadelphiae,
927 2218 1186 2261 Laodiciae.

342 2272 553 2315 Vincenti
566 2274 810 2327 praemium
830 2275 1121 2328 promittitur.

354 2369 400 2412 1.
432 2367 501 2412 Et
535 2366 732 2426 Angelo
768 2366 1030 2414 Ecclesiae
1066 2369 1186 2414 Sar-

289 2433 362 2480 dis
384 2435 574 2481 scribe:
604 2436 741 2481 Haec
763 2435 906 2494 dicit,
937 2436 1022 2493 qui
1042 2437 1188 2482 habet

288 2504 476 2560 septem
500 2502 714 2559 Spiritus
734 2502 889 2561 new,
921 2507 971 2549 et
999 2507 1186 2562 septem

288 2569 486 2615 stellas:
511 2570 626 2616 Scio
649 2582 804 2627 opera
821 2571 933 2629 tua,
955 2571 1071 2626 qula
1090 2585 1186 2618 no-

283 2649 400 2681 men
420 2637 598 2696 habes,
628 2637 760 2694 quod
779 2637 921 2682 vivas
934 2667 948 2696 ,
982 2641 1031 2684 et
1048 2652 1186 2684 mor-

283 2706 398 2748 tuus
419 2717 473 2749 es
483 2709 521 2748 ⁶.

353 2771 398 2814 2.
431 2769 556 2816 Esto
589 2769 832 2829 vigilans,
873 2773 924 2818 et
950 2774 1188 2818 confirma

286 2838 511 2894 caetera,
560 2851 687 2894 quae
733 2838 979 2885 moritura
1027 2843 1184 2886 erant.

330 2935 348 2958 t
365 2931 444 2967 Jer.
464 2935 522 2974 17,
541 2936 602 2968 10.

281 2985 303 3004 θ
326 2991 360 3014 c.
379 2983 416 3021 3,
435 2981 491 3014 11.
539 2983 572 3002 Ψ
590 2978 735 3016 Matth.
754 2985 821 3022 19,
849 2985 909 3019 28.
940 2987 961 3019 1
982 2981 1072 3018 Cor.
1092 2985 1129 3026 6,
1147 2988 1183 3018 2.

282 3033 310 3050 ”
328 3039 360 3062 c.
380 3029 441 3068 22,
461 3027 518 3061 16.
565 3031 588 3058 7
607 3036 642 3060 c.
660 3028 696 3066 5,
715 3029 753 3064 6.
800 3035 819 3052 ⁸
835 3027 937 3063 Luc.
961 3033 1016 3070 15,
1037 3032 1100 3065 24.

544 132 1112 185 APOCALYPsls
1158 120 1524 183 JOANNIS.
1574 99 1761 207 clap.
1798 134 1921 183 23.

1264 236 1378 280 Non
1400 236 1535 281 enim
1552 236 1761 281 invenio
1774 248 1932 293 opera
1948 238 2041 282 tua
2060 238 2166 295 ple-

1264 315 1331 347 na
1352 316 1523 348 coram
1540 302 1653 348 Deo
1671 315 1803 348 meo.

1331 371 1377 415 3.
1410 370 1471 414 In
1486 372 1653 415 mente
1674 382 1797 427 ergo
1817 370 1947 416 habe
1960 400 1974 429 ,
2004 370 2166 426 quali-

1264 440 1342 482 ter
1361 437 1634 495 acceperis,
1654 439 1707 483 et
1724 436 1966 495 audieris,
1989 441 2041 483 et
2060 451 2167 483 ser-

1267 517 1345 562 va,
1368 507 1418 549 et
1434 504 1798 561 poenitentiam
1817 503 1937 561 age!
1968 505 2025 550 Si
2045 518 2167 563 ergo

1264 584 1369 617 non
1406 571 1700 629 vigilaveris
1714 601 1729 629 ‚
1780 571 1983 616 veniam
2023 573 2085 617 ad
2118 576 2166 618 te

1263 641 1513 695 tamquam
1550 640 1631 684 fur
1640 644 1683 697 Β,
1722 641 1773 683 et
1811 639 2037 697 nescies,
2076 652 2166 695 qua

1264 706 1391 751 hora
1410 705 1610 751 veniam
1628 706 1690 750 ad
1708 708 1775 750 te.

1329 776 1378 818 4.
1414 772 1515 819 Sed
1532 773 1684 818 habes
1704 785 1865 830 pauca
1884 774 2099 819 nomina
2117 775 2167 819 in

1264 838 1434 887 Sardis
1448 871 1462 898 ,
1503 841 1588 896 qui
1625 852 1731 885 non
1772 840 2169 897 inquinaverunt

1266 907 1561 953 vestimenta
1595 920 1713 963 ωας
1758 909 1810 952 et
1846 908 2167 954 ambulabunt

1260 988 1455 1021 mecum
1472 974 1527 1019 in
1546 974 1670 1020 albis
1679 966 1719 1033 ὅ,
1732 972 1851 1031 quia
1870 975 2015 1033 digni
2036 978 2163 1021 sunt.

1328 1053 1375 1095 5.
1398 1050 1496 1103 Qui
1516 1050 1711 1109 vicerit,
1725 1050 1797 1096 sic
1822 1051 2068 1097 vestietur
2079 1064 2164 1097 ve-

1260 1118 1508 1163 stimentis
1546 1118 1697 1177 albis,
1742 1121 1794 1163 et
1831 1131 1941 1164 non
1989 1119 2163 1165 delebo

1260 1198 1448 1231 nomen
1477 1185 1587 1242 ejus
1617 1185 1677 1231 de
1704 1185 1861 1230 Libro
1894 1186 2077 1243 vinee,
2114 1188 2163 1231 et

1262 1254 1540 1299 confitebor
1584 1265 1770 1298 nomen
1828 1252 1943 1309 ejus
1996 1266 2161 1299 coram

1259 1321 1413 1417 Patrg
1453 1334 1596 1379 meo,
1650 1321 1703 1365 et
1746 1332 1921 1365 coram
1970 1320 2161 1379 angelis

1261 1401 1372 1444 ejus
1415 1420 1427 1432 .

1327 1457 1374 1499 6.
1413 1454 1512 1508 Qui
1547 1454 1697 1500 habet
1734 1466 1907 1500 aurem
1922 1485 1937 1513 ‚
1976 1454 2157 1512 audiat,

1260 1522 1378 1579 quid
1399 1521 1612 1578 Spiritus
1634 1521 1765 1567 dicat
1781 1521 2051 1567 Ecclesiis!

1326 1590 1372 1634 7.
1416 1590 1485 1635 Et
1533 1589 1731 1646 Angelo
1784 1588 2157 1647 Philadelphiae

1256 1656 1518 1702 Ecclesiae
1538 1656 1701 1702 scribe
1714 1670 1725 1701 :
1738 1657 1879 1702 Haec
1901 1657 2023 1702 dicit
2033 1659 2153 1704 San-

1259 1728 1366 1770 ctus
1388 1726 1439 1769 et
1454 1724 1645 1781 Verus,
1674 1723 1761 1779 qui
1786 1723 1943 1770 habet
1970 1724 2154 1770 clavem

1256 1790 1417 1837 David
1428 1796 1474 1848 ⁶3
1495 1790 1580 1847 qui
1598 1791 1775 1849 aperit,
1789 1794 1842 1836 et
1859 1804 2012 1836 nemo
2022 1791 2154 1837 clau·

1258 1858 1351 1915 dit3
1373 1857 1575 1917 claudit,
1596 1860 1647 1904 et
1664 1870 1813 1903 nemo
1834 1858 2002 1915 aperit
2010 1851 2059 1903 s.

1323 1928 1369 1972 8.
1406 1925 1523 1972 Scio
1546 1928 1819 1984 operatua.
1866 1924 2026 1974 Ecce!
2048 1926 2151 1973 dedi

1258 2006 1427 2040 coram
1445 1997 1494 2039 te
1517 1993 1695 2038 ostium
1707 1999 1740 2036 ἒ
1757 1997 2005 2053 apertum,
2026 1995 2152 2051 quod

1256 2074 1403 2106 nemo
1425 2062 1591 2117 potest
1609 2058 1873 2118 claudere3
1903 2063 2021 2119 quia
2046 2076 2152 2107 mo-

1257 2127 1417 2173 dicam
1433 2127 1586 2173 habes
1610 2128 1874 2187 virtutem,
1902 2133 1955 2175 et
1982 2143 2153 2175 serva-

1256 2195 1321 2240 sti
1342 2196 1546 2240 verbum
1562 2208 1744 2254 meum,
1766 2200 1818 2242 et
1835 2210 1942 2242 non
1962 2198 2155 2255 negasti

1255 2274 1441 2307 nomen
1460 2276 1638 2308 meum.

1323 2332 1368 2374 9.
1387 2327 1545 2374 Ecce!
1567 2329 1693 2375 dabo
1714 2329 1775 2376 de
1797 2343 2058 2389 synagoga
2075 2346 2153 2377 sa-

1254 2398 1404 2441 tanae
1417 2427 1430 2454 ,
1462 2397 1546 2452 qui
1566 2395 1737 2442 dicunt
1756 2411 1810 2442 se
1828 2397 2052 2444 ,Iudaeos
2073 2413 2154 2444 es-

1256 2475 1329 2521 se,
1351 2467 1401 2508 et
1420 2477 1525 2509 non
1544 2467 1687 2523 sunt,
1709 2465 1797 2510 sed
1814 2467 2153 2522 mentiuntur;

1256 2529 1395 2575 ecce!
1425 2531 1605 2576 faciam
1628 2531 1773 2591 illos,
1803 2535 1860 2577 ut
1893 2527 2155 2590 venianth,

1256 2599 1305 2642 et
1340 2597 1554 2643 adorent
1590 2602 1706 2644 ante
1734 2598 1888 2656 pedes
1922 2603 2069 2657 tuos;
2107 2605 2156 2646 et

1255 2664 1432 2722 scient,
1454 2666 1569 2721 quia
1588 2679 1684 2724 ego
1707 2665 1866 2712 dilexi
1885 2672 1950 2712 te.

1323 2733 1402 2776 10.
1442 2733 1691 2785 Quoniam
1713 2735 1926 2779 servasti
1952 2738 2153 2780 verbum

1256 2799 1525 2856 patientiae
1544 2813 1712 2858 meae3
1742 2804 1794 2846 et
1822 2814 1917 2859 ego
1938 2805 2152 2847 servabo

1300 2900 1321 2918 ‘⁸
1340 2893 1483 2929 Matth.
1502 2899 1573 2936 24,
1591 2897 1653 2933 43.
1712 2894 1729 2921 ὃ
1748 2907 1783 2931 c.
1803 2901 1846 2938 7,
1868 2901 1905 2933 9.
1954 2904 1973 2922 ‘
1988 2897 2095 2933 Phil.
2126 2904 2152 2938 ι,

653 2940 675 2958 '²
692 2933 761 2970 Pa.
788 2937 855 2977 61,
874 2939 930 2972 13.
948 2933 1065 2972 Rom.
1083 2940 1129 2979 2,
1148 2940 1184 2973 6.
1252 2942 1287 2976 3.
1336 2939 1356 2966 ⁸¹
1374 2941 1515 2978 Matth.
1544 2947 1611 2982 10,
1636 2945 1695 2979 32.
1734 2942 1837 2978 Luc.
1862 2948 1907 2981 9.
1934 2947 1997 2980 26.
2044 2951 2059 2969 ‘
2078 2944 2152 2978 Jcs.

1251 2989 1319 3026 22,
1352 2991 1529 3024 17-25,
1583 2985 1734 3024 1ΗίοΒ
1762 2992 1831 3032 12,
1859 2993 1917 3026 14.
1971 2996 1996 3024 8
2015 2994 2033 3025 1
2063 2991 2151 3024 Cor.

1255 3035 1312 3074 16,
1330 3037 1365 3069 9.
1411 3031 1429 3058 ἦ
1448 3033 1525 3071 Jes.
1544 3038 1606 3078 60,
1626 3039 1683 3072 14.
1703 3039 1761 3074 15.

398 3173 510 3230 Cap.
541 3172 603 3215 II.
663 3175 732 3215 23.
762 3175 809 3216 in
835 3180 1021 3243 mortem
1035 3193 1057 3244 ς.
1078 3177 1186 3222 ibid.
1216 3181 1456 3224 secundum
1484 3195 1623 3239 opera
1648 3189 1815 3227 vestra.
1884 3189 1951 3228 24.
1991 3189 2153 3229 ceteris

285 3230 432 3282 (deest
447 3230 542 3284 οὓς
562 3230 671 3272 abad.
691 3228 969 3280 Tyathnrae;
989 3234 1098 3276 sbud-
1121 3235 1369 3279 doctrinam
1388 3238 1505 3282 lianc
1522 3241 1597 3292 qui
1616 3255 1705 3283 non
1724 3247 2025 3295 cognoverunt
2050 3241 2153 3284 alti-

285 3287 457 3327 tudinis
495 3285 864 3350 quemadmodum
892 3286 1002 3340 (sicu
1023 3291 1184 3332 desunt
1200 3293 1338 3335 verba
1373 3298 1419 3335 et
1440 3301 1483 3338 et
1512 3295 1748 3352 Satanae).
1816 3301 1885 3340 26.
1915 3305 1961 3340 et
1980 3299 2054 3350 qui
2076 3311 2152 3340 cn·

283 3342 516 3390 stodierit3
543 3341 652 3383 abia.
675 3340 788 3383 dabo
809 3342 850 3381 ei
879 3345 1164 3395 potestatem.
1224 3351 1293 3390 27.
1324 3352 1371 3390 et
1388 3353 1515 3404 reget
1534 3351 1637 3393 illas
1656 3354 1702 3394 in
1721 3355 1847 3406 virga
1865 3353 2016 3396 ferrea
2034 3358 2151 3395 tam-

283 3403 415 3444 quam
433 3407 513 3436 vas
539 3395 681 3448 figuli.
794 3395 882 3438 111-

279 3447 412 3488 vulno.

939 3400 981 3438 4.
1012 3401 1060 3439 et
1087 3401 1331 3446 ambulant.
1391 3409 1432 3447 8.
1463 3405 1656 3451 cludere.
1717 3412 1785 3450 10.
1816 3413 1864 3450 et
1890 3423 1969 3462 ego
1990 3413 2035 3451 te
2056 3422 2153 3451 ser-
