2376 3925
352 156 452 207 36⁰
556 156 914 209 EPISTOLA
946 158 1160 211 PAULI
1193 156 1288 209 AD
1322 153 1722 207 HEBRAEOS.
1760 152 1912 206 cAP.
1934 155 2019 207 13.

421 260 501 305 10.
537 260 786 307 Habemus
823 261 1011 320 altare,
1056 261 1117 307 de
1154 272 1252 319 quo

355 326 504 373 edere
523 340 628 372 non
638 326 824 373 hubent
841 330 1157 388 potestatem,
1171 328 1255 385 qui

353 393 680 441 tabernaculo
703 394 1010 441 deserviunt.

423 461 503 504 11.
541 460 766 513 Quorum
803 462 936 508 enim
967 461 1255 507 animalium

355 527 572 573 infertur
599 528 804 586 sanguis
833 542 927 586 pro
955 532 1162 586 peccato
1200 528 1254 573 in

355 596 529 639 sancta
574 608 665 652 per
717 596 1027 655 pontificem,
1075 596 1255 641 horum

357 674 574 719 corpora
593 665 878 709 cremantur
891 666 1034 709 extra
1048 665 1214 708 castra
1223 657 1254 707 1'.

421 730 502 773 12.
537 729 751 785 Propter
771 730 903 785 quod
931 733 981 775 et
997 732 1174 789 Jesus,
1203 730 1258 775 ut

358 795 690 841 sanctificaret
707 808 948 852 persuum
959 797 1255 854 sauguinem

357 862 622 920 populum,
643 866 790 909 extra
813 854 1044 920 portum⁵
1078 862 1258 923 pussus'

357 932 448 975 est.

423 997 502 1040 13.
545 996 800 1041 Exeamus
842 996 997 1055 igitur
1042 998 1105 1043 ad
1143 1011 1258 1043 eum

358 1064 504 1108 extra
522 1065 686 1108 castra
695 1092 710 1121 ,
743 1062 1103 1123 improperium
1121 1065 1167 1123 ej
1175 1057 1257 1111 us‘

357 1130 633 1185 portantes.

423 1197 504 1241 14.
539 1197 654 1242 Non
707 1197 842 1243 enim
891 1198 1129 1244 habemus
1173 1198 1256 1244 hic

357 1266 641 1310 manentem
661 1264 914 1311 civitatem
923 1272 978 1325 m,
1011 1266 1099 1312 sed
1117 1266 1256 1311 futu-

354 1344 464 1377 ram
479 1332 791 1388 inquirimus.

422 1400 504 1443 15.
537 1399 635 1443 Per
653 1398 816 1455 ipsum
833 1410 958 1455 ergo
987 1398 1255 1444 offeramus

355 1464 572 1510 hostiam
605 1464 768 1510 laudis
805 1478 1002 1521 semper
1038 1464 1166 1523 Deo,
1204 1465 1256 1511 id

355 1531 458 1587 est,
486 1531 702 1576 fructum
729 1530 977 1577 labiorum
1008 1532 1255 1579 confiten-

353 1595 480 1643 tium
496 1597 692 1645 nomini
710 1598 838 1655 ejus.

423 1665 503 1709 16.
555 1664 924 1713 Beneficentise
987 1667 1153 1713 sutem
1206 1667 1257 1712 et

355 1732 720 1779 communionis
737 1733 897 1781 nolite
910 1733 1140 1781 oblivisci
1150 1747 1165 1791 ς
1175 1735 1255 1779 ta-

352 1798 484 1845 libus
529 1800 664 1847 enim
706 1801 886 1847 hostiis
939 1804 1255 1858 promeretur

355 1867 508 1915 Deus.

423 1936 504 1981 17.
549 1935 759 1983 obedite
811 1936 1110 1995 praepositis
1163 1950 1254 1983 ve-

355 2002 472 2048 stris
485 2033 499 2060 ,
531 2005 582 2048 et
600 2002 853 2060 subjacete
874 2002 968 2048 eis!
999 2004 1102 2060 ipsi
1121 2005 1255 2050 enim

356 2068 676 2124 pervigilant,
716 2069 859 2124 quusi
882 2069 1130 2116 rationem
1158 2083 1252 2128 pro

357 2134 613 2179 animabus
652 2135 834 2180 vestris
879 2135 1147 2195 reddituri,
1199 2141 1255 2183 ut

358 2213 469 2246 cum
494 2200 677 2256 gaudio
705 2200 803 2246 hoc
828 2201 1041 2261 faciant,
1070 2206 1122 2251 et
1147 2217 1253 2251 non

355 2268 612 2325 gementes
628 2281 642 2324 3
658 2267 757 2314 hoc
775 2268 908 2314 enim
925 2282 1030 2315 non
1050 2272 1255 2329 expedit

355 2335 516 2381 vobis.

399 2408 416 2440 ι·
429 2413 529 2450 Lev.
548 2417 607 2458 16,
625 2417 684 2452 27.
731 2412 754 2441 'e
768 2413 856 2454 Joh.
875 2419 934 2460 19,
951 2420 1010 2454 17.
1057 2415 1072 2444 ⁸
1089 2429 1125 2454 e.
1142 2421 1203 2460 12,
1214 2421 1251 2454 2.

353 2467 384 2485 ¹-
403 2474 436 2498 c.
455 2465 513 2502 ιο,
533 2465 591 2498 10.

1390 260 1469 304 18.
1506 260 1659 304 Orate
1678 270 1773 315 pro
1798 256 1970 304 nobis!
2011 259 2224 307 confidi-

1322 339 1430 372 mus
1450 327 1601 384 enim,
1616 324 1733 382 quia
1752 327 1934 371 bonum
1954 326 2223 373 conscien-

1323 394 1478 439 tiam'*
1502 393 1740 439 habemus
1768 392 1823 437 in
1844 391 2075 439 omnibus
2094 396 2223 439 bene

1324 460 1554 507 volentes
1578 458 1890 505 conversari.

1391 545 1471 590 19.
1506 543 1731 601 Amplius
1775 544 1943 589 autem
1979 543 2223 602 deprecor

1322 623 1419 657 vos
1437 610 1536 657 hoc
1552 612 1721 657 facere
1735 640 1750 669 ‚
1775 622 1875 668 quo
1906 610 2120 658 celerius
2136 624 2220 657 re-

1324 679 1503 725 stituur
1523 679 1685 725 vobis.

1390 763 1470 808 20.
1489 762 1627 809 Deus
1644 762 1810 807 autem
1828 760 1984 820 pacis,
1998 759 2083 818 qui
2102 760 2216 807 edu-

1322 828 1399 877 xit
1442 829 1503 876 de
1540 829 1751 875 mortuis
1788 830 2044 886 pastorem
2056 833 2083 858 ⁰
2116 841 2215 873 ms-

1323 910 1476 955 gnum
1495 896 1691 956 ovium,
1722 895 1776 941 in
1805 895 2049 953 sunguine
2066 896 2217 941 testa·

1321 964 1478 1010 menti
1514 963 1709 1010 aeterni
1718 968 1768 1022 Ρ,
1814 962 2082 1007 Dominum
2124 975 2219 1008 no-

1322 1034 1480 1078 strum
1498 1032 1529 1076 J
1531 1044 1671 1077 esum
1691 1029 1950 1088 Christum,

1390 1117 1470 1160 21.
1505 1117 1643 1173 aptet
1662 1127 1755 1161 vos
1775 1115 1829 1160 in
1848 1110 1979 1159 omni
1994 1112 2156 1171 bono,
2168 1117 2218 1159 ut

1322 1182 1516 1229 faciatis
1536 1182 1645 1239 ejus
1668 1182 1974 1229 voluntatem
1989 1194 2005 1238 ς
2022 1180 2216 1225 faciens

1322 1250 1376 1296 in
1405 1250 1545 1296 vobis
1576 1250 1709 1307 quod
1737 1249 1935 1306 placeat
1969 1260 2134 1294 coram
2162 1261 2215 1293 se

1322 1330 1413 1374 per
1429 1318 1600 1363 Jesum
1623 1316 1874 1362 Christum
1886 1330 1901 1373 ;
1913 1315 1994 1361 cui
2012 1317 2088 1361 est
2106 1314 2211 1375 glo-

1320 1384 1399 1430 ria
1424 1384 1479 1431 in
1517 1382 1718 1431 saecula
1753 1382 2085 1429 saeculorum.
2148 1384 2211 1427 A·

1320 1465 1453 1497 men.

1386 1519 1469 1563 22.
1501 1518 1645 1577 Rogo
1673 1518 1839 1564 autem
1867 1529 1989 1576 vos,
2014 1514 2212 1562 fratres!

1322 1587 1376 1631 ut
1394 1585 1643 1631 sufferatis
1666 1587 1873 1631 verbum
1893 1584 2077 1630 solatii.
2125 1582 2210 1628 Et-

1322 1652 1452 1698 enim
1474 1653 1737 1710 perpaucis
1756 1651 1942 1710 scripsi
1960 1651 2116 1698 vobis.

1387 1738 1467 1783 23.
1505 1736 1809 1794 cognoscite
1864 1736 2079 1782 fratrem
2123 1746 2209 1779 no-

1321 1805 1477 1852 strum
1539 1803 1893 1849 Timotheum&
1954 1803 2209 1857 dimissum,

1322 1885 1433 1917 cum
1450 1884 1548 1928 quo
1570 1869 1639 1929 (si
1659 1870 1874 1918 celerius
1894 1869 2117 1928 venerit)
2142 1868 2209 1915 vi-

1323 1939 1449 1987 debo
1470 1951 1578 1985 vos.

1387 2025 1466 2070 24.
1502 2023 1725 2070 Salutate
1755 2035 1934 2068 omnes
1962 2020 2208 2081 praeposi-

1319 2092 1400 2136 tos
1438 2093 1663 2149 vestros,
1702 2091 1753 2135 et
1790 2101 1968 2136 omnes
2006 2093 2207 2136 sanctos.

1322 2158 1550 2205 salutant
1568 2170 1661 2203 vos
1681 2156 1741 2203 de
1759 2156 1907 2202 Italia.
1925 2158 2123 2203 fratres.

1387 2243 1467 2286 25.
1506 2241 1679 2286 Gratia
1716 2255 1827 2287 cum
1866 2242 2097 2288 omnibus
2126 2252 2207 2285 vo·

1317 2308 1411 2355 bis.
1479 2309 1655 2354 Amen.

1364 2424 1385 2444 ¹⁸
1402 2421 1427 2453 2
1446 2415 1535 2455 Cor.
1553 2421 1591 2459 1,
1610 2421 1670 2454 12.
1718 2425 1737 2444 ⁰
1754 2417 1899 2455 lPetr.
1917 2421 1963 2460 2,
1980 2421 2043 2456 2⁵.
2088 2425 2112 2452 P
2132 2420 2207 2456 αθ,

1317 2468 1378 2501 11.
1397 2475 1483 2513 sqq.
1532 2470 1549 2498 0
1570 2464 1655 2502 Col.
1674 2469 1711 2508 1,
1728 2470 1761 2501 1.

467 2606 580 2663 Cup.
609 2606 746 2650 xm.
816 2613 883 2652 13.
921 2611 1245 2668 inproperium.
1313 2616 1381 2656 1‘1.
1420 2613 1643 2657 oboedite.
1703 2616 1771 2656 19.
1804 2613 2077 2667 dclix-aeeon
2110 2611 2204 2654 ibid-

352 2667 404 2704 ut
440 2674 526 2714 quo
564 2663 754 2707 celerius
783 2667 999 2709 restituar
1031 2670 1174 2711 vobis.
1242 2672 1309 2712 20.
1341 2670 1580 2712 Dominum
1615 2673 1817 2712 nostrum
1852 2669 2045 2713 Jhesum
2081 2668 2207 2721 (deest

357 2714 620 2772 Christum).
678 2724 745 2763 21.
776 2719 1050 2766 voluntatem
1078 2724 1201 2777 ejus3
1230 2724 1335 2767 ibid.
1364 2725 1539 2769 faciens
1566 2727 1694 2770 vobis
1720 2728 1864 2779 (deest
1890 2726 1995 2780 in);.
2013 2723 2118 2768 ibid.
2144 2720 2204 2764 eni

355 2769 498 2824 gloria
533 2775 582 2815 in
620 2773 800 2818 saecula
839 2777 982 2832 (deest
999 2781 1107 2833 est).
1165 2784 1233 2822 22.
1294 2781 1524 2824 sufferatis
1558 2782 1742 2825 verbum
1774 2779 1935 2825 solacii
1968 2781 2111 2837 (deest
2126 2777 2203 2829 ut).
2258 2787 2270 2800 ’

355 2829 423 2869 24.
453 2826 656 2872 salutant
673 2845 752 2874 vos
773 2832 827 2875 de
845 2833 985 2877 Italis
1007 2835 1149 2892 (deest
1165 2837 1369 2891 fratres).
