2376 3925
293 171 403 216 LVI
707 167 1138 213 PRAEFATIO
1183 169 1278 213 AD
1326 169 1736 216 LECTOREM.

293 299 360 346 sit
379 298 509 346 Sede
527 295 777 344 indultum
795 296 930 354 quod
950 295 1204 356 interdici,
1225 297 1491 355 suspendi,
1512 299 1596 345 vel
1614 299 2041 348 excommunicari
2060 313 2171 348 non

291 383 490 442 possint
505 393 599 440 per
615 379 814 426 litteras
833 382 1142 438 apostolicas
1156 412 1170 440 ,
1202 395 1309 428 non
1338 381 1581 429 facientes
1608 382 1836 444 plenam,
1866 385 1918 430 et
1946 397 2168 444 expres-

293 479 429 527 sam,
465 478 525 511 ac
561 464 624 510 de
656 466 818 512 verbo
855 465 919 511 ad
959 467 1162 512 verbum
1203 465 1263 512 de
1300 463 1497 512 indulto
1524 465 1813 524 hujusmodi
1836 467 2168 516 mentionem.

293 549 538 596 Volumus
555 550 723 595 autem
741 551 1035 607 praesentes
1054 549 1250 596 litteras
1272 549 1327 595 in
1346 548 1509 594 valvis
1528 547 1775 596 Basilicae
1785 551 2169 612 Lateranensis,

293 645 352 680 ac
363 633 620 692 Principis
640 633 999 693 Apostolorum
1026 632 1086 678 de
1105 633 1265 693 Urbe,
1313 635 1364 679 et
1392 631 1736 680 Cancellsriae
1764 634 2075 692 apostolicae
2104 635 2171 683 de

291 731 434 765 more
466 717 737 777 publicari,
777 719 830 762 et
861 716 996 762 intro
1025 719 1242 773 quatuor
1278 729 1507 776 menses,
1545 727 1663 776 eos,
1700 717 1787 774 qui
1813 718 1941 763 citra
1966 722 2171 766 montes

294 805 436 861 sunt3
473 803 561 860 qui
581 814 703 848 vero
725 800 856 846 ultra
875 801 1102 859 montes,
1131 800 1267 846 intra
1292 801 1411 846 octo
1438 813 1640 846 menses
1660 811 1691 846 a
1708 799 1789 845 die
1810 799 2170 857 publicationis

293 885 582 946 hujusmodi
614 882 980 941 numerandos,
1007 883 1218 940 perinde
1234 885 1467 943 arctare,
1498 885 1554 930 et
1572 884 1800 943 afficere,
1830 896 1889 930 ac
1915 885 1961 930 si
1988 896 2171 932 eorum

295 971 500 1018 cuilibet
533 965 872 1027 personaliter
916 967 1174 1014 intimatae
1224 968 1464 1015 fuissent:
1532 967 1863 1014 decernentes
1900 969 1955 1013 ut
1990 982 2169 1016 earum

290 1051 640 1111 transumptis,
671 1052 821 1098 etiam
850 1051 1136 1110 impressis,
1169 1051 1361 1099 notarii
1384 1049 1573 1110 publici
1600 1063 1751 1096 manu
1769 1052 2085 1112 subscriptio,
2105 1065 2169 1101 ac

290 1137 461 1196 sigillo
489 1135 704 1194 praelati
721 1135 1069 1182 Ecclesiastici
1095 1136 1401 1196 obsignatis,
1432 1135 1605 1182 eadem
1633 1134 1814 1191 ubique
1842 1135 2085 1182 habeatur
2102 1138 2168 1184 fi-

293 1221 400 1280 des,
421 1219 694 1278 quaeipsis
712 1219 1046 1278 originalibus
1067 1219 1323 1280 exhibitis,
1346 1219 1431 1266 vel
1450 1218 1669 1265 ostensis
1686 1218 1972 1265 haberetur.
2024 1221 2173 1268 Nulli

291 1318 416 1364 ergo
438 1304 646 1352 omnino
667 1304 924 1350 bominum
951 1304 1104 1351 liceat
1129 1304 1258 1350 hanc
1280 1301 1514 1361 paginam
1534 1303 1699 1348 nostri
1718 1304 1909 1362 statuti,
1932 1304 2167 1350 declara-

285 1390 464 1449 tionis,
485 1390 828 1446 decretorum,
850 1387 1190 1446 voluntatum,
1220 1386 1577 1444 prohibitionis
1594 1417 1610 1446 ,
1642 1389 1694 1432 et
1712 1386 2059 1445 derogationis
2080 1388 2169 1434 in-

285 1474 543 1532 fringere,
589 1471 675 1519 vel
709 1471 758 1516 ei
791 1484 918 1517 ausu
954 1471 1227 1518 temerario
1268 1469 1542 1518 contraire.
1621 1469 1675 1516 Si
1715 1471 1827 1528 quis
1862 1473 2028 1518 autem
2062 1470 2170 1518 hoc

289 1558 538 1604 attentare
560 1555 972 1613 praesumpserit,
1005 1553 1407 1612 indignationem
1428 1553 1790 1612 omnipotentis
1811 1555 1933 1616 Dei,
1961 1567 2020 1602 ac
2038 1557 2169 1603 bea-

283 1643 450 1688 torum
470 1639 628 1699 Petri,
649 1641 701 1686 et
717 1639 862 1684 Pauli
879 1638 1229 1696 apostolorum
1248 1639 1359 1696 ejus
1374 1650 1434 1685 se
1452 1639 1659 1686 noverit
1677 1639 2012 1686 incursurum.

350 1765 465 1810 Dat.
484 1765 673 1809 Romae
693 1762 824 1820 apud
843 1765 1065 1810 sanctam
1085 1763 1297 1808 Mariam
1318 1761 1595 1822 Majorem,
1625 1763 1774 1807 Anno
1795 1763 2168 1811 incarnationis

417 1831 715 1879 Dominicae
736 1831 884 1876 1589.
919 1831 1032 1878 Kal.
1052 1830 1242 1889 Martii,
1263 1830 1589 1876 Pontificatus
1608 1831 1773 1876 nostri
1795 1844 1840 1876 a.
1860 1831 2055 1887 quinto.

589 2138 678 2201 In
702 2136 914 2200 Biblia
939 2134 1144 2201 Sacra
1183 2135 1502 2221 Vulgatae
1527 2136 1857 2201 Editiom‘e

475 2276 665 2324 nomae.
695 2289 758 2319 οι
785 2274 1032 2332 ‘rypognp
1039 2274 1113 2319 111.
1143 2274 1412 2332 Apo-tone.
1437 2275 1677 2320 Vaticana.
1708 2279 1832 2321 1592.
1860 2274 1956 2319 not

512 2388 1030 2458 PRAEFATIO
1107 2390 1223 2448 AD
1295 2390 1811 2449 LECTOREM.
1858 2380 1919 2462 ⁴)

385 2640 454 2713 111
479 2666 677 2726 multis,
706 2664 1000 2725 magnisque
1019 2665 1276 2711 beneficiis
1288 2695 1303 2724 ,
1336 2678 1463 2722 quae
1482 2675 1571 2720 per
1593 2673 1787 2707 sacram
1808 2654 2160 2705 Tridentinam

287 2751 544 2810 Synodum
561 2750 825 2799 Ecclesiae
851 2762 972 2795 suae
999 2748 1136 2793 Deus
1166 2747 1403 2805 contulit,
1432 2745 1482 2792 id
1512 2746 1565 2792 in
1593 2744 1767 2803 primis
1797 2739 2162 2788 numerandum

285 2833 510 2891 videtur,
540 2834 672 2890 quod
701 2834 833 2880 inter
859 2834 938 2878 tot
954 2830 1161 2877 Latinas
1190 2830 1439 2876 editiones
1460 2829 1743 2875 divinarum
1768 2826 2157 2884 Scripturarum,

285 2915 444 2965 solam
467 2920 687 2963 veterem
715 2931 773 2963 ac
794 2918 1045 2975 vulgatam
1057 2946 1072 2975 ,
1103 2928 1230 2973 quae
1245 2914 1407 2972 longo
1436 2916 1513 2960 tot
1534 2912 1849 2961 saeculorum
1866 2923 1964 2956 usu
1983 2909 2036 2954 in
2056 2906 2159 2953 Ec-

391 3148 433 3200 ·)
465 3144 636 3186 Auctor
661 3148 733 3185 est
753 3142 889 3185 θαι-«ἰ.
909 3146 986 3187 Ro
1003 3148 1043 3187 b.
1063 3144 1483 3193 Bollarminus,
1518 3141 1752 3187 societatis
1777 3140 1889 3184 Jesu
1916 3138 1975 3193 (†
1994 3137 2158 3191 1621.)‚

283 3220 458 3262 fatente
478 3216 636 3259 eodem
655 3216 700 3277 in
720 3213 860 3265 libro,
888 3227 1016 3268 quem
1038 3218 1093 3260 do
1121 3218 1242 3260 vita
1270 3228 1368 3261 sua
1394 3215 1685 3270 conscripsit,
1708 3225 1750 3255 a.
1770 3213 1936 3257 aetatis
1956 3220 2063 3253 suae
2083 3220 2158 3251 se-

284 3289 564 3347 ptuagesimo
593 3287 740 3342 primo
767 3300 809 3329 o.
841 3290 966 3330 1613.
999 3288 1073 3333 Cf.
1097 3302 1210 3342 quoe
1240 3291 1295 3332 de
1326 3289 1460 3342 hujus
1484 3288 1574 3330 viri
1596 3288 1649 3329 in
1668 3286 1751 3329 huc
1769 3298 1819 3327 ro
1837 3284 2002 3326 officiis
2021 3284 2069 3323 et
2082 3280 2160 3332 ju-

287 3364 427 3412 dicio,
458 3362 600 3417 deque
630 3358 742 3402 bibl.
764 3359 1048 3403 Sixtinorum
1083 3365 1130 3403 et
1151 3360 1533 3404 clementinorum
1552 3358 1742 3402 historio
1770 3357 1951 3413 copiose
1978 3351 2164 3396 subtili-

285 3442 443 3487 terque
478 3432 694 3489 exposuit
730 3432 784 3473 L.
821 3442 929 3473 van
963 3432 1069 3475 Ess
1105 3433 1153 3474 in
1187 3432 1244 3476 l.:
1282 3431 1668 3489 pragmatisch
1689 3454 1708 3463 -
1726 3426 2013 3473 kritischo
2061 3424 2167 3467 Go-

288 3505 550 3548 schichte
582 3504 683 3547 der
707 3501 976 3555 Vulgata.
1036 3501 1251 3557 Tabing„
1276 3508 1399 3548 1824.
1420 3510 1461 3548 8.
1484 3518 1531 3560 p.
1551 3508 1635 3548 290
1656 3516 1750 3559 sqq.
