2376 3925
322 218 424 270 186

624 214 889 268 Ac'rUS
942 209 1591 266 APOSTOLORUM.
1648 207 1816 260 CAP.
1853 210 1904 258 2.

324 283 2209 310 *W

391 322 438 365 ⁶1.
476 319 751 377 Stupebant
768 319 935 364 autem
954 328 1129 362 omnes
1140 345 1155 374 ,
1176 316 1229 361 et

326 387 651 444 mirabantur,
672 385 897 432 dicentes
910 383 1119 430 :Nonne
1138 396 1226 429 ec-

326 452 406 499 ce!
446 465 619 499 omnes
656 451 766 511 isti,
814 451 899 509 qui
932 450 1224 508 loquuntur,

328 518 586 566 Galilaeiy
605 519 751 565 sunt‘i

394 589 441 630 8.
474 586 545 632 Et
561 585 812 643 quomodo
832 596 928 630 nos
944 582 1226 630 audivimus

324 653 666 710 unu-quiaque
710 652 934 710 linguam
976 651 1225 709 nostram,

326 720 382 765 in
400 733 499 777 qua
514 720 623 766 nati
639 719 836 766 sumus?

395 790 443 833 9.
480 786 667 845 Parthi,
689 787 739 832 et
754 785 917 844 Medi,
938 786 991 831 et
1005 783 1229 830 Aelami-

326 856 437 913 tae,
476 856 527 900 et
554 853 639 910 qui
665 851 893 899 habitant
929 853 1228 908 Mesopota-

324 921 493 979 miam,
504 919 763 977 Judaeum,
777 921 828 964 et
840 917 1228 976 Cappadociam,

326 987 560 1045 Pontum,
581 989 633 1032 et
648 985 836 1044 Asiam,

394 1068 475 1112 10.
508 1065 795 1125 Phrygiam,
808 1063 1228 1123 etPamphyliam,

326 1135 636 1192 Aegyptum,
701 1135 752 1179 et
803 1135 970 1190 partes
1019 1131 1228 1191 Libyae,

328 1213 457 1255 quae
486 1203 564 1246 est
590 1200 728 1247 cirea
756 1201 1021 1258 Cyrenen,
1060 1200 1113 1245 et
1139 1199 1230 1245 ad—

330 1279 491 1314 venae
508 1266 738 1326 Romani,

396 1336 477 1381 11.
513 1335 691 1381 ludaei
709 1347 933 1393 quoque,
966 1336 1019 1380 et
1043 1332 1230 1379 Prose-

328 1401 439 1460 lyti,
475 1403 668 1459 cretes,
700 1404 751 1447 et
775 1402 995 1458 Arabes3
1034 1398 1231 1446 audivi-

326 1481 436 1513 mus
448 1481 537 1514 eoa
550 1468 821 1524 ,loquentes
832 1467 1021 1514 nostris
1038 1465 1227 1524 linguis

329 1533 583 1591 magnalia
599 1533 711 1578 Dei.

396 1602 476 1646 12.
513 1601 789 1658 Stupebant
832 1603 998 1646 autem
1034 1611 1228 1659 omnes,

331 1671 381 1713 et
397 1669 704 1713 mirabantur
723 1667 785 1714 ad
803 1666 1035 1726 invicem,
1056 1665 1231 1713 dicen-

326 1738 431 1781 tes:
455 1734 701 1788 Quidnam
720 1734 829 1780 vult
844 1734 943 1781 hoc
962 1733 1105 1782 esse!

398 1820 478 1865 13.
498 1818 602 1864 Alii
620 1821 787 1865 autem
803 1816 1071 1865 irridentes
1092 1815 1231 1864 dice-

330 1889 477 1934 bant:
508 1886 639 1940 Quia
655 1887 818 1932 musto
837 1885 978 1944 pleni
996 1887 1112 1932 sunt
1129 1884 1229 1932 isti.

398 1973 479 2016 14.
516 1972 665 2018 Stans
702 1974 867 2017 autem
902 1971 1081 2016 Petrus
1119 1982 1231 2016 cum

330 2038 563 2084 undecim
577 2037 770 2083 levavit
791 2049 965 2081 vocem
982 2048 1149 2094 suam,
1180 2038 1232 2081 et

331 2105 529 2149 locutus
561 2106 638 2147 est
668 2101 766 2147 eis:
806 2102 917 2147 Viri
942 2100 1147 2159 Iudaei,
1180 2103 1232 2147 et

332 2168 417 2224 qui
436 2167 669 2213 habitatis
687 2167 960 2213 Ierusalem
975 2166 1228 2213 universi!

328 2234 427 2283 ho·
457 2232 599 2279 vobis
624 2237 801 2279 notum
829 2234 911 2292 sit,
948 2236 1000 2280 et
1026 2232 1229 2282 auribus

328 2299 573 2359 percipite
594 2301 747 2345 verba
763 2313 890 2346 mea.
975 2302 982 2310 '

397 2383 477 2427 15.
511 2381 629 2425 Non
647 2379 798 2439 enim,
816 2381 947 2427 sicut
964 2394 1055 2427 vos
1075 2383 1230 2428 aesti-

331 2449 495 2508 matis,
515 2448 569 2494 hi
588 2446 717 2495 ebrii
734 2449 869 2507 sunt,
890 2462 999 2495 cum
1019 2448 1086 2495 sit
1101 2448 1232 2495 hora

334 2517 434 2563 diei
452 2515 625 2572 tertia3

400 2586 480 2629 16.
517 2583 606 2629 sed
630 2583 729 2629 hoc
754 2584 857 2642 est,
884 2582 1015 2640 quod
1047 2582 1230 2629 dictum

334 2653 409 2695 est
427 2665 516 2708 per
534 2650 835 2707 Prophetam
856 2649 1030 2696 Joe1⁸z

401 2734 480 2778 17.
502 2734 606 2792 „Et
624 2733 722 2781 erit
738 2733 793 2780 in
810 2730 1099 2779 novissimis
1119 2731 1228 2777 die-

334 2800 461 2855 „bus
500 2798 643 2858 (dicit
675 2799 943 2860 Dominus)
980 2798 1231 2846 effundam

333 2864 432 2923 „de
470 2865 657 2921 Spiritu
692 2882 805 2916 meo
842 2880 993 2926 super
1031 2879 1231 2913 omnem

334 2939 635 2990 „carnem“;
665 2936 715 2979 et
740 2936 1111 2995 prophetabunt
1138 2932 1231 2979 filii

333 2996 529 3058 „vestri
548 2999 599 3043 et
614 2997 745 3045 filiae
765 3004 992 3059 vestrae,
1012 3003 1064 3048 et
1076 3000 1229 3058 juve-

334 3076 463 3122 „nes
484 3064 641 3109 vestri
658 3064 881 3115 visiones
904 3068 1158 3127 videbunt,
1178 3068 1231 3114 et

376 3182 401 3209 :r
418 3174 544 3209 Marc.
572 3174 642 3213 14,
667 3174 726 3209 70.

798 3179 817 3196 ‘
833 3172 921 3211 ³001
948 3187 983 3212 c.
1007 3178 1053 3219 3,
1079 3180 1113 3213 1.
1142 3184 1230 3223 sqq.

330 3226 365 3254 ⁰.
386 3231 407 3254 c
425 3223 485 3260 10,
501 3220 565 3255 4⁵.

1295 312 1563 372 „seniores
1579 309 1738 356 vestri
1755 309 1954 356 somnia
1971 313 2204 360 somnia-

1295 379 1470 439 „bunt.

1359 447 1441 492 18.
1477 443 1583 504 „Et
1607 443 1808 501 quidem
1835 456 1992 502 super
2019 458 2206 492 servos

1294 524 1471 572 „meos
1499 513 1550 558 et
1577 523 1730 568 super
1757 511 1970 558 ancillas
1989 525 2130 559 meas
2149 513 2205 559 in

1293 578 1505 640 „diebus
1523 577 1626 624 illis
1647 576 1900 624 effundam
1929 578 1991 625 de
2011 579 2204 636 Spiritu

1294 658 1464 706 „meo,
1485 647 1536 691 et
1552 643 1942 703 prophetabunt.

1360 727 1442 771 19.
1478 724 1720 784 „Etdabo
1731 724 1970 784 prodigia
1985 725 2204 772 incoelo

1294 805 1530 852 „sursum
1542 822 1557 851 ,
1578 793 1631 838 et
1649 790 1797 849 signa
1813 791 1870 837 in
1889 793 2032 838 terra
2049 792 2203 840 deor-

1296 873 1469 920 „sum,
1499 857 1822 917 sanguinem,
1851 861 1905 905 et
1930 858 2133 919 ignem,
2153 865 2204 905 et

1297 939 1575 987 „vaporem
1592 925 1732 972 fumi.

1364 1008 1445 1052 20.
1480 1005 1610 1066 „Sol
1630 1007 1952 1052 convertetur
1969 1004 2027 1050 iu
2054 1009 2202 1053 tene-

1298 1074 1470 1133 „bras,
1492 1075 1543 1119 et
1557 1071 1679 1118 luna
1697 1072 1752 1118 in
1771 1071 2087 1132 sanguinem,
2109 1085 2203 1120 an-

1298 1142 1536 1199 „tequam
1554 1138 1727 1185 veniat
1743 1139 1848 1186 dies
1865 1137 2073 1184 Domini
2092 1152 2204 1186 ma-

1298 1219 1464 1267 „gnus
1487 1209 1538 1253 et
1555 1205 1867 1253 manifestus.

1365 1275 1445 1320 21.
1481 1273 1589 1333 „Et
1606 1272 1727 1320 erit:
1761 1271 1952 1332 omnis,
1973 1273 2201 1331 quicum-

1297 1353 1432 1400 „que
1463 1339 1784 1386 invocaverit
1809 1352 2000 1387 nomen
2022 1339 2202 1387 Domi-

1298 1407 1408 1467 „ui,
1429 1407 1598 1453 salvus
1619 1399 1805 1453 erit.“⁶

1365 1492 1444 1536 22.
1478 1489 1591 1537 Viri
1599 1487 1879 1538 Israelitae!
1892 1489 2064 1538 audite
2083 1503 2200 1537 ver-

1296 1559 1360 1604 ba
1376 1558 1527 1604 haee:
1555 1558 1588 1603 J
1591 1571 1729 1604 esum
1746 1559 2095 1617 Nazarenum,
2123 1559 2199 1604 vi-

1295 1636 1408 1670 rum
1427 1626 1756 1683 approbatum
1773 1639 1804 1671 a
1821 1624 1934 1671 Deo
1964 1625 2021 1670 in
2040 1625 2197 1683 vobis,

1298 1691 1583 1751 virtutibus,
1605 1693 1656 1738 et
1672 1691 1938 1751 prodigiis,
1955 1695 2010 1738 et
2027 1690 2198 1750 signis,

1297 1771 1424 1816 quae
1442 1758 1565 1805 fecit
1581 1758 1719 1805 Deus
1738 1772 1830 1818 per
1859 1759 2006 1804 illum
2022 1759 2080 1804 iu
2097 1773 2197 1806 me-

1297 1826 1381 1872 dio
1401 1825 1576 1886 vestri,
1596 1826 1726 1873 sicut
1744 1828 1797 1872 et
1813 1839 1910 1873 vos
1929 1825 2096 1884 sciti-3

1362 1911 1444 1956 23.
1478 1911 1613 1958 huno
1641 1909 1845 1956 definito
1875 1909 2124 1973 consilio,
2153 1913 2201 1956 et

1296 1978 1662 2037 praescientia⁰
1686 1977 1786 2026 Dei
1811 1978 2078 2038 traditum,
2113 1992 2200 2037 per

1295 2058 1472 2092 manus
1498 2045 1788 2104 iniquorum
1811 2045 2094 2105 affligentes
2119 2046 2197 2091 in-

1295 2112 1597 2172 teremistis;

1362 2180 1442 2225 24.
1475 2192 1620 2236 quem
1627 2180 1766 2227 Deus
1782 2179 2049 2226 suscitavit
2059 2171 2104 2239 ὅ,
2116 2192 2197 2225 so—

1291 2245 1413 2293 lutis
1467 2246 1725 2293 doloribus
1779 2246 1974 2293 inferni
1991 2276 2010 2306 ,
2057 2246 2199 2304 juxta

1295 2311 1428 2370 quod
1457 2312 1768 2371 impossibile
1795 2314 1908 2360 erat
1933 2314 2105 2361 teneri
2137 2313 2196 2358 il-

1296 2379 1400 2427 lum
1419 2383 1478 2427 ab
1499 2393 1578 2427 eo.

1364 2447 1445 2493 25.
1478 2446 1643 2493 David
1670 2446 1805 2493 enim
1835 2446 1956 2493 dicit
1983 2448 2044 2493 in
2063 2461 2195 2495 eum:

1295 2513 1665 2573 „Providebam
1688 2513 1965 2561 Dominum
1993 2515 2051 2561 in
2078 2528 2199 2562 con·

1295 2582 1507 2640 „spectu
1523 2594 1638 2627 meo
1659 2592 1882 2638 semper:
1915 2581 2154 2638 quoniam
2171 2594 2199 2627 a

1294 2646 1524 2707 „dextris
1552 2649 1630 2695 est
1647 2646 1796 2709 mihi,
1822 2660 1891 2694 ne
1909 2661 2197 2695 commove-

1295 2726 1390 2775 »ΒΓ
1406 2728 1422 2771 3

1361 2782 1442 2827 26.
1479 2781 1730 2839 „Propter
1747 2780 1846 2827 hoc
1863 2780 2109 2829 laetatum
2127 2784 2200 2828 est

1295 2860 1424 2907 „cor
1442 2861 1635 2907 meum,
1671 2849 1724 2895 et
1752 2846 2006 2895 exultavit
2030 2849 2198 2907 lingua

1295 2928 1470 2974 „mea,
1506 2914 1714 2972 insuper
1743 2917 1794 2963 et
1827 2927 1948 2962 earo
1976 2928 2091 2963 mea
2115 2928 2196 2961 re-

1294 2981 1558 3042 „quiescet
1574 2982 1628 3027 in
1647 2993 1765 3041 spe3

1360 3050 1441 3093 27.
1462 3048 1736 3108 „quoniam
1754 3060 1862 3094 non
1879 3047 2195 3108 derelinques

1295 3115 1548 3176 „animam
1574 3128 1735 3162 meam
1764 3114 1818 3161 in
1838 3115 2075 3177 interno,
2106 3129 2194 3164 nee

1340 3222 1356 3250 δ
1373 3221 1486 3260 Rom.
1506 3228 1566 3266 10,
1586 3228 1642 3262 13.
1692 3230 1709 3250 θ
1723 3222 1823 3260 Luc.
1843 3227 1913 3267 22,
1931 3228 1994 3261 22.
2045 3225 2068 3252 δ
2083 3236 2121 3262 ν.
2136 3228 2191 3262 32.

442 3364 555 3419 Cap.
582 3363 646 3405 11.
712 3366 753 3405 7.
784 3378 936 3407 omnes
963 3378 1067 3407 ecco
1095 3367 1187 3411 isti.
1261 3372 1304 3412 9.
1346 3370 1715 3425 Mesopotamiam
1744 3376 1793 3413 et
1816 3370 2044 3417 Judaeum
2073 3371 2188 3426 (sic)-

332 3422 399 3458 11.
428 3417 665 3471 loquentes
691 3432 784 3461 eos.
865 3424 931 3460 12.
960 3418 1058 3461 vult
1084 3434 1200 3465 esse.
1274 3428 1342 3465 22-
1374 3438 1458 3479 per
1483 3424 1612 3469 illum
1639 3427 1788 3476 Deum
1816 3426 1927 3471 ibid.
1964 3428 2084 3470 sicut
2120 3440 2188 3468 vos

332 3474 477 3537 (cissent
492 3475 577 3525 et).
634 3477 703 3516 2³·
736 3472 922 3515 consilio
942 3476 1243 3527 praescientia
1263 3479 1405 3531 (deest
1422 3481 1514 3531 et);
1545 3480 1654 3523 ibid.
1675 3480 1942 3533 adfigentes.
2001 3486 2074 3525 25.
2105 3482 2186 3524 nn-

332 3536 493 3567 mmum
514 3539 659 3568 coram
679 3541 748 3571 me
769 3541 945 3581 semper
964 3529 1170 3580 quoniam
1187 3543 1231 3571 a.
1290 3536 1357 3573 26.
1390 3531 1658 3577 delectatum
1680 3542 1774 3585 est3
1802 3535 1913 3579 ibid.
1934 3538 2183 3591 requiescit-
