2376 3925
795 139 1187 193 JOANNES.

244 247 413 292 semet
428 244 595 302 ipsos:
628 243 745 296 Quo
770 243 853 290 hic
879 243 1042 289 iturus
1064 245 1157 304 est,

246 311 371 369 quia
388 324 493 358 non
515 310 834 357 inveniemus
853 311 995 356 eum?
1010 324 1159 356 num-

248 378 373 436 quid
406 379 463 425 in
506 377 875 435 dispersionem
923 377 1161 424 Gentium

246 447 414 492 iturus
434 448 531 504 est,
552 446 607 491 et
624 445 860 492 docturus
880 445 1101 492 Gentes?

320 514 401 558 36.
441 513 567 564 Quis
589 514 666 559 est
683 512 763 559 hic
790 525 983 572 sermo,
1013 525 1162 569 quem

248 579 406 626 dixit:
420 579 688 632 aunei-etis
706 593 804 640 me,
817 581 871 626 et
885 591 995 626 non
1012 580 1159 626 inve-

248 647 435 704 nietis3
468 648 519 694 et
544 645 627 694 ubi
656 660 766 694 sum
785 660 910 706 ego,
941 659 1035 693 vos
1052 660 1161 693 non

246 714 471 774 potestis
492 714 699 760 venire?
753 761 762 774 .

320 782 403 827 37.
444 783 507 826 In
549 781 831 828 novissimo
876 782 1044 828 autem
1081 781 1161 829 die

248 853 489 907 mag-now
514 849 806 895 festivitatis
833 850 996 895 stabat
1012 850 1161 895 Jesus

253 917 311 962 et
326 915 587 975 clamabat,
610 915 809 963 dicens:
833 916 889 964 Si
905 916 1016 973 quis
1038 916 1161 975 sitit,

254 983 430 1029 veniat
446 982 510 1029 ad
526 997 609 1030 me
629 985 681 1030 et
701 982 859 1031 bibat!

327 1051 406 1096 38.
442 1051 579 1104 Qui-¹*
615 1051 779 1098 credit
802 1051 858 1097 in
886 1063 993 1110 me,
1033 1050 1165 1096 sicut

256 1115 381 1162 dicit
438 1117 723 1176 Scriptura:
795 1118 1040 1178 „flumina
1102 1117 1163 1163 de

254 1185 476 1244 „ventre
486 1185 599 1245 ejus
616 1186 777 1232 fluent
784 1198 945 1242 aquae
959 1183 1161 1231 vivae.“

323 1252 405 1296 39.
438 1252 550 1298 Hoc
569 1256 731 1298 autem
752 1252 882 1300 dixit
908 1251 969 1299 de
995 1251 1163 1310 spiri-

248 1321 325 1378 tu,
336 1331 487 1375 quem
504 1320 761 1378 accepturi
778 1322 927 1367 eraut
946 1319 1162 1366 creden-

248 1388 331 1432 tes
356 1385 413 1431 in
454 1397 595 1444 eum3
634 1386 861 1434 nondum
889 1388 1027 1434 euim
1053 1388 1165 1434 erat

250 1452 473 1510 Spiritus
502 1453 672 1513 datus,
705 1455 823 1510 quia.
845 1455 997 1502 Jesus
1024 1467 1161 1501 non-

251 1519 374 1566 dum
392 1522 501 1566 erat
520 1520 847 1578 glorificatus.

320 1587 402 1631 40.
444 1587 529 1634 Ex
574 1587 664 1634 illa
700 1601 825 1647 ergo
860 1591 1010 1636 turba
1050 1603 1162 1636 cum

251 1651 516 1700 audissent
562 1655 659 1700 hos
712 1667 975 1702 sermones
1031 1657 1161 1715 ejus,

252 1720 515 1768 dicebaut:
534 1721 629 1766 Hic
650 1723 727 1767 est
748 1734 867 1769 vere
884 1722 1161 1780 Propheta!

318 1803 382 1846 41
390 1833 404 1846 .
441 1799 546 1845 Alii
556 1799 788 1847 dicebant
798 1813 809 1845 ε
818 1801 914 1847 Hic
928 1804 1005 1848 est
1016 1801 1163 1849 Chri-

249 1867 382 1914 stus!
438 1866 652 1920 Quidam
698 1870 865 1914 autem
904 1867 1161 1915 dicebant:

248 1934 547 1994 Numquid]
564 1947 597 1982 a
615 1935 842 1983 Galilaea
860 1936 1003 1984 venit
1015 1937 1162 1983 Chri-

248 2004 390 2050 stris?

317 2073 400 2117 42.
449 2071 635 2117 Nonne
698 2072 960 2130 Scriptura
1012 2072 1159 2120 dicitt

250 2138 385 2193 Quia
422 2152 529 2197 „ex
564 2138 756 2185 semine
789 2139 971 2198 David,
1010 2143 1063 2187 et
1098 2140 1159 2187 de

246 2204 582 2266 „Bethlehem
627 2206 866 2267 castello,
916 2208 1005 2254 ubi
1050 2210 1160 2254 erat

248 2273 473 2333 „David‚
495 2273 638 2319 venit
657 2272 991 2320 Christus‘l‘fl‘

317 2340 398 2385 43.
434 2339 700 2387 Dissensio
730 2338 901 2397 itaque
928 2339 1062 2387 facta
1081 2341 1160 2387 est

244 2407 301 2452 in
325 2407 471 2453 turba
488 2409 699 2465 propter
717 2422 849 2454 eum.

316 2475 400 2519 44.
422 2474 633 2528 Quidam
654 2476 819 2521 autem
840 2487 907 2523 ex
923 2474 1047 2534 ipsis
1058 2487 1157 2522 vo·-

244 2541 425 2587 lebant
460 2542 841 2599 apprehendere
878 2556 1015 2601 eum3
1068 2542 1156 2590 sed

247 2620 403 2654 nemo
423 2608 563 2655 misit
581 2622 733 2668 super
754 2622 868 2657 eum
886 2622 1079 2663 manus.

318 2675 399 2719 45.
432 2676 695 2725 Venerunt
714 2691 837 2735 ergo
856 2678 1075 2727 ministri
1094 2679 1157 2724 ad

244 2741 523 2790 Pontifices
576 2746 629 2790 et
677 2744 995 2793 Pharisaeos.
1088 2745 1158 2792 Et

246 2808 490 2856 dixerunt
510 2810 585 2858 eis
603 2810 705 2857 illi:
737 2812 907 2863 Quare
930 2826 1037 2858 non
1066 2812 1156 2858 ad-

246 2876 463 2923 duxistis
482 2878 654 2923 illum?

314 2946 398 2990 46.
460 2944 851 3003 Responderunt
908 2944 1152 2990 ministri:

296 3048 329 3066 ’ν
348 3040 481 3077 Levit.
498 3044 559 3083 23,
577 3044 638 3079 36.
697 3047 725 3065 0
742 3051 777 3075 c.
802 3041 829 3075 4
842 3064 850 3077 .
880 3043 939 3075 14.
994 3046 1019 3074 1
1034 3051 1075 3076 v.
1092 3042 1153 3076 27.

244 3093 283 3125 ι.
301 3090 368 3123 46.
417 3094 436 3113 ι
454 3087 599 3125 Μιιιιι.
619 3091 656 3129 2,
674 3088 710 3124 ⁵.
728 3096 815 3134 sqq.
834 3089 893 3128 22,
911 3088 975 3121 42.

1261 140 1434 192 cAP.
1470 144 1521 192 7.
1543 145 1589 192 8.
2033 147 2138 196 1δῖ

1227 244 1508 299 Numquam
1519 250 1544 273 ‘¹
1557 245 1630 290 sie
1649 244 1850 293 locutus
1869 252 1947 294 est
1963 248 2138 304 homo,

1231 310 1362 356 sicut
1379 311 1462 356 hic
1481 311 1650 356 homo.

1295 378 1378 422 47.
1445 378 1834 435 Responderunt
1883 393 2007 439 ergo
2061 382 2136 428 eis

1228 443 1516 490 Pharisaei:
1557 446 1806 503 Numquid
1839 449 1895 493 et
1917 461 2010 494 vos
2051 461 2136 495 se-

1231 511 1368 557 ducti
1387 512 1509 558 estis
1521 512 1543 557 2

1297 580 1379 624 48.
1421 579 1674 635 Numquid
1719 592 1787 626 ex
1825 581 2136 640 principibus

1231 645 1411 702 aliquis
1442 646 1658 692 credidit
1685 647 1744 693 in
1771 660 1909 706 eum,
1947 651 2035 695 aut
2069 663 2137 696 ex

1229 713 1551 759 PharisaeisZ

1296 782 1380 825 49.
1417 780 1519 826 Sed
1537 782 1684 828 turba
1701 779 1828 826 haec
1840 811 1855 839 ,
1885 794 2011 838 quae
2031 795 2138 828 non

1231 846 1378 893 novit
1393 847 1579 907 legem,
1599 847 1854 895 maledicti
1872 851 2004 894 sunt.

1301 916 1381 959 50.
1415 914 1563 960 Dixit
1589 914 1895 962 Nicodemus
1931 915 1992 961 ad
2030 929 2139 974 eos,

1232 980 1338 1040 ille,
1362 981 1448 1038 qui
1467 975 1639 1027 venitb
1657 981 1722 1028 ad
1741 996 1855 1029 eum
1872 985 2043 1035 nocte,
2055 984 2141 1040 qui

1232 1061 1361 1094 unus
1383 1049 1492 1095 erat
1511 1061 1577 1096 ex
1594 1049 1744 1106 ipsis:

1301 1116 1382 1160 51.
1418 1114 1671 1172 Numquid
1686 1115 1775 1162 lex
1785 1117 1994 1163 nostrae
1999 1116 2139 1174 judi-

1234 1183 1314 1227 cat
1331 1181 1612 1241 hominem,
1644 1182 1746 1228 nisi
1763 1183 1904 1240 prius
1925 1183 2143 1230 audierit

1233 1250 1294 1295 ab
1315 1247 1446 1308 ipso,
1467 1250 1519 1293 et
1537 1249 1856 1309 cognoverit,
1878 1250 1997 1306 quid
2014 1251 2141 1297 faci-

1232 1315 1316 1362 at?

1301 1383 1383 1429 52.
1415 1381 1808 1440 Responderunt
1828 1385 1880 1429 et
1901 1383 2143 1430 dixerunt

1233 1449 1308 1497 ei:
1336 1450 1590 1507 Numquid
1619 1453 1671 1496 et
1695 1453 1751 1497 tu
1772 1450 2028 1498 Galilaeus
2051 1453 2142 1498 es?

1233 1519 1472 1565 Scrutare
1493 1519 1796 1578 Scripturas,
1811 1521 1863 1565 et
1880 1519 2013 1579 vide,
2024 1519 2141 1576 quia

1231 1599 1262 1630 a
1283 1585 1511 1632 Galilaea
1536 1586 1792 1644 Propheta
1809 1599 1916 1632 non
1936 1586 2121 1645 surgit!

1301 1654 1382 1698 53.
1416 1653 1484 1698 Et
1501 1654 1700 1700 reversi
1733 1656 1852 1699 sunt
1868 1655 2140 1710 unusquis-

1233 1731 1330 1776 que
1349 1719 1405 1764 in
1423 1719 1624 1766 domum
1648 1732 1805 1766 suam.

1501 1849 1592 1898 CA
1602 1848 1661 1898 P.
1727 1849 1870 1902 VIII.

1232 1943 1449 1989 Narratio
1465 1946 1520 1989 de
1539 1945 1726 1991 muliere
1747 1947 1971 1993 adultera.
2010 1950 2140 1995 Chri·

1232 2008 1329 2046 stus
1359 2002 1637 2045 Pharisaeos
1672 2005 1902 2055 confutat3
1935 2007 2138 2051 Judaeos

1232 2059 1366 2101 docet
1384 2072 1438 2101 ac
1452 2059 1700 2111 redarguit.
1748 2058 2021 2107 volentibus
2039 2078 2139 2107 eum

1478 2112 1701 2169 lapidare,
1721 2116 1889 2159 evadit.

1296 2210 1345 2255 1.
1399 2209 1433 2254 J
1435 2221 1550 2254 esus
1599 2210 1768 2257 autem
1809 2214 2042 2270 perrexit
2083 2216 2139 2261 iu

1225 2278 1450 2323 montem
1470 2276 1685 2335 Oliveti3

1293 2344 1342 2389 2.
1379 2344 1430 2405 et
1459 2343 1682 2390 diluculo
1712 2344 1896 2391 iterum
1925 2347 2138 2393 venitin

1225 2411 1486 2471 templum,
1507 2414 1558 2458 et
1577 2411 1740 2457 omnis
1759 2410 1978 2469 populus
1998 2414 2140 2460 veuit

1227 2477 1292 2523 ad
1311 2492 1443 2537 eum,
1464 2481 1515 2526 et
1533 2478 1715 2526 sedens
1737 2477 1951 2524 docebat
1969 2491 2076 2525 eos.

1295 2546 1343 2590 3.
1379 2545 1648 2591 Adducunt
1673 2545 1841 2591 autem
1861 2545 2067 2591 Scribae
2087 2550 2139 2593 et

1225 2612 1488 2659 Pharisaei
1512 2610 1778 2659 mulierem
1801 2610 1858 2656 in
1884 2610 2135 2661 adulterio

1227 2679 1619 2738 deprehensam3
1651 2679 1704 2724 et
1723 2676 2009 2725 statuerunt
2025 2694 2136 2728 eam

1224 2747 1279 2793 in
1293 2747 1478 2805 medio,

1290 2814 1340 2859 4.
1377 2814 1428 2858 et
1465 2810 1706 2857 dixerunt
1740 2806 1816 2855 ei:
1859 2812 2130 2872 Magister!

1223 2879 1350 2925 haec
1395 2876 1576 2923 mulier
1621 2875 1773 2923 modo
1819 2876 2132 2938 deprehensa

1225 2947 1302 2991 est
1319 2945 1372 2992 in
1393 2942 1661 2989 adulterio.

1269 3047 1292 3066 ⁸
1308 3020 1452 3077 Manli.
1481 3042 1516 3081 7,
1543 3041 1606 3075 28.
1637 3040 1737 3077 Luc.
1761 3042 1803 3084 4,
1821 3044 1882 3078 22.
1948 3044 1967 3070 ⁶
1985 3056 2020 3080 e.
2038 3048 2075 3086 3,
2095 3048 2128 3080 1.

1224 3093 1241 3113 θ
1256 3086 1391 3124 Exod.
1408 3088 1471 3127 23,
1491 3089 1527 3122 1.
1545 3084 1668 3124 Deut.
1688 3090 1747 3131 17,
1764 3090 1802 3124 8.
1820 3092 1880 3131 19,
1899 3093 1958 3129 16.
1976 3100 2061 3137 sqq.

367 3234 482 3290 Cap.
512 3232 619 3276 VII.
686 3235 757 3276 36.
787 3246 875 3275 non
905 3233 1099 3287 potestis
1126 3233 1301 3288 (omiss.
1327 3234 1446 3289 vos).
1510 3238 1582 3278 87.
1621 3236 1696 3291 qui
1725 3237 1827 3278 sitit
1853 3236 2024 3291 (omiss.
2055 3237 2132 3291 si).

243 3296 319 3337 39.
351 3304 441 3334 uon
468 3290 602 3333 enim·
659 3294 730 3331 40.
762 3302 826 3333 ex
850 3286 932 3331 illa
960 3302 1064 3341 ergo
1094 3289 1229 3331 turba
1263 3291 1419 3345 (turha
1447 3294 1512 3335 ad
1533 3290 1793 3346 marginem
1819 3305 1920 3333 cum
1953 3290 2136 3335 minutis

246 3347 435 3401 literis).
494 3350 565 3388 41.
598 3343 806 3389 Christus
834 3345 975 3387 venit.
1032 3348 1102 3387 44-
1136 3358 1274 3399 super
1299 3344 1444 3389 illum.
1501 3352 1572 3391 45.
1604 3360 1719 3390 eum.
1777 3350 1847 3388 48.
1877 3344 2044 3399 aliquis
2071 3359 2135 3390 ex

248 3403 556 3459 principibus.
614 3404 683 3443 50.
716 3401 843 3444 dicit.
901 3404 970 3442 51.
1001 3402 1199 3443 audierit
1227 3402 1282 3443 ab
1312 3403 1416 3458 ipso
1445 3404 1590 3458 prius.
1649 3406 1720 3445 52.
1751 3405 1950 3445 scrutare
1969 3407 2016 3445 et
2031 3402 2136 3445 vide

252 3458 430 3514 (omiss.
448 3458 749 3512 scripturas);
772 3455 879 3501 ibid.
904 3456 1130 3512 propheta
1150 3469 1179 3497 a
1203 3456 1424 3501 Galilaea.
