2376 3925
293 169 414 216 xlv
720 166 1268 214 coquN'ra‘rlo
1325 168 1743 214 Isaooolca.

297 296 564 354 Distabat
589 298 742 354 enim
766 314 930 353 mons
951 293 1193 353 Casinus
1221 298 1464 373 triginta
1488 299 1724 354 circiter
1750 315 2017 372 passuum
2040 300 2173 354 mil-

295 381 444 437 libus
471 399 506 436 a
535 379 808 436 coenobio
835 378 1144 438 Set-nandi.
1234 376 1410 452 Cujus
1438 381 1526 435 rei
1558 379 1728 437 fidem
1754 382 1897 437 facit
1924 377 2174 436 Gazoro-

295 477 432 518 nlus
461 462 537 519 Μ.
566 465 631 518 in
655 461 1022 540 dialogorum
1045 463 1081 515 l.
1109 459 1179 516 11.
1210 479 1259 516 c.
1287 462 1385 518 35.
1411 461 1502 517 his
1528 463 1749 520 verbis:
1790 463 1919 520 Alio
1949 481 2175 540 quoque

294 555 549 620 tempore
575 543 916 610 Servandus
934 541 1227 600 Diaconus
1254 552 1427 620 atque
1454 543 1641 602 Abbas
1667 549 1790 619 ejus
1818 548 2176 617 monasterii,

296 628 447 704 quod
481 629 544 684 in
580 625 922 702 Campaniae
957 625 1217 700 partibus
1254 645 1289 682 a
1323 625 1559 684 liberio
1608 628 1895 703 quondam
1927 626 2175 684 Patritio

295 711 485 766 fuerat
513 718 932 779 constructum,
967 708 1039 764 ad
1063 706 1445 768 Benedictam
1478 712 1830 768 visitationis
1868 713 2058 787 gratia
2100 730 2178 766 ex

295 812 454 849 more
495 801 839 851 convenerat
879 800 988 846 etc.
1073 789 1359 848 Narratur
1391 793 1567 850 etiam
1580 833 1600 865 ‚
1640 792 2004 851 servandum
2042 811 2077 848 a
2112 793 2175 852 S.

294 871 616 935 Benedicta
641 882 846 930 testem
870 875 1050 932 fuisse
1072 884 1363 947 vocatum,
1385 874 1519 932 dum
1544 877 1794 932 orationi
1816 895 1919 951 per
1943 885 2178 932 noctem

297 957 371 1016 ad
395 959 704 1014 fenestram
727 965 982 1028 vacaret,
1008 966 1075 1014 ut
1117 955 1428 1028 Germani,
1463 960 1716 1034 episcopi
1745 955 2020 1034 Capuani,
2045 961 2176 1014 ani-

297 1060 448 1097 mam
473 1041 535 1096 in
564 1041 752 1098 coelos
778 1040 1080 1096 abeuntem
1105 1040 1350 1113 videret,
1376 1042 1446 1098 ab
1473 1044 1697 1120 angelis
1723 1043 1787 1098 in
1811 1041 1997 1098 medio
2023 1043 2175 1104 luci-

298 1125 563 1180 dissimae
589 1125 795 1199 igneae
823 1121 1094 1197 sphaerae
1123 1122 1384 1179 delatam.
1416 1156 1489 1166 —

415 1203 542 1260 Jam
579 1224 653 1262 ex
687 1205 903 1263 duobus
941 1207 1143 1280 primis
1179 1208 1415 1264 secundi
1450 1207 1682 1264 distichi
1721 1206 2014 1264 vocabulis
2049 1209 2176 1262 sola

292 1289 462 1343 litera
488 1285 538 1342 E
567 1297 857 1364 superest,
903 1307 1048 1364 quae
1085 1289 1333 1345 secundo
1369 1291 1497 1346 loco
1522 1309 1725 1347 vocem
1750 1308 1950 1346 versus
1975 1290 2175 1345 initia-

291 1372 405 1425 lem
449 1372 836 1446 componebat.
921 1369 1144 1428 Rasura
1200 1380 1392 1429 autem
1440 1376 1686 1448 spatium
1732 1380 2002 1447 occupat,
2058 1390 2175 1445 quo

247 1441 258 1460 ⁶
295 1454 579 1509 contineri
605 1456 828 1528 possint
856 1455 1000 1511 duae
1026 1473 1231 1527 voces,
1273 1456 1705 1532 quatuordecim
1729 1456 1915 1511 literis
1945 1472 2175 1530 compo-

293 1537 454 1590 sitae.
541 1534 708 1593 Nunc
733 1539 885 1593 linea
910 1539 1239 1594 restituitur
1265 1537 1376 1596 hoc
1402 1538 1597 1597 modo:

697 1635 1038 1695 Servandus
1067 1635 1237 1694 Latii

780 1717 1073 1776 Extremis
1100 1720 1167 1776 de
1192 1721 1400 1778 finibus
1427 1721 1613 1778 Abbas

291 1821 516 1876 ratione
540 1821 788 1896 simplici
801 1860 821 1892 ‚
863 1829 921 1875 et
949 1822 1090 1876 satis
1115 1820 1413 1894 probabili.
1496 1819 1771 1892 Proinde,
1796 1822 1897 1897 qui
1921 1839 2175 1896 sequun-

291 1911 406 1973 tur,
435 1921 656 1974 versus,
683 1904 889 1981 quibus
912 1905 996 1960 ait
1023 1904 1195 1960 abbas
1221 1902 1593 1962 Servandus:

455 2004 668 2061 Devoti
695 2004 933 2060 affectus
955 2008 1201 2079 pignora
1226 2005 1395 2058 mitto
1424 2005 1560 2073 mei,

455 2086 660 2163 Meque
687 2102 954 2162 meosque
978 2093 1182 2159 optans
1206 2086 1356 2139 tanti
1383 2086 1537 2140 inter
1562 2086 1773 2162 gaudia
1793 2088 1972 2161 patris

457 2166 523 2225 ln
553 2168 726 2226 caelis
752 2184 1062 2223 memorem
1087 2183 1310 2241 semper
1334 2167 1545 2223 habere
1571 2170 1758 2224 locum

293 2269 560 2325 videntur
599 2268 790 2341 potius
823 2265 896 2322 ad
922 2264 994 2321 D.
1022 2264 1292 2333 Petram,
1330 2268 1575 2341 primum
1600 2267 1961 2342 pontificem,
1999 2284 2175 2341 quam

293 2352 363 2407 ad
415 2350 736 2427 quempiam
804 2350 981 2404 alium
1047 2353 1171 2423 ejus
1232 2366 1625 2407 successorem
1676 2349 1975 2406 referenda
2025 2367 2172 2404 esse.

295 2433 471 2508 Cujus
509 2433 824 2488 sententiae
864 2440 1020 2487 certa
1052 2431 1267 2487 indicia
1306 2440 1363 2487 et
1410 2442 1747 2509 argumenta
1791 2440 1926 2487 sunt
1977 2433 2038 2486 in
2076 2450 2172 2486 se-

293 2516 593 2592 quentibus
618 2513 839 2572 verbis:

580 2598 762 2664 Quem
791 2605 958 2671 caput
985 2598 1261 2653 ecclesiae
1290 2595 1513 2653 dedicat
1540 2600 1655 2654 alta
1681 2597 1837 2653 fides.

291 2696 440 2752 Nam
466 2717 594 2754 cum
621 2697 930 2771 apostolus,
950 2696 1064 2767 vel,
1085 2704 1151 2751 ut
1175 2698 1330 2751 inter
1342 2692 1677 2753 Pontificios
1709 2697 1979 2767 creditur,
2007 2697 2171 2771 prin-

295 2797 424 2853 ceps
452 2781 836 2855 apostolorum
857 2782 978 2854 jam
1006 2780 1067 2833 iu
1088 2780 1263 2836 caelis
1288 2779 1582 2834 beatorum
1604 2782 1892 2836 consortio
1917 2779 2169 2851 fruatur,

291 2861 630 2919 Servandus
654 2865 784 2935 pius
811 2862 995 2919 Abbas
1026 2860 1391 2935 deprecatur,
1432 2869 1497 2915 ut
1522 2878 1636 2917 una
1665 2882 1793 2918 cum
1821 2863 1938 2918 suis
1965 2880 2167 2917 mona-

294 2943 415 3000 chis
443 2935 616 3020 (quos
645 2944 786 2998 dicit
810 2940 1100 3025 meosque)
1127 2944 1318 2999 locum
1351 2944 1506 2999 inter
1532 2963 1629 3001 eos
1654 2945 1874 3000 habeat.
1960 2943 2165 3000 Mona-

292 3024 386 3083 chi
434 3034 625 3082 autem
669 3024 734 3081 hi
767 3028 912 3084 socii
957 3026 1213 3083 laborum
1243 3025 1421 3081 fuisse
1454 3027 1722 3082 videntur
1760 3029 1823 3081 in
1860 3026 2162 3083 scribendo

289 3108 725 3184 adornandoque
749 3104 1067 3166 Bibliorum
1092 3127 1279 3185 opere.
1340 3106 1648 3165 Florebant
1673 3110 1825 3165 enim
1849 3110 2015 3166 laude
2044 3111 2163 3165 cal-

289 3190 610 3269 ligraphiac
650 3199 710 3245 et
743 3194 1234 3265 praestantissima
1266 3192 1381 3248 alia
1416 3209 1613 3247 sacrae
1648 3193 2007 3267 antiquitatis
2036 3212 2163 3249 mo-

289 3283 560 3331 numenta
596 3272 984 3348 perficiebant.
1068 3271 1147 3329 Et
1194 3276 1477 3349 scriptura
1522 3274 1749 3350 quidem
1792 3278 1977 3332 nostri
2022 3275 2165 3332 libri

291 3356 734 3434 castigatissima
757 3364 866 3425 est,
892 3357 1297 3431 prolegomena
1322 3375 1423 3430 pro
1452 3354 1543 3412 his
1570 3356 1797 3432 quidem
1812 3358 2163 3432 temporibus

291 3438 457 3504 docta
484 3447 617 3495 sunt
649 3447 708 3493 et
735 3438 993 3512 copiosa,
1019 3447 1355 3495 ornamenta
1380 3439 1686 3516 magnifica
1702 3480 1720 3513 ,
1754 3442 2013 3515 picturae
2038 3458 2162 3496 me-
