2376 3925
639 141 1195 188 coffiMENTATlo
1252 145 1673 192 lsAooech.
2024 145 2099 191 11

217 270 324 328 Vel
353 273 510 328 enim
535 273 720 346 prima
741 273 840 328 vel
863 273 1068 328 ultima
1092 271 1235 330 folia
1258 275 1321 329 in
1344 275 1763 350 antiquioribus
1789 277 2097 334 volumini-

212 355 317 412 bus
364 355 565 411 deesse
601 356 815 425 solent,
867 357 929 409 in
969 356 1097 410 aliis
1134 356 1298 412 libris
1332 359 1606 432 quaedam
1641 378 1673 414 e
1710 360 1899 415 medio
1933 367 2098 416 textu

214 439 532 513 perierunt.
615 436 732 495 Alii
759 437 985 493 codices
1011 440 1210 514 graeci
1238 441 1361 495 sola
1386 442 1717 518 evangelia,
1752 443 1858 498 alii
1885 443 2097 516 episto-

213 523 299 577 las
345 540 478 576 cum
515 519 674 576 Actis
703 522 1069 595 apostolicis,
1115 524 1326 578 omissa
1351 521 1728 598 Apocalypsi,
1772 526 2099 596 continent3

213 605 466 660 rariores
495 612 648 675 sunt,
676 605 774 679 qui
800 612 986 661 totum
1012 602 1084 659 N.
1113 602 1183 660 T.
1211 607 1590 679 perscriptum
1614 605 1841 663 habent.
1909 605 1987 662 Et
2010 616 2099 662 ta-

217 689 332 742 lem
357 687 607 762 quidem,
637 688 737 762 qui
762 689 1032 743 universa
1055 684 1242 743 Biblia
1269 688 1337 744 V.
1368 696 1425 744 et
1451 687 1523 743 N.
1553 686 1622 743 T.
1650 697 1845 745 teneat
1872 707 2098 766 graece,

218 779 444 845 praeter
471 769 729 826 codicem
753 767 940 826 Musei
963 767 1325 843 Britannici,
1369 774 1466 846 qui
1492 773 1661 828 litera
1688 770 1738 827 A
1764 773 1911 846 apud
1939 774 2099 828 criti-

227 871 321 908 cos
359 851 495 909 inde
539 871 574 908 a
621 851 1006 910 Griesbachio
1048 862 1313 925 notatur,
1366 862 1425 908 et
1468 855 1722 910 codicem
1758 853 2100 911 Vaticanum

224 938 604 994 clarissimum
627 953 720 991 no.
753 935 950 1006 1209„
979 938 1078 1010 qui
1103 937 1273 992 litera
1296 935 1343 990 B
1368 936 1657 1014 designari
1685 939 1853 1009 solet,
1879 938 2099 993 nullum

217 1021 354 1076 novi
382 1019 610 1075 librum.
678 1015 829 1073 Nam
851 1021 1112 1075 recensio
1144 1020 1359 1076 codicis
1386 1018 1694 1095 Ephraemi
1720 1019 1859 1096 Syri
1886 1022 2097 1076 rescri-

210 1105 298 1178 pti
339 1103 509 1158 litera
539 1099 583 1157 C
611 1103 887 1178 insignis,
922 1099 1108 1178 Regia
1132 1101 1426 1174 Parisina,
1468 1103 1808 1179 fragmentis
1849 1112 2095 1174 constat,

212 1185 527 1242 difficulter
552 1183 972 1241 resarcinandis
1003 1194 1061 1240 et
1090 1186 1447 1262 colligendis,
1474 1187 1627 1261 quod
1650 1187 1795 1260 ipse,
1824 1205 1954 1242 cum
1977 1185 2090 1242 Pa-

209 1271 368 1324 risiis
397 1286 702 1346 aggressus
730 1287 912 1323 essem
936 1268 1209 1340 laborem,
1236 1288 1362 1328 sum
1388 1279 1673 1343 expertus.
1704 1299 1779 1310 —-

337 1347 431 1406 De
477 1360 674 1407 nostro
721 1351 867 1407 libro
917 1351 1184 1408 disseruit
1228 1349 1496 1407 Bmmm
1552 1354 1591 1407 l.
1633 1370 1681 1406 c.
1729 1361 2097 1427 posteaquam

211 1444 347 1490 ante
384 1435 474 1490 bis
512 1433 580 1488 de
622 1451 690 1490 ea
721 1452 786 1488 re
815 1434 1070 1504 dixerat,
1114 1437 1363 1508 primum
1397 1435 1459 1491 in
1498 1433 1755 1491 Novellis
1794 1432 2095 1490 Literariis

209 1517 567 1575 Florentinis
595 1534 645 1572 a.
665 1513 1250 1588 MDCCLXXXVI„
1276 1527 1400 1574 tum
1424 1521 1487 1574 in
1514 1517 1647 1574 diss.
1673 1519 1869 1572 italica
1896 1519 2097 1593 lingua

213 1601 842 1674 conscripta,Venetiis
855 1601 1007 1675 typis
1025 1595 1372 1658 Sebastiam·
1392 1598 1582 1658 Coleti
1605 1603 1901 1675 impressa,
1927 1618 2097 1676 quam

211 1693 406 1740 tamen
429 1683 667 1738 minime
698 1683 969 1739 credibile
995 1693 1112 1755 est,
1139 1685 1203 1739 in
1228 1685 1539 1740 multorum
1564 1701 1765 1738 manus
1790 1685 2035 1738 venisse.

344 1764 538 1822 Codex
560 1765 1024 1822 membranaceus
1054 1773 1172 1837 est,
1208 1766 1394 1823 forma
1419 1767 1671 1822 maxima
1688 1806 1706 1835 ,
1751 1765 1893 1821 forti
1915 1773 2095 1819 mate-

215 1850 308 1904 ria
325 1889 343 1920 ,
386 1857 652 1904 constans
693 1847 849 1904 foliis
885 1849 1114 1921 scriptis
1159 1867 1235 1903 ex
1270 1866 1387 1904 una
1410 1856 1573 1922 parte
1598 1847 1913 1904 numeratis
1936 1848 2097 1901 mille

212 1933 481 2009 triginta,
509 1934 868 2008 scriptusque
895 1933 1336 2008 elegantissime.
1420 1930 1763 1989 Probabitur
1790 1931 1977 1987 causis
2003 1948 2095 1985 ar-

210 2018 617 2093 gumentisque
650 2015 902 2084 idoneis,
940 2025 1239 2073 exaratum
1278 2036 1403 2073 esse
1438 2035 1570 2071 eum
1604 2014 1835 2071 sacculo
1858 2032 1926 2091 p.
1957 2011 2095 2069 Chr.

209 2108 404 2165 πετο,
448 2099 760 2173 majoribus
799 2118 843 2155 s.
885 2100 1207 2156 uncialibus
1257 2092 1443 2156 literis
1486 2097 1760 2154 Romanis
1778 2138 1797 2169 ,
1842 2107 2097 2170 tempore

216 2180 506 2259 Gregorii
527 2177 740 2257 Magni
777 2180 1068 2256 pontificis
1096 2179 1380 2254 Romani,
1420 2199 1593 2237 manu
1628 2182 1723 2238 vel
1750 2182 2097 2237 auctoritate

211 2262 539 2321 SERVANDI
567 2264 816 2335 abbatis,
854 2264 1006 2320 binis
1037 2266 1317 2321 columnis
1335 2305 1355 2336 ,
1389 2266 1463 2322 ad
1490 2262 1916 2321 stichometriae
1945 2264 2095 2318 anti-

208 2349 432 2423 quioris
461 2365 752 2418 normam,
795 2346 1097 2423 diligentia
1131 2348 1472 2404 admirabili.
1558 2346 1893 2421 Suppressis
1918 2344 2095 2400 Etru-

208 2432 334 2485 riae
362 2429 688 2500 coenobiis,
723 2432 786 2485 in
811 2428 902 2486 his
929 2435 1285 2487 monasterio
1320 2432 1532 2490 montis
1561 2429 1839 2485 Amiatao
1870 2426 2097 2483 Cister-

211 2515 430 2581 ciensi,
477 2513 639 2569 venit
673 2514 736 2567 in
772 2512 1180 2569 bibliothecam
1214 2510 1689 2583 Laurentianam,
1729 2516 1896 2585 jussu
1930 2508 2101 2565 Petri

211 2594 510 2673 Leopoldi,
535 2593 736 2671 Magni
761 2594 1031 2651 Etruriae
1048 2592 1253 2666 Ducis,
1279 2607 1478 2670 postea
1506 2598 1684 2652 creati
1710 2592 2099 2648 Romanorum

212 2676 580 2751 Imperatoris
609 2696 828 2752 semper
849 2677 1126 2755 Augusti,
1163 2682 1387 2737 meritis
1422 2678 1778 2735 immortalis.
1863 2674 2098 2731 Postea-

211 2778 386 2836 quam
413 2779 564 2816 saec.
590 2757 751 2817 XVI.
770 2771 1016 2817 exeunte
1043 2761 1114 2818 ad
1143 2762 1452 2819 editionem
1480 2760 1773 2817 Sixtinam
1797 2758 2099 2834 perficien-

211 2844 346 2899 dam
379 2841 626 2900 Romam
658 2846 976 2918 postulatus
1014 2848 1333 2921 missusque
1380 2845 1600 2915 suerat,
1654 2842 1751 2899 diu
1800 2844 2098 2920 neglectus

203 2928 398 3002 jacuit
431 2946 536 3001 per
574 2926 681 2983 duo
716 2926 897 2982 ferme
941 2930 1186 2985 saecula.
1273 2925 1415 2983 Rari
1467 2928 1619 2983 enim
1662 2935 1784 2982 tum
1822 2927 2098 3000 temporis

207 3010 478 3067 homines
519 3018 716 3081 erant,
765 3011 863 3085 qui
890 3010 952 3064 in
983 3011 1276 3066 coenobiis
1305 3010 1529 3067 laudem
1559 3010 1898 3065 eruditionis
1928 3026 2097 3081 appe·

208 3103 408 3149 terent
425 3134 443 3163 ,
497 3103 554 3148 et
580 3095 733 3148 inter
763 3094 946 3148 otium
983 3093 1169 3149 literis
1209 3112 1440 3167 operam
1470 3102 1779 3163 navarent,
1825 3089 2097 3146 laudabili

210 3177 480 3251 exemplo
514 3180 829 3250 majorum,
867 3174 1241 3231 bibliothecas
1273 3178 1684 3233 cumulantium
1719 3191 1837 3229 non
1862 3178 2095 3227 ornatus

211 3278 392 3315 causa
429 3258 503 3313 ad
544 3260 848 3334 gloriolam
893 3257 1042 3331 apud
1075 3256 1534 3334 peregrinatores
1574 3259 1829 3313 curiosos
1866 3260 2097 3324 captan-

211 3342 368 3415 dam,
399 3341 501 3397 sed
527 3341 824 3397 doctrinae
850 3340 1284 3415 amplificandae
1311 3343 1523 3418 gratia,
1552 3350 1610 3396 et
1636 3340 1709 3395 ad
1734 3337 1933 3403 libroS,
1960 3334 2097 3389 soli-

213 3426 322 3483 dae
368 3424 666 3481 doctrinae
712 3433 922 3493 testes,
973 3425 1431 3483 conscribendos.
1516 3422 1660 3479 Erat
1692 3416 2101 3477 monasterium
