2376 3925
810 125 1165 182 MARCUS.

1240 133 1282 182 C
1293 132 1408 182 ΑΡ.
1447 133 1532 184 15.
2053 143 2120 194 83

217 199 2123 230 Q„

222 225 453 284 spondes
514 227 819 284 quidquam1⁸
887 230 1027 278 vide!
1089 233 1145 278 in

224 293 433 350 quantis
454 295 505 340 te
524 297 783 342 accusant.

296 377 345 420 5.
382 374 415 419 J
416 387 534 420 esus
570 377 739 422 autem
774 377 989 434 amplius
1015 379 1146 425 nihil

220 441 515 501 respondit,
554 442 627 488 ita
660 445 717 488 ut
748 444 1021 492 miraretur
1056 447 1143 492 Pi-

220 511 377 556 latus.
522 543 525 547 .

292 579 341 623 6.
379 577 484 622 Per
504 575 635 623 diem
651 580 818 624 autem
848 581 1035 626 festum
1053 593 1142 642 so-

218 645 365 691 lebat
376 643 629 690 dimittere
643 645 747 690 illis
768 660 925 693 unum
944 658 1012 694 ex
1023 649 1143 694 vin-

218 711 342 770 ctis,
366 724 731 769 quemcumque
750 715 1012 771 petissent.

290 793 342 836 Ἷ.
376 791 507 836 Erat
529 794 723 852 autem,
762 794 848 850 qui
882 794 1143 842 dicebatur

218 859 496 918 Bal-abbas,
516 859 603 916 qui
622 874 733 906 cum
754 861 1011 908 seditiosis
1032 867 1144 910 erat

220 927 456 984 vinctus,
485 926 645 982 quiin
664 927 918 975 seditione
947 931 1143 977 fecerat

220 993 565 1039 homicidium.

298 1061 345 1105 8.
378 1059 447 1106 Et
475 1075 587 1106 cum
620 1063 937 1110 ascendisset
974 1068 1137 1128 turba,

222 1128 397 1186 coepit
414 1141 619 1188 rogare,
632 1130 762 1176 sicut
772 1144 970 1189 semper
980 1134 1139 1180 facie-

223 1199 311 1243 bat
329 1195 456 1242 illis.

288 1267 337 1309 9.
358 1262 555 1319 Pilatus
573 1267 737 1312 autem
756 1267 1023 1324 respondit
1042 1269 1134 1329 eis,

217 1334 272 1378 et
315 1330 477 1377 dixit:
514 1332 676 1378 Vultis
716 1333 957 1381 dimittam
986 1337 1137 1384 vobis

212 1413 398 1458 regem
415 1399 448 1444 J
452 1398 727 1446 udaeorum
738 1401 761 1446 ἓ

288 1485 373 1529 10.
411 1483 612 1530 Sciebat
659 1485 817 1546 enim,
867 1487 1003 1545 quod
1040 1503 1134 1547 per

212 1551 467 1598 invidiam
484 1551 813 1600 tradidissent
823 1568 937 1601 eum
956 1557 1135 1604 summi

215 1619 546 1666 Sacerdotes.

295 1686 380 1730 11.
413 1686 679 1734 Pontifices
708 1691 876 1736 autem
904 1691 1134 1738 concita-

216 1754 423 1799 verunt
446 1755 652 1814 turbam,
682 1758 740 1802 ut
757 1757 921 1814 magis
942 1758 1133 1806 Barab-

210 1824 343 1868 bam
359 1826 388 1848 ³
406 1820 672 1869 dimitteret
695 1823 785 1870 eis.

288 1906 372 1951 12.
408 1905 597 1952 Pilatus
628 1909 797 1954 autem
833 1909 1018 1956 iterum
1046 1925 1132 1958 re-

212 1974 499 2035 spondens,
536 1976 608 2022 ait
648 1976 779 2023 illis:
828 1978 963 2032 Quid
1005 1993 1131 2039 ergo

210 2042 377 2088 vultis
396 2043 580 2089 faciam
596 2044 711 2103 regi
730 2046 1071 2094 ludaeorum?

284 2127 366 2171 13.
386 2128 453 2172 At
470 2127 550 2174 illi
566 2128 751 2175 iterum
760 2130 1131 2179 clamaverunt:

213 2194 469 2253 crucifige
490 2194 627 2242 eum!

284 2264 367 2307 14.
401 2262 595 2309 Pilatus
624 2277 751 2310 vero
781 2266 977 2313 dicebat
1002 2267 1129 2315 illis:

216 2330 354 2383 Quid
373 2331 509 2377 euim
525 2330 647 2377 mali
667 2332 822 2379 fecit?
841 2335 907 2380 At
924 2334 1004 2381 illi
1020 2349 1129 2382 ma·
1180 2343 1187 2351 '

209 2397 296 2456 gis
318 2397 621 2445 clamabant:
646 2400 895 2459 crucifige
916 2400 1051 2449 eum!

283 2480 366 2524 15.
400 2479 594 2525 Pilatus
624 2484 791 2526 autem
818 2482 1003 2529 volens
1032 2496 1129 2541 po-

207 2546 339 2605 pulo
361 2546 678 2608 satisfacere,
702 2548 889 2596 dimisit
905 2550 1009 2597 illis
1029 2550 1129 2597 Ba-

206 2616 443 2673 rabbam,
466 2617 516 2661 et
532 2614 741 2662 tradidit
758 2616 791 2661 J
793 2630 931 2663 esum
949 2619 1128 2677 flagel-

210 2681 286 2727 lis
308 2694 522 2741 caesum,
542 2685 601 2729 ut
618 2683 1015 2741 crucifigeretur.

286 2763 370 2806 16.
408 2762 596 2809 Milites
651 2766 816 2810 autem
871 2766 1129 2813 duxerunt

211 2844 334 2877 eum
354 2828 409 2875 in
428 2831 608 2876 atrium
628 2832 900 2892 praetorii,
930 2836 983 2879 et
1000 2846 1127 2879 con-

208 2902 408 2945 vocant
426 2902 586 2944 totam
606 2899 897 2958 cohortem3

234 3036 243 3041 ‚
280 2984 362 3027 17.
402 2984 455 3029 et
480 2982 699 3030 induunt
733 2996 848 3029 eum
886 2994 1125 3045 purpura,

204 3052 263 3095 et
287 3050 559 3107 imponunt
578 3050 627 3097 ei
652 3048 932 3109 plectentes
952 3051 1127 3110 spine-

204 3130 295 3163 am
314 3130 590 3175 coronam3

255 3219 285 3239 δ
300 3213 396 3249 Act.
413 3218 451 3255 3,
470 3216 533 3251 14.

326 3363 442 3419 Cap.
472 3360 581 3404 XV.
639 3368 680 3407 6.
711 3364 939 3407 dimittere
957 3364 1150 3408 solebat.

1281 236 1364 280 18.
1385 237 1437 282 et
1455 241 1736 294 coeperunt
1751 241 1974 289 salutare
1989 257 2117 290 eum:

1211 302 1341 360 Ave,
1361 315 1462 348 rex
1477 303 1510 348 J
1513 304 1810 352 udaeorum!

1280 370 1361 414 19.
1396 369 1466 415 Et
1481 373 1832 428 percutiebant
1841 378 1991 434 caput
2009 378 2120 434 ejus

1211 436 1484 482 arundine:
1525 440 1576 485 et
1605 445 1951 499 conspuebant
1988 459 2119 502 eum,

1213 505 1265 549 et
1302 507 1554 561 ponentes
1599 519 1791 566 genua,
1840 511 2122 558 adorabant

1213 584 1343 617 eum.

1277 639 1358 685 20.
1393 638 1462 685 Et
1480 643 1746 698 postquam
1763 642 2034 691 illuserunt
2053 648 2118 705 ei,

1211 708 1469 754 exuerunt
1485 706 1631 754 illum
1649 722 1890 770 purpura,
1901 713 1954 757 et
1969 711 2119 759 indu-

1212 774 1361 820 erunt
1396 787 1510 820 eum
1536 776 1856 824 vestimentis
1899 778 2032 836 suis3
2071 786 2124 826 et

1212 840 1432 886 educunt
1465 841 1625 902 illum,
1673 845 1728 890 ut
1765 845 2123 904 crucifigerent

1211 921 1340 954 eum.

1277 976 1358 1020 21.
1393 975 1504 1022 yEt
1539 979 1942 1036 angariaverunt
1967 993 2119 1039 prae—

1207 1044 1488 1090 tereuntem
1517 1046 1824 1107 quempiam,
1861 1049 2123 1095 Simonem

1210 1110 1551 1171 Cyrenaeum,
1579 1114 1874 1160 venientem
1893 1115 1954 1161 de
1973 1115 2118 1175 villa,

1206 1178 1399 1234 patrem
1409 1178 1709 1240 Alexandri,
1721 1183 1774 1228 et
1789 1182 1916 1242 Rufi,
1941 1185 1996 1230 ut
2013 1183 2117 1231 tol-

1206 1243 1338 1290 leret
1357 1258 1557 1292 crucem
1576 1247 1702 1305 eJus.

1275 1313 1356 1358 22.
1375 1312 1446 1358 Et
1463 1314 1747 1371 perducunt
1763 1316 1908 1364 illum
1923 1318 2114 1365 inGol-

1207 1379 1363 1438 gotha
1381 1379 1551 1427 locum
1563 1413 1578 1442 ,
1610 1384 1745 1440 quod
1765 1385 1844 1432 est
1858 1384 2114 1444 interpre-

1203 1449 1386 1493 tatum:
1410 1448 1678 1497 calvariae
1695 1450 1857 1499 locus.

1269 1516 1352 1562 23.
1386 1515 1456 1562 Et
1483 1517 1667 1564 dabant
1695 1519 1744 1566 ei
1771 1520 1946 1568 bibere
1971 1534 2112 1581 myr-

1200 1582 1402 1629 rhatum
1419 1583 1623 1644 vinum;
1646 1588 1697 1632 et
1715 1600 1823 1634 non
1841 1589 2052 1646 accepit.

1270 1669 1351 1713 24.
1385 1667 1456 1714 Et
1480 1669 1834 1726 crucifigentes
1863 1684 2004 1730 eum,
2035 1671 2113 1718 di-

1201 1732 1436 1780 viserunt
1444 1735 1746 1782 vestimenta
1765 1737 1894 1796 ejus,
1905 1737 2114 1784 mitten-

1201 1803 1279 1846 tes
1311 1803 1500 1846 sortem
1527 1815 1680 1859 super
1709 1803 1810 1863 eis,
1847 1803 1960 1861 quis
1995 1804 2114 1861 quid

1201 1867 1428 1914 tolleret.

1268 1937 1351 1981 25.
1387 1934 1516 1982 Erat
1533 1938 1700 1999 autem
1719 1937 1848 1985 hora
1869 1939 2046 1999 tertia3
2060 1943 2113 1987 et

1201 2004 1567 2052 crucifixerunt
1585 2019 1714 2053 eum.

1268 2074 1349 2119 26.
1383 2072 1455 2118 Et
1473 2075 1586 2119 erat
1601 2074 1776 2123 titulus
1797 2090 1980 2125 causae
1999 2078 2112 2135 ejus

1198 2140 1500 2199 inscriptus:
1519 2142 1642 2188 Rex
1662 2144 1694 2188 J
1697 2155 2020 2191 UDAEoRmu.

1266 2223 1348 2267 27.
1367 2222 1437 2267 Et
1456 2236 1569 2268 cum
1588 2236 1650 2269 eo
1662 2226 1962 2283 crucifigunt
1981 2226 2107 2271 duos

1197 2288 1454 2335 latrones:
1475 2303 1630 2337 unum
1649 2306 1678 2337 a
1699 2292 1914 2352 dextris,
1937 2296 1988 2339 et
2011 2292 2107 2338 ali-

1198 2370 1279 2402 um
1301 2370 1332 2401 a
1351 2356 1569 2403 sinistris
1591 2359 1717 2416 eJus.

1266 2425 1348 2469 28.
1383 2424 1452 2469 Et
1483 2425 1691 2483 impleta
1725 2429 1804 2473 est
1838 2427 2107 2483 scriptura,

1197 2505 1326 2549 quae
1355 2490 1498 2538 dicit:
1537 2493 1643 2551 „Et
1671 2507 1784 2539 cum
1807 2494 1994 2549 iniquis
2021 2506 2107 2539 re·-

1197 2560 1438 2619 „putatus
1460 2559 1620 2606 est².“

1264 2628 1345 2671 29.
1379 2626 1449 2672 Et
1465 2629 1852 2685 praetereuntes
1871 2626 2106 2685 blasphe-

1195 2696 1398 2740 mabant
1441 2709 1580 2753 eum,
1626 2696 1894 2740 moventes
1945 2696 2107 2753 capita

1195 2774 1314 2819 sua,
1345 2765 1397 2808 et
1421 2761 1672 2807 dicentes:
1715 2760 1847 2806 Vah!
1877 2763 1996 2820 quia
2015 2764 2104 2809 de-

1197 2827 1350 2875 struis
1378 2827 1620 2885 templum
1635 2827 1759 2887 Dei,
1788 2832 1840 2876 et
1865 2830 1920 2877 in
1943 2831 2104 2877 tribus

1197 2895 1370 2941 diebus
1389 2894 1708 2954 reaedificas3
1945 2930 1955 2947 .

1264 2962 1344 3007 30.
1380 2960 1578 3007 salvum
1613 2962 1693 3009 fac
1731 2966 1888 3013 temet
1921 2967 2101 3025 ipsum,

1197 3028 1508 3075 descendens
1529 3029 1590 3077 de
1611 3031 1782 3079 cruce!

1241 3132 1265 3160 r
1281 3136 1322 3162 v.
1339 3127 1512 3163 21—47.
1551 3127 1700 3165 Matth.
1718 3132 1778 3173 27,
1796 3132 1968 3167 32—61.
1996 3127 2102 3165 Luc.

1192 3174 1255 3215 23,
1280 3174 1449 3210 26—56.
1479 3170 1568 3211 Job.
1587 3178 1658 3217 19,
1677 3177 1848 3212 17-42,
1897 3182 1916 3199 Β
1932 3174 2011 3211 Jes.
2041 3178 2100 3214 53,

1193 3221 1252 3256 12.
1299 3224 1319 3243 ⁰
1341 3232 1374 3263 e,
1394 3223 1454 3262 14,
1473 3222 1533 3259 58.

1210 3370 1278 3409 14.
1309 3368 1490 3411 dicebat
1508 3370 1590 3413 eis.
1649 3374 1716 3412 18.
1735 3370 1864 3411 bave.
1925 3373 1991 3411 19.
2022 3369 2102 3411 ha·

202 3418 421 3461 rundine.
481 3422 552 3459 21.
598 3418 863 3472 cyreneum.
920 3424 989 3462 23.
1020 3424 1281 3465 murratum.
1339 3427 1410 3467 2¹1.
1441 3425 1527 3467 duo
1565 3424 1782 3467 latrones.
1840 3426 1908 3465 29.
1941 3437 1997 3467 va
2027 3427 2102 3478 qui

206 3473 409 3519 destruit
426 3472 651 3529 templum
671 3475 842 3526 (omiss.
864 3476 1005 3531 Βοῦς
1024 3476 1135 3523 ibid.
1156 3478 1208 3521 iu
1225 3480 1372 3523 tribus
1394 3480 1554 3523 diebus
1571 3480 1786 3521 aedificat
1805 3478 1924 3533 (uic).
