2376 3925
266 175 336 223 7⁰

870 159 1228 214 MARCUS.
1299 157 1472 209 CAP.
1511 155 1562 205 9.

272 226 2194 259 .....-.-----—-—--——-—-——---—--—-—

340 275 423 319 26.
458 272 609 318 Iesus
645 269 814 314 nutem
856 268 1039 312 tenens
1074 277 1183 310 ma-

270 355 391 388 num
412 339 553 398 ejus,
572 334 801 383 elevavit
818 347 957 392 eum,
990 333 1042 379 et
1067 344 1185 378 sur-

271 409 429 456 rexit.

341 476 423 521 27.
458 473 528 520 Et
556 485 668 518 cum
706 469 973 518 introisset
1006 467 1062 512 in
1091 465 1186 512 do-

276 555 437 601 mum,
468 538 707 598 discipuli
732 537 844 596 ejus
871 536 1071 583 secreto
1102 532 1187 578 in-

272 609 608 667 terrogabaut
626 618 763 653 eum:
778 604 947 657 Quare
964 614 1063 647 nos
1080 613 1190 646 non

276 677 531 736 potuimus
554 674 744 732 ejicere
764 671 909 718 eum?

344 746 425 791 28.
462 743 532 789 Et
556 742 690 788 dixit
715 739 845 786 illis:
882 738 996 784 Hoc
1028 749 1190 794 genus

282 814 337 859 in
356 811 499 859 nullo
518 809 689 868 potest
698 806 863 866 exire,
875 804 977 852 nisi
994 804 1051 850 in
1070 817 1192 850 ors-

282 881 423 927 tione
445 879 497 925 et
509 875 729 935 jejunio.

348 949 430 992 29.
464 944 568 990 “Et
584 943 703 990 inde
720 941 942 1000 profecti
958 940 1192 998 praeter-

282 1013 641 1074 grediebantur
662 1009 968 1068 Galilaeam3
987 1021 1084 1055 nec
1094 1018 1195 1052 vo-

281 1083 419 1129 lebat
439 1090 737 1139 quemquam
756 1077 906 1125 scire.

351 1163 433 1215 30.
466 1164 697 1210 Docebat
722 1164 891 1209 autem
918 1159 1196 1217 discipulos

283 1246 433 1293 suos,
455 1233 507 1278 et
526 1232 722 1278 dicebat
739 1230 869 1276 illis:
909 1227 1198 1283 Quoniam⁹
1249 1252 1256 1263 ι

281 1302 445 1350 Filius
463 1299 685 1346 hominis
696 1298 925 1344 trudetur
942 1297 999 1342 in
1017 1307 1196 1340 manus

283 1370 569 1426 hominum,
608 1369 661 1413 et
696 1365 933 1411 occident
969 1377 1107 1422 eum,
1147 1363 1200 1408 et

286 1437 501 1494 occisus,
522 1434 674 1480 tertia
694 1433 775 1478 die
793 1432 1044 1488 resurget.

353 1521 435 1566 31.
468 1519 537 1563 At
554 1516 633 1562 illi
650 1515 1195 1574 ignorabantverbum,

286 1590 338 1634 et
353 1586 599 1633 timebant
614 1583 939 1640 interrogare
960 1595 1089 1627 eum.

355 1656 436 1701 32.
469 1652 591 1698 WEt
648 1651 907 1698 venerunt
969 1648 1198 1707 Caphar-

286 1735 455 1770 nnum.
499 1719 599 1775 Qui
618 1733 732 1766 eum
750 1717 886 1764 domi
905 1718 1093 1777 essent,
1113 1717 1198 1762 in·-

286 1790 583 1848 terrogabat
600 1799 718 1834 eos:
749 1785 883 1840 Quid
910 1785 966 1832 in
986 1785 1073 1832 via
1090 1785 1199 1830 trs.-

290 1857 535 1907 ctabatiss

358 1927 439 1973 33.
470 1926 536 1972 At
552 1924 632 1972 illi
658 1924 920 1982 tacebant;
953 1920 1201 1979 siquidem

290 1996 345 2041 in
381 1994 469 2040 via
512 1994 649 2040 inter
696 2006 752 2039 se
798 1990 1198 2049 disputaverant,

292 2062 402 2119 quis
424 2073 603 2105 eorum
618 2059 786 2115 major
806 2057 972 2103 esset?

360 2128 440 2172 34.
474 2125 545 2170 Et
572 2124 805 2171 residens
832 2121 1043 2169 vocavit
1070 2122 1201 2168 duo-

292 2192 481 2250 decim,
513 2193 565 2237 et
582 2191 653 2236 ait
671 2190 799 2236 illis:
830 2190 886 2237 Si
913 2188 1064 2247 quis-¹¹
1090 2189 1205 2236 vult

288 2260 482 2320 primus
502 2271 615 2305 esse
627 2288 642 2317 ‚
664 2256 761 2303 erit
780 2256 1000 2303 omnium
1019 2256 1202 2304 novis-

293 2329 467 2387 slmus,
489 2328 541 2373 et
560 2324 783 2371 omnium
800 2324 1048 2372 minister.

365 2398 446 2442 35.
480 2395 549 2441 Et
566 2391 819 2451 accipiens
838 2405 1050 2450 puerum
1062 2423 1076 2452 ,
1097 2394 1204 2438 sta-

292 2466 391 2512 tuit
408 2477 523 2511 eum
540 2462 595 2508 in
621 2460 787 2507 medio
820 2472 1025 2518 eorum;
1056 2473 1205 2517 quem

295 2548 408 2580 cum
426 2529 725 2589 complexus
741 2529 893 2587 esset,
916 2528 987 2573 ait
1003 2528 1133 2573 iuis:

363 2604 442 2647 36.
480 2596 721 2654 Quisquis
750 2609 905 2642 unum
931 2608 1000 2641 ex
1022 2594 1204 2652 hujus-

294 2670 433 2714 modi
452 2666 625 2727 pueris
651 2663 906 2721 receperit
922 2663 977 2708 iu
995 2662 1204 2708 nomine

296 2747 437 2793 meo,
465 2749 547 2781 me
574 2732 785 2791 recipit3
822 2732 875 2777 et
906 2729 1205 2787 quicumque

296 2814 377 2846 me
396 2802 705 2861 susceperit,
735 2812 842 2845 uon
869 2812 950 2844 me
975 2796 1204 2857 suscipit,

298 2866 387 2914 sed
408 2880 537 2924 eum,
558 2869 645 2923 qui
662 2868 798 2913 misit
814 2881 909 2913 me.

367 2934 447 2979 37.
482 2934 761 2990 Respondit
779 2934 895 2981 illiJ
901 2948 1112 2993 oannes,
1126 2932 1206 2978 di-

299 3012 444 3050 cens:
476 3000 743 3058 Magister!
774 3002 989 3049 vidimus
1029 3015 1206 3061 quem-

300 3071 411 3116 dem
448 3067 504 3114 in
540 3066 746 3113 nomine
790 3070 879 3114 tuo
919 3070 1208 3127 ejicientem

342 3174 365 3193 ¹⁶
381 3176 423 3203 v.
440 3166 611 3203 29—31.
643 3162 791 3199 Matth.
810 3167 871 3207 17,
889 3167 949 3201 21.
969 3176 1027 3212 sq.
1044 3166 1148 3200 Luc.
1167 3168 1206 3206 9,

294 3217 359 3251 44.
379 3223 439 3259 sq.
502 3217 524 3236 ν
541 3207 688 3247 Mate..
706 3212 767 3251 16,
784 3213 844 3248 21.
906 3216 940 3236 ⁸⁰
956 3222 997 3249 V.
1013 3214 1063 3248 32
1079 3232 1127 3240 -
1142 3213 1206 3248 49.

294 3258 439 3348 glori&
450 3258 509 3301 18,
518 3260 625 3294 1—9.
649 3254 966 3298 Luc.9‚46—-48.
1016 3256 1206 3295 3νΜειιιὴ.

1253 258 1539 316 daemonis,
1560 255 1648 313 qui
1664 267 1772 300 non
1789 253 2024 312 sequitur
2042 268 2144 302 nos
2161 270 2184 314 3

1254 330 1307 375 et
1321 323 1672 386 prohibuimus
1691 335 1821 369 eum.

1321 413 1404 457 38.
1437 410 1587 456 Jesus
1633 408 1802 453 autem
1845 405 1942 452 ait:
1993 405 2188 455 Nolite

1255 478 1528 540 probibere
1557 473 1694 522 euml
1733 474 1895 520 Nemo
1916 475 1998 520 est
2015 474 2186 536 enim,

1257 547 1345 606 qui
1389 543 1546 592 facist
1587 543 1834 589 virtutem
1869 541 1926 587 in
1962 541 2190 590 nomine

1257 628 1372 662 meo
1388 644 1402 673 ,
1425 615 1476 660 et
1491 610 1657 670 possit
1674 608 1776 656 cito
1796 608 2094 666 maleloqui
2113 609 2190 656 de

1257 695 1356 730 me.

1328 751 1410 796 39.
1447 747 1588 801 quir
1609 745 1744 793 enim
1761 757 1872 790 non
1891 745 1971 791 est
1987 744 2190 792 sdver-

1260 831 1371 865 sum
1389 829 1503 875 vos,
1524 827 1619 873 pro
1639 813 1789 860 vobis
1809 815 1904 858 est.

1327 903 1410 948 40.
1448 898 1722 957 Quisquis*
1735 896 1870 943 enim
1888 899 2066 956 potum
2086 897 2188 944 de-

1263 970 1396 1017 derit
1412 967 1560 1015 vobis
1581 965 1792 1014 calicem
1811 978 1970 1022 aquae
1990 965 2045 1010 in
2074 977 2186 1010 no-

1261 1038 1400 1084 mine
1435 1049 1580 1096 meo,
1629 1032 1748 1092 quia
1785 1032 1972 1078 Christi
2019 1032 2184 1091 estis3

1262 1107 1426 1152 Amen
1461 1104 1574 1149 dico
1619 1101 1796 1161 vobis,
1841 1113 1949 1147 non
1994 1100 2189 1158 perdet

1262 1171 1550 1220 mercedem
1568 1182 1725 1216 suam.

1331 1242 1414 1286 41.
1448 1239 1517 1284 Et
1553 1235 1817 1296 quisquisa
1857 1233 2187 1282 scandaliza-

1263 1307 1402 1354 verit
1438 1320 1592 1352 uuum
1629 1317 1698 1351 ex
1725 1303 1803 1350 his
1833 1303 2030 1361 pusillis
2058 1316 2189 1349 cre-

1266 1375 1498 1422 dentibus
1538 1373 1594 1419 in
1629 1385 1739 1429 me3
1785 1372 1975 1417 bonum
2013 1373 2094 1416 est
2131 1372 2191 1417 ei

1265 1443 1455 1501 magis,
1503 1440 1549 1487 si
1595 1437 1992 1486 circumdaretur
2039 1437 2190 1484 mola

1267 1510 1490 1557 asinaria
1528 1507 1665 1554 collo
1695 1506 1819 1564 eJus,
1859 1506 1912 1550 et
1947 1505 2004 1550 in
2037 1519 2188 1552 mare

1263 1579 1567 1624 mitteretur.
2073 1597 2087 1608 -

1334 1647 1416 1691 42.
1451 1637 1553 1690 bEt
1589 1643 1634 1689 si
1669 1639 2100 1688 scandalizaverit
2131 1643 2188 1686 te

1265 1726 1444 1760 manus
1473 1715 1586 1771 tua,
1618 1708 1857 1756 abscinde
1884 1706 2051 1754 illam!
2083 1710 2188 1755 bo-

1266 1796 1387 1828 num
1415 1782 1494 1828 est
1517 1779 1610 1826 tibi
1639 1776 1856 1825 debilem
1877 1776 2100 1823 introire
2129 1776 2188 1822 in

1265 1850 1449 1908 vitam,
1480 1859 1628 1906 quam
1647 1845 1770 1891 duas
1788 1856 1968 1890 munus
1986 1843 2188 1891 haben-

1266 1921 1395 1977 tem,
1425 1917 1501 1962 ire
1520 1915 1576 1961 in
1599 1913 1910 1973 gehennam,
1937 1911 2187 1970 inignem

1267 1982 1730 2042 inextinguibilem,

1335 2054 1416 2098 43.
1451 2052 1540 2097 ubi
1550 2049 1737 2097 vermis
1757 2060 1938 2095 eorum
1954 2060 2187 2095 nonme·-

1267 2120 1417 2179 ritur,
1439 2122 1490 2165 et
1509 2118 1644 2177 ignis
1662 2129 1770 2162 non
1791 2115 2132 2175 extinguitur.

1336 2202 1419 2246 44.
1453 2200 1523 2246 Et
1541 2200 1585 2245 si
1601 2212 1692 2257 pes
1710 2200 1828 2245 tuus
1857 2198 1910 2244 te
1929 2196 2186 2243 scandali-

1272 2272 1378 2329 zat,
1427 2270 1628 2325 amputa
1663 2263 1827 2312 illum!
1871 2267 2062 2311 bonum
2106 2267 2188 2311 est

1267 2338 1363 2384 tibi
1398 2335 1630 2382 claudum
1665 2332 1883 2379 introire
1925 2332 1982 2378 in
2023 2332 2188 2378 vitam

1271 2406 1530 2451 aeternam
1544 2434 1558 2462 ,
1590 2414 1738 2459 quam
1766 2399 1892 2446 duos
1911 2398 2069 2458 pedes
2088 2399 2186 2445 ha-

1271 2474 1473 2519 bentem
1484 2502 1499 2531 ,
1519 2469 1651 2515 mitti
1669 2469 1726 2514 in
1745 2467 2032 2527 gehennam
2048 2467 2188 2527 ignis

1271 2536 1697 2596 inextinguibilis,

1338 2608 1420 2652 45.
1455 2605 1543 2651 ubi
1551 2603 1740 2651 vermis
1752 2615 1928 2650 eorum
1943 2615 2054 2649 non
2069 2616 2188 2648 mo-

1269 2676 1417 2733 ritur,
1439 2674 1490 2719 et
1507 2672 1640 2730 ignis
1659 2683 1769 2718 non
1788 2670 2128 2729 extinguitur.

1337 2757 1419 2801 46.
1456 2752 1606 2808 Quod
1628 2752 1674 2799 si
1693 2751 1868 2800 oculus
1895 2753 2013 2798 tuus
2033 2764 2185 2797 scau·

1275 2823 1462 2879 dalizat
1477 2824 1546 2882 te,
1583 2820 1712 2879 ejice
1734 2817 1867 2867 euml
1897 2820 2091 2865 bonum
2110 2821 2190 2864 est

1271 2891 1365 2937 tibi
1399 2890 1594 2937 luscum
1623 2887 1842 2935 introire
1877 2886 1934 2932 in
1969 2900 2191 2945 regnum

1272 2958 1396 3019 Dei,
1427 2972 1574 3016 quem
1609 2956 1735 3002 duos
1775 2953 1952 3001 oculos
1989 2953 2190 3001 haben-

1273 3029 1393 3085 tem,
1413 3025 1541 3073 mitti
1559 3024 1614 3070 in
1634 3023 1916 3082 gehennam
1935 3020 2093 3082 ignis,

1342 3095 1424 3139 47.
1458 3092 1545 3139 ubi
1564 3090 1752 3137 vermis
1765 3101 1941 3136 eorum
1951 3102 2189 3135 nonmo-

1273 3160 1421 3220 titur,
1443 3162 1494 3207 et
1512 3158 1645 3217 ignis
1664 3171 1771 3203 non
1791 3156 2129 3215 extinguitur.

1321 3264 1346 3291 τ
1361 3254 1643 3297 Matth.12‚³o.
1681 3261 1700 3279 τ
1717 3250 2007 3296 Matth.1o,⁴2.
2039 3258 2064 3279 ⁸
2077 3250 2189 3290 Luc.

1274 3307 1334 3347 17,
1352 3305 1388 3339 2.
1436 3300 1454 3328 ³
1466 3300 1612 3339 Matth.
1626 3302 1663 3345 5,
1681 3304 1742 3339 29.
1763 3310 1853 3348 sqq.

414 3452 534 3507 Cup.
563 3449 653 3494 lx.
714 3453 783 3493 26.
815 3448 1014 3493 elevavit
1028 3448 1173 3493 illum.
1231 3454 1302 3493 31.
1333 3451 1744 3502 euminterrogsre.
1801 3452 1872 3490 32.
1905 3447 2026 3490 domi
2045 3452 2190 3491 esset.

304 3510 373 3548 ³3-
407 3509 509 3563 quis
530 3511 654 3552 esset
670 3504 851 3551 illorum
870 3504 1029 3557 major.
1087 3509 1158 3550 35.
1191 3518 1321 3560 quem
1342 3509 1403 3549 ut·
1463 3508 1534 3548 36.
1566 3506 1640 3560 qui
1661 3517 1731 3548 me
1750 3504 1874 3548 misit
