<?xml version="1.0" encoding="UTF-8"?>
<!DOCTYPE html PUBLIC "-//W3C//DTD XHTML 1.0 Transitional//EN"
    "http://www.w3.org/TR/xhtml1/DTD/xhtml1-transitional.dtd">
<html xmlns="http://www.w3.org/1999/xhtml" xml:lang="en" lang="en">
 <head>
  <title>
</title>
<meta http-equiv="Content-Type" content="text/html;charset=utf-8" />
  <meta name='ocr-system' content='tesseract 3.04.00' />
  <meta name='ocr-capabilities' content='ocr_page ocr_carea ocr_par ocr_line ocrx_word'/>
</head>
<body>
  <div class='ocr_page' id='page_1' title='image "./novumtestamentu01flecgoog_0137.png"; bbox 0 0 2376 3925; ppageno 0'>
   <div class='ocr_carea' id='block_1_1' title="bbox 792 189 1149 242">
    <p class='ocr_par' dir='ltr' id='par_1_1' title="bbox 792 189 1149 242">
     <span class='ocr_line' id='line_1_1' title="bbox 792 189 1149 242; baseline 0.003 -1"><span class='ocrx_word' id='word_1_1' title='bbox 792 189 1149 242; x_wconf 71' lang='lat' dir='ltr'><strong>MARCUS.</strong></span> 
     </span>
    </p>
   </div>
   <div class='ocr_carea' id='block_1_2' title="bbox 168 293 1110 1423">
    <p class='ocr_par' dir='ltr' id='par_1_2' title="bbox 168 293 1110 407">
     <span class='ocr_line' id='line_1_2' title="bbox 172 293 1110 350; baseline 0 -10"><span class='ocrx_word' id='word_1_2' title='bbox 172 295 360 350; x_wconf 81' lang='lat' dir='ltr'><strong>ceret3</strong></span> <span class='ocrx_word' id='word_1_3' title='bbox 385 295 535 340; x_wconf 83' lang='lat' dir='ltr'><strong>erant</strong></span> <span class='ocrx_word' id='word_1_4' title='bbox 562 293 701 340; x_wconf 85' lang='lat' dir='ltr'><strong>enim</strong></span> <span class='ocrx_word' id='word_1_5' title='bbox 726 293 911 341; x_wconf 84' lang='lat' dir='ltr'><strong>timore</strong></span> <span class='ocrx_word' id='word_1_6' title='bbox 929 295 1110 340; x_wconf 83' lang='lat' dir='ltr'><strong>exter-</strong></span> 
     </span>
     <span class='ocr_line' id='line_1_3' title="bbox 168 360 287 407; baseline 0 -1"><span class='ocrx_word' id='word_1_7' title='bbox 168 360 287 407; x_wconf 87' lang='lat' dir='ltr'><strong>riti.</strong></span> 
     </span>
    </p>

    <p class='ocr_par' dir='ltr' id='par_1_3' title="bbox 171 427 1109 689">
     <span class='ocr_line' id='line_1_4' title="bbox 246 427 1109 476; baseline 0 -2"><span class='ocrx_word' id='word_1_8' title='bbox 246 431 301 474; x_wconf 81' lang='grc'><strong>6.</strong></span> <span class='ocrx_word' id='word_1_9' title='bbox 337 427 411 474; x_wconf 90' lang='lat' dir='ltr'><strong>Et</strong></span> <span class='ocrx_word' id='word_1_10' title='bbox 449 429 589 475; x_wconf 78' lang='lat' dir='ltr'><strong>facta</strong></span> <span class='ocrx_word' id='word_1_11' title='bbox 624 428 703 476; x_wconf 83' lang='lat' dir='ltr'><strong>est</strong></span> <span class='ocrx_word' id='word_1_12' title='bbox 734 431 893 476; x_wconf 85' lang='lat' dir='ltr'><strong>nubes</strong></span> <span class='ocrx_word' id='word_1_13' title='bbox 928 429 1109 476; x_wconf 89' lang='lat' dir='ltr'><strong>obum-</strong></span> 
     </span>
     <span class='ocr_line' id='line_1_5' title="bbox 171 495 1105 556; baseline 0.001 -14"><span class='ocrx_word' id='word_1_14' title='bbox 171 498 341 542; x_wconf 86' lang='lat' dir='ltr'><strong>brans</strong></span> <span class='ocrx_word' id='word_1_15' title='bbox 360 508 477 553; x_wconf 84' lang='lat' dir='ltr'><strong>eos,</strong></span> <span class='ocrx_word' id='word_1_16' title='bbox 492 498 545 542; x_wconf 88' lang='lat' dir='ltr'><strong>et</strong></span> <span class='ocrx_word' id='word_1_17' title='bbox 562 495 853 542; x_wconf 72' lang='lat' dir='ltr'><strong>venitqvox</strong></span> <span class='ocrx_word' id='word_1_18' title='bbox 870 496 931 542; x_wconf 89' lang='lat' dir='ltr'><strong>de</strong></span> <span class='ocrx_word' id='word_1_19' title='bbox 950 498 1105 556; x_wconf 86' lang='lat' dir='ltr'><strong>nube,</strong></span> 
     </span>
     <span class='ocr_line' id='line_1_6' title="bbox 172 562 1106 612; baseline 0.001 -2"><span class='ocrx_word' id='word_1_20' title='bbox 172 562 395 610; x_wconf 86' lang='lat' dir='ltr'><strong>dicens:</strong></span> <span class='ocrx_word' id='word_1_21' title='bbox 418 563 519 609; x_wconf 86' lang='lat' dir='ltr'><strong>Hic</strong></span> <span class='ocrx_word' id='word_1_22' title='bbox 538 565 615 608; x_wconf 85' lang='lat' dir='ltr'><strong>est</strong></span> <span class='ocrx_word' id='word_1_23' title='bbox 630 563 761 610; x_wconf 86' lang='lat' dir='ltr'><strong>filius</strong></span> <span class='ocrx_word' id='word_1_24' title='bbox 780 577 925 610; x_wconf 89' lang='lat' dir='ltr'><strong>meus</strong></span> <span class='ocrx_word' id='word_1_25' title='bbox 944 564 1106 612; x_wconf 86' lang='lat' dir='ltr'><strong>caris-</strong></span> 
     </span>
     <span class='ocr_line' id='line_1_7' title="bbox 172 630 754 689; baseline -0.002 -11"><span class='ocrx_word' id='word_1_26' title='bbox 172 631 374 689; x_wconf 81' lang='lat' dir='ltr'><strong>simus3</strong></span> <span class='ocrx_word' id='word_1_27' title='bbox 398 630 571 676; x_wconf 89' lang='lat' dir='ltr'><strong>audite</strong></span> <span class='ocrx_word' id='word_1_28' title='bbox 590 630 754 677; x_wconf 86' lang='lat' dir='ltr'><strong>illum!</strong></span> 
     </span>
    </p>

    <p class='ocr_par' dir='ltr' id='par_1_4' title="bbox 174 698 1105 881">
     <span class='ocr_line' id='line_1_8' title="bbox 248 698 1101 759; baseline 0.002 -15"><span class='ocrx_word' id='word_1_29' title='bbox 248 700 301 744; x_wconf 71' lang='lat'><strong>⁶1.</strong></span> <span class='ocrx_word' id='word_1_30' title='bbox 340 698 413 744; x_wconf 84' lang='lat' dir='ltr'><strong>Et</strong></span> <span class='ocrx_word' id='word_1_31' title='bbox 434 698 599 743; x_wconf 86' lang='lat' dir='ltr'><strong>statim</strong></span> <span class='ocrx_word' id='word_1_32' title='bbox 619 698 1101 759; x_wconf 76' lang='lat' dir='ltr'><strong>circumspicientes,</strong></span> 
     </span>
     <span class='ocr_line' id='line_1_9' title="bbox 174 764 1105 827; baseline 0.002 -15"><span class='ocrx_word' id='word_1_33' title='bbox 174 766 447 813; x_wconf 85' lang='lat' dir='ltr'><strong>neminem</strong></span> <span class='ocrx_word' id='word_1_34' title='bbox 465 764 678 823; x_wconf 85' lang='lat' dir='ltr'><strong>amplius</strong></span> <span class='ocrx_word' id='word_1_35' title='bbox 706 767 974 827; x_wconf 80' lang='lat' dir='ltr'><strong>viderunt,</strong></span> <span class='ocrx_word' id='word_1_36' title='bbox 1001 767 1105 814; x_wconf 85' lang='lat' dir='ltr'><strong>nisi</strong></span> 
     </span>
     <span class='ocr_line' id='line_1_10' title="bbox 180 835 791 881; baseline 0 -1"><span class='ocrx_word' id='word_1_37' title='bbox 180 835 215 880; x_wconf 85' lang='lat' dir='ltr'><strong>J</strong></span> <span class='ocrx_word' id='word_1_38' title='bbox 217 848 369 880; x_wconf 88' lang='lat' dir='ltr'><strong>esum</strong></span> <span class='ocrx_word' id='word_1_39' title='bbox 386 836 583 880; x_wconf 87' lang='lat' dir='ltr'><strong>tantum</strong></span> <span class='ocrx_word' id='word_1_40' title='bbox 602 846 791 881; x_wconf 87' lang='lat' dir='ltr'><strong>secum.</strong></span> 
     </span>
    </p>

    <p class='ocr_par' dir='ltr' id='par_1_5' title="bbox 180 901 1104 1219">
     <span class='ocr_line' id='line_1_11' title="bbox 258 901 1103 949; baseline 0.004 -3"><span class='ocrx_word' id='word_1_41' title='bbox 258 903 311 946; x_wconf 85' lang='lat'><strong>8.</strong></span> <span class='ocrx_word' id='word_1_42' title='bbox 344 901 415 947; x_wconf 86' lang='lat' dir='ltr'><strong>Et</strong></span> <span class='ocrx_word' id='word_1_43' title='bbox 452 901 871 949; x_wconf 71' lang='lat' dir='ltr'><strong>descendentibus</strong></span> <span class='ocrx_word' id='word_1_44' title='bbox 908 901 1011 949; x_wconf 89' lang='lat' dir='ltr'><strong>illis</strong></span> <span class='ocrx_word' id='word_1_45' title='bbox 1040 902 1103 949; x_wconf 92' lang='lat' dir='ltr'><strong>de</strong></span> 
     </span>
     <span class='ocr_line' id='line_1_12' title="bbox 180 969 1104 1030; baseline 0.002 -16"><span class='ocrx_word' id='word_1_46' title='bbox 180 969 395 1030; x_wconf 87' lang='lat' dir='ltr'><strong>monte,</strong></span> <span class='ocrx_word' id='word_1_47' title='bbox 425 970 721 1027; x_wconf 59' lang='lat' dir='ltr'><strong>praecepit?</strong></span> <span class='ocrx_word' id='word_1_48' title='bbox 747 969 876 1030; x_wconf 87' lang='lat' dir='ltr'><strong>illis,</strong></span> <span class='ocrx_word' id='word_1_49' title='bbox 907 982 972 1016; x_wconf 89' lang='lat' dir='ltr'><strong>ne</strong></span> <span class='ocrx_word' id='word_1_50' title='bbox 994 969 1104 1016; x_wconf 91' lang='lat' dir='ltr'><strong>cui-</strong></span> 
     </span>
     <span class='ocr_line' id='line_1_13' title="bbox 184 1037 1103 1096; baseline 0.002 -14"><span class='ocrx_word' id='word_1_51' title='bbox 184 1050 358 1095; x_wconf 88' lang='lat' dir='ltr'><strong>quam,</strong></span> <span class='ocrx_word' id='word_1_52' title='bbox 380 1050 507 1094; x_wconf 89' lang='lat' dir='ltr'><strong>quae</strong></span> <span class='ocrx_word' id='word_1_53' title='bbox 527 1037 793 1096; x_wconf 82' lang='lat' dir='ltr'><strong>vidissent,</strong></span> <span class='ocrx_word' id='word_1_54' title='bbox 816 1039 1103 1096; x_wconf 84' lang='lat' dir='ltr'><strong>narrarent3</strong></span> 
     </span>
     <span class='ocr_line' id='line_1_14' title="bbox 184 1103 1103 1151; baseline 0.001 -1"><span class='ocrx_word' id='word_1_55' title='bbox 184 1103 295 1150; x_wconf 88' lang='lat' dir='ltr'><strong>nisi</strong></span> <span class='ocrx_word' id='word_1_56' title='bbox 314 1118 426 1150; x_wconf 89' lang='lat' dir='ltr'><strong>cum</strong></span> <span class='ocrx_word' id='word_1_57' title='bbox 436 1103 595 1150; x_wconf 87' lang='lat' dir='ltr'><strong>Filius</strong></span> <span class='ocrx_word' id='word_1_58' title='bbox 607 1104 829 1151; x_wconf 88' lang='lat' dir='ltr'><strong>hominis</strong></span> <span class='ocrx_word' id='word_1_59' title='bbox 848 1105 1103 1151; x_wconf 74' lang='lat' dir='ltr'><strong>amortuis</strong></span> 
     </span>
     <span class='ocr_line' id='line_1_15' title="bbox 181 1172 555 1219; baseline -0.003 -1"><span class='ocrx_word' id='word_1_60' title='bbox 181 1172 555 1219; x_wconf 79' lang='lat' dir='ltr'><strong>resurrexerit.</strong></span> 
     </span>
    </p>

    <p class='ocr_par' dir='ltr' id='par_1_6' title="bbox 182 1239 1106 1423">
     <span class='ocr_line' id='line_1_16' title="bbox 254 1239 1106 1287; baseline 0 -1"><span class='ocrx_word' id='word_1_61' title='bbox 254 1243 303 1286; x_wconf 83' lang='lat'><strong>9.</strong></span> <span class='ocrx_word' id='word_1_62' title='bbox 358 1240 433 1285; x_wconf 85' lang='lat' dir='ltr'><strong>Et</strong></span> <span class='ocrx_word' id='word_1_63' title='bbox 483 1241 694 1286; x_wconf 86' lang='lat' dir='ltr'><strong>verbum</strong></span> <span class='ocrx_word' id='word_1_64' title='bbox 741 1239 1106 1287; x_wconf 86' lang='lat' dir='ltr'><strong>continuerunt</strong></span> 
     </span>
     <span class='ocr_line' id='line_1_17' title="bbox 183 1307 1101 1367; baseline -0.001 -12"><span class='ocrx_word' id='word_1_65' title='bbox 183 1307 321 1366; x_wconf 88' lang='lat' dir='ltr'><strong>apud</strong></span> <span class='ocrx_word' id='word_1_66' title='bbox 341 1321 428 1366; x_wconf 90' lang='lat' dir='ltr'><strong>se,</strong></span> <span class='ocrx_word' id='word_1_67' title='bbox 460 1307 844 1367; x_wconf 77' lang='lat' dir='ltr'><strong>conquirentes,</strong></span> <span class='ocrx_word' id='word_1_68' title='bbox 873 1307 991 1365; x_wconf 89' lang='lat' dir='ltr'><strong>quid</strong></span> <span class='ocrx_word' id='word_1_69' title='bbox 1019 1321 1101 1354; x_wconf 91' lang='lat' dir='ltr'><strong>es-</strong></span> 
     </span>
     <span class='ocr_line' id='line_1_18' title="bbox 182 1374 1101 1423; baseline 0 -2"><span class='ocrx_word' id='word_1_70' title='bbox 182 1378 292 1423; x_wconf 85' lang='lat' dir='ltr'><strong>set:</strong></span> <span class='ocrx_word' id='word_1_71' title='bbox 308 1377 438 1420; x_wconf 87' lang='lat' dir='ltr'><strong>Cum</strong></span> <span class='ocrx_word' id='word_1_72' title='bbox 456 1387 487 1420; x_wconf 90' lang='lat' dir='ltr'><strong>a</strong></span> <span class='ocrx_word' id='word_1_73' title='bbox 504 1374 718 1421; x_wconf 76' lang='lat' dir='ltr'><strong>mortuis</strong></span> <span class='ocrx_word' id='word_1_74' title='bbox 737 1376 1101 1422; x_wconf 71' lang='lat' dir='ltr'><strong>resurrexerit.</strong></span> 
     </span>
    </p>
   </div>
   <div class='ocr_carea' id='block_1_3' title="bbox 183 1459 1108 2061">
    <p class='ocr_par' dir='ltr' id='par_1_7' title="bbox 184 1459 1103 1720">
     <span class='ocr_line' id='line_1_19' title="bbox 252 1459 1102 1518; baseline 0.001 -13"><span class='ocrx_word' id='word_1_75' title='bbox 252 1462 339 1506; x_wconf 89' lang='grc'><strong>10.</strong></span> <span class='ocrx_word' id='word_1_76' title='bbox 374 1459 445 1505; x_wconf 91' lang='lat' dir='ltr'><strong>Et</strong></span> <span class='ocrx_word' id='word_1_77' title='bbox 462 1459 850 1518; x_wconf 85' lang='lat' dir='ltr'><strong>interrogabant</strong></span> <span class='ocrx_word' id='word_1_78' title='bbox 870 1474 1001 1518; x_wconf 91' lang='lat' dir='ltr'><strong>eum,</strong></span> <span class='ocrx_word' id='word_1_79' title='bbox 1024 1459 1102 1506; x_wconf 91' lang='lat' dir='ltr'><strong>di-</strong></span> 
     </span>
     <span class='ocr_line' id='line_1_20' title="bbox 184 1525 1102 1584; baseline -0.001 -10"><span class='ocrx_word' id='word_1_80' title='bbox 184 1531 391 1574; x_wconf 89' lang='lat' dir='ltr'><strong>centes:</strong></span> <span class='ocrx_word' id='word_1_81' title='bbox 424 1525 559 1580; x_wconf 71' lang='lat' dir='ltr'><strong>Quid</strong></span> <span class='ocrx_word' id='word_1_82' title='bbox 584 1540 710 1584; x_wconf 82' lang='lat' dir='ltr'><strong>ergo</strong></span> <span class='ocrx_word' id='word_1_83' title='bbox 732 1527 905 1573; x_wconf 91' lang='lat' dir='ltr'><strong>dicunt</strong></span> <span class='ocrx_word' id='word_1_84' title='bbox 920 1528 1102 1574; x_wconf 83' lang='lat' dir='ltr'><strong>Phari-</strong></span> 
     </span>
     <span class='ocr_line' id='line_1_21' title="bbox 184 1594 1103 1654; baseline -0.001 -12"><span class='ocrx_word' id='word_1_85' title='bbox 184 1596 299 1642; x_wconf 88' lang='lat' dir='ltr'><strong>saei</strong></span> <span class='ocrx_word' id='word_1_86' title='bbox 319 1596 372 1640; x_wconf 92' lang='lat' dir='ltr'><strong>et</strong></span> <span class='ocrx_word' id='word_1_87' title='bbox 384 1594 610 1652; x_wconf 86' lang='lat' dir='ltr'><strong>Scribae,</strong></span> <span class='ocrx_word' id='word_1_88' title='bbox 632 1595 748 1651; x_wconf 88' lang='lat' dir='ltr'><strong>quia</strong></span> <span class='ocrx_word' id='word_1_89' title='bbox 756 1595 925 1641; x_wconf 88' lang='lat' dir='ltr'><strong>Eliam</strong></span> <span class='ocrx_word' id='word_1_90' title='bbox 943 1609 1103 1654; x_wconf 91' lang='lat' dir='ltr'><strong>opor-</strong></span> 
     </span>
     <span class='ocr_line' id='line_1_22' title="bbox 184 1662 737 1720; baseline 0 -12"><span class='ocrx_word' id='word_1_91' title='bbox 184 1666 269 1708; x_wconf 85' lang='lat' dir='ltr'><strong>tet</strong></span> <span class='ocrx_word' id='word_1_92' title='bbox 286 1662 470 1708; x_wconf 85' lang='lat' dir='ltr'><strong>venire</strong></span> <span class='ocrx_word' id='word_1_93' title='bbox 488 1662 737 1720; x_wconf 63' lang='lat' dir='ltr'><strong>primum?</strong></span> 
     </span>
    </p>

    <p class='ocr_par' dir='ltr' id='par_1_8' title="bbox 183 1728 1108 2061">
     <span class='ocr_line' id='line_1_23' title="bbox 261 1728 1101 1790; baseline 0 -15"><span class='ocrx_word' id='word_1_94' title='bbox 261 1731 349 1776; x_wconf 83' lang='lat'><strong>11.</strong></span> <span class='ocrx_word' id='word_1_95' title='bbox 387 1728 485 1781; x_wconf 75' lang='lat' dir='ltr'><strong>Qui</strong></span> <span class='ocrx_word' id='word_1_96' title='bbox 509 1730 852 1790; x_wconf 88' lang='lat' dir='ltr'><strong>respondens,</strong></span> <span class='ocrx_word' id='word_1_97' title='bbox 882 1729 955 1778; x_wconf 88' lang='lat' dir='ltr'><strong>ait</strong></span> <span class='ocrx_word' id='word_1_98' title='bbox 971 1729 1101 1776; x_wconf 89' lang='lat' dir='ltr'><strong>illis:</strong></span> 
     </span>
     <span class='ocr_line' id='line_1_24' title="bbox 183 1797 1108 1857; baseline -0.004 -12"><span class='ocrx_word' id='word_1_99' title='bbox 183 1797 341 1845; x_wconf 88' lang='lat' dir='ltr'><strong>Elias</strong></span> <span class='ocrx_word' id='word_1_100' title='bbox 360 1798 681 1844; x_wconf 83' lang='lat' dir='ltr'><strong>cumvenerit</strong></span> <span class='ocrx_word' id='word_1_101' title='bbox 696 1798 881 1857; x_wconf 85' lang='lat' dir='ltr'><strong>primo,</strong></span> <span class='ocrx_word' id='word_1_102' title='bbox 900 1797 1108 1844; x_wconf 88' lang='lat' dir='ltr'><strong>restitu-</strong></span> 
     </span>
     <span class='ocr_line' id='line_1_25' title="bbox 189 1864 1105 1922; baseline -0.004 -9"><span class='ocrx_word' id='word_1_103' title='bbox 189 1869 247 1913; x_wconf 87' lang='lat' dir='ltr'><strong>et</strong></span> <span class='ocrx_word' id='word_1_104' title='bbox 267 1864 471 1921; x_wconf 80' lang='lat' dir='ltr'><strong>omnia3</strong></span> <span class='ocrx_word' id='word_1_105' title='bbox 502 1866 553 1910; x_wconf 87' lang='lat' dir='ltr'><strong>et</strong></span> <span class='ocrx_word' id='word_1_106' title='bbox 578 1864 831 1922; x_wconf 90' lang='lat' dir='ltr'><strong>quomodo</strong></span> <span class='ocrx_word' id='word_1_107' title='bbox 862 1865 1105 1922; x_wconf 87' lang='lat' dir='ltr'><strong>scriptum</strong></span> 
     </span>
     <span class='ocr_line' id='line_1_26' title="bbox 186 1931 1107 1993; baseline -0.002 -12"><span class='ocrx_word' id='word_1_108' title='bbox 186 1934 273 1981; x_wconf 86' lang='lat' dir='ltr'><strong>est</strong></span> <span class='ocrx_word' id='word_1_109' title='bbox 290 1933 349 1979; x_wconf 87' lang='lat' dir='ltr'><strong>in</strong></span> <span class='ocrx_word' id='word_1_110' title='bbox 378 1932 565 1979; x_wconf 87' lang='lat' dir='ltr'><strong>Filium</strong></span> <span class='ocrx_word' id='word_1_111' title='bbox 591 1933 840 1993; x_wconf 88' lang='lat' dir='ltr'><strong>hominis,</strong></span> <span class='ocrx_word' id='word_1_112' title='bbox 873 1934 932 1979; x_wconf 89' lang='lat' dir='ltr'><strong>ut</strong></span> <span class='ocrx_word' id='word_1_113' title='bbox 947 1931 1107 1979; x_wconf 84' lang='lat' dir='ltr'><strong>multa</strong></span> 
     </span>
     <span class='ocr_line' id='line_1_27' title="bbox 188 2002 890 2061; baseline -0.003 -12"><span class='ocrx_word' id='word_1_114' title='bbox 188 2002 433 2061; x_wconf 84' lang='lat' dir='ltr'><strong>patiatur,</strong></span> <span class='ocrx_word' id='word_1_115' title='bbox 454 2003 506 2047; x_wconf 82' lang='lat' dir='ltr'><strong>et</strong></span> <span class='ocrx_word' id='word_1_116' title='bbox 524 2003 890 2048; x_wconf 77' lang='lat' dir='ltr'><strong>contemnatur.</strong></span> 
     </span>
    </p>
   </div>
   <div class='ocr_carea' id='block_1_4' title="bbox 188 2083 1111 2876">
    <p class='ocr_par' dir='ltr' id='par_1_9' title="bbox 188 2083 1108 2347">
     <span class='ocr_line' id='line_1_28' title="bbox 259 2083 1108 2146; baseline 0 -15"><span class='ocrx_word' id='word_1_117' title='bbox 259 2088 343 2131; x_wconf 84' lang='lat'><strong>12.</strong></span> <span class='ocrx_word' id='word_1_118' title='bbox 378 2083 481 2133; x_wconf 88' lang='lat' dir='ltr'><strong>Sed</strong></span> <span class='ocrx_word' id='word_1_119' title='bbox 518 2084 631 2131; x_wconf 88' lang='lat' dir='ltr'><strong>dico</strong></span> <span class='ocrx_word' id='word_1_120' title='bbox 677 2086 825 2132; x_wconf 86' lang='lat' dir='ltr'><strong>vobis</strong></span> <span class='ocrx_word' id='word_1_121' title='bbox 837 2116 853 2146; x_wconf 91' lang='lat'><strong>,</strong></span> <span class='ocrx_word' id='word_1_122' title='bbox 901 2085 1019 2143; x_wconf 89' lang='lat' dir='ltr'><strong>quia</strong></span> <span class='ocrx_word' id='word_1_123' title='bbox 1056 2087 1108 2131; x_wconf 92' lang='lat' dir='ltr'><strong>et</strong></span> 
     </span>
     <span class='ocr_line' id='line_1_29' title="bbox 188 2151 1105 2213; baseline -0.001 -14"><span class='ocrx_word' id='word_1_124' title='bbox 188 2154 364 2199; x_wconf 70' lang='lat' dir='ltr'><strong>Elias-³</strong></span> <span class='ocrx_word' id='word_1_125' title='bbox 406 2152 557 2199; x_wconf 81' lang='lat' dir='ltr'><strong>venit</strong></span> <span class='ocrx_word' id='word_1_126' title='bbox 602 2151 688 2213; x_wconf 89' lang='lat' dir='ltr'><strong>(et</strong></span> <span class='ocrx_word' id='word_1_127' title='bbox 730 2154 966 2200; x_wconf 81' lang='lat' dir='ltr'><strong>fecerunt</strong></span> <span class='ocrx_word' id='word_1_128' title='bbox 1008 2152 1105 2212; x_wconf 88' lang='lat' dir='ltr'><strong>illi,</strong></span> 
     </span>
     <span class='ocr_line' id='line_1_30' title="bbox 192 2220 1108 2281; baseline 0 -14"><span class='ocrx_word' id='word_1_129' title='bbox 192 2232 540 2279; x_wconf 85' lang='lat' dir='ltr'><strong>quaecumque</strong></span> <span class='ocrx_word' id='word_1_130' title='bbox 597 2220 903 2281; x_wconf 83' lang='lat' dir='ltr'><strong>voluerunt)</strong></span> <span class='ocrx_word' id='word_1_131' title='bbox 974 2220 1108 2267; x_wconf 84' lang='lat' dir='ltr'><strong>sicut</strong></span> 
     </span>
     <span class='ocr_line' id='line_1_31' title="bbox 192 2288 716 2347; baseline -0.002 -11"><span class='ocrx_word' id='word_1_132' title='bbox 192 2290 437 2347; x_wconf 85' lang='lat' dir='ltr'><strong>scriptum</strong></span> <span class='ocrx_word' id='word_1_133' title='bbox 457 2290 537 2335; x_wconf 88' lang='lat' dir='ltr'><strong>est</strong></span> <span class='ocrx_word' id='word_1_134' title='bbox 554 2288 617 2334; x_wconf 87' lang='lat' dir='ltr'><strong>de</strong></span> <span class='ocrx_word' id='word_1_135' title='bbox 636 2301 716 2335; x_wconf 89' lang='lat' dir='ltr'><strong>eo.</strong></span> 
     </span>
    </p>

    <p class='ocr_par' dir='ltr' id='par_1_10' title="bbox 196 2355 1109 2605">
     <span class='ocr_line' id='line_1_32' title="bbox 266 2355 1106 2414; baseline 0.001 -12"><span class='ocrx_word' id='word_1_136' title='bbox 266 2358 345 2403; x_wconf 80' lang='lat'><strong>13.</strong></span> <span class='ocrx_word' id='word_1_137' title='bbox 381 2356 477 2402; x_wconf 68' lang='lat' dir='ltr'><strong>tEt</strong></span> <span class='ocrx_word' id='word_1_138' title='bbox 503 2356 719 2403; x_wconf 83' lang='lat' dir='ltr'><strong>veniens</strong></span> <span class='ocrx_word' id='word_1_139' title='bbox 747 2356 813 2403; x_wconf 86' lang='lat' dir='ltr'><strong>ad</strong></span> <span class='ocrx_word' id='word_1_140' title='bbox 830 2355 1106 2414; x_wconf 89' lang='lat' dir='ltr'><strong>discipulos</strong></span> 
     </span>
     <span class='ocr_line' id='line_1_33' title="bbox 198 2424 1108 2484; baseline -0.003 -12"><span class='ocrx_word' id='word_1_141' title='bbox 198 2438 339 2484; x_wconf 87' lang='lat' dir='ltr'><strong>suos,</strong></span> <span class='ocrx_word' id='word_1_142' title='bbox 357 2424 489 2470; x_wconf 83' lang='lat' dir='ltr'><strong>vidit</strong></span> <span class='ocrx_word' id='word_1_143' title='bbox 504 2426 703 2471; x_wconf 87' lang='lat' dir='ltr'><strong>turbam</strong></span> <span class='ocrx_word' id='word_1_144' title='bbox 718 2436 953 2482; x_wconf 87' lang='lat' dir='ltr'><strong>magnam</strong></span> <span class='ocrx_word' id='word_1_145' title='bbox 972 2424 1108 2471; x_wconf 87' lang='lat' dir='ltr'><strong>circa</strong></span> 
     </span>
     <span class='ocr_line' id='line_1_34' title="bbox 196 2492 1109 2552; baseline -0.001 -14"><span class='ocrx_word' id='word_1_146' title='bbox 196 2506 307 2552; x_wconf 84' lang='lat' dir='ltr'><strong>eos,</strong></span> <span class='ocrx_word' id='word_1_147' title='bbox 328 2495 380 2539; x_wconf 86' lang='lat' dir='ltr'><strong>et</strong></span> <span class='ocrx_word' id='word_1_148' title='bbox 392 2492 595 2540; x_wconf 76' lang='lat' dir='ltr'><strong>Scribas</strong></span> <span class='ocrx_word' id='word_1_149' title='bbox 614 2492 975 2549; x_wconf 86' lang='lat' dir='ltr'><strong>conquirentes</strong></span> <span class='ocrx_word' id='word_1_150' title='bbox 996 2504 1109 2539; x_wconf 87' lang='lat' dir='ltr'><strong>cum</strong></span> 
     </span>
     <span class='ocr_line' id='line_1_35' title="bbox 196 2560 316 2605; baseline 0 0"><span class='ocrx_word' id='word_1_151' title='bbox 196 2560 316 2605; x_wconf 86' lang='lat' dir='ltr'><strong>illis.</strong></span> 
     </span>
    </p>

    <p class='ocr_par' dir='ltr' id='par_1_11' title="bbox 196 2626 1111 2876">
     <span class='ocr_line' id='line_1_36' title="bbox 268 2626 1108 2686; baseline 0 -13"><span class='ocrx_word' id='word_1_152' title='bbox 268 2628 349 2673; x_wconf 83' lang='lat'><strong>14.</strong></span> <span class='ocrx_word' id='word_1_153' title='bbox 384 2626 451 2673; x_wconf 90' lang='lat' dir='ltr'><strong>Et</strong></span> <span class='ocrx_word' id='word_1_154' title='bbox 470 2626 739 2675; x_wconf 84' lang='lat' dir='ltr'><strong>confestim</strong></span> <span class='ocrx_word' id='word_1_155' title='bbox 758 2627 924 2673; x_wconf 90' lang='lat' dir='ltr'><strong>omnis</strong></span> <span class='ocrx_word' id='word_1_156' title='bbox 942 2640 1108 2686; x_wconf 91' lang='lat' dir='ltr'><strong>popu-</strong></span> 
     </span>
     <span class='ocr_line' id='line_1_37' title="bbox 196 2693 1108 2755; baseline 0.002 -16"><span class='ocrx_word' id='word_1_157' title='bbox 196 2696 217 2739; x_wconf 88' lang='lat' dir='ltr'><strong>l</strong></span> <span class='ocrx_word' id='word_1_158' title='bbox 224 2708 283 2740; x_wconf 89' lang='lat' dir='ltr'><strong>us</strong></span> <span class='ocrx_word' id='word_1_159' title='bbox 293 2693 470 2741; x_wconf 86' lang='lat' dir='ltr'><strong>videns</strong></span> <span class='ocrx_word' id='word_1_160' title='bbox 479 2697 511 2741; x_wconf 80' lang='lat' dir='ltr'>J</span> <span class='ocrx_word' id='word_1_161' title='bbox 514 2708 670 2754; x_wconf 89' lang='lat' dir='ltr'><strong>esum,</strong></span> <span class='ocrx_word' id='word_1_162' title='bbox 685 2696 993 2753; x_wconf 78' lang='lat' dir='ltr'><strong>stupefactus</strong></span> <span class='ocrx_word' id='word_1_163' title='bbox 1013 2697 1108 2755; x_wconf 87' lang='lat' dir='ltr'><strong>est,</strong></span> 
     </span>
     <span class='ocr_line' id='line_1_38' title="bbox 198 2764 1111 2821; baseline 0 -13"><span class='ocrx_word' id='word_1_164' title='bbox 198 2765 257 2808; x_wconf 86' lang='lat' dir='ltr'><strong>et</strong></span> <span class='ocrx_word' id='word_1_165' title='bbox 276 2764 609 2821; x_wconf 78' lang='lat' dir='ltr'><strong>expaverunt,</strong></span> <span class='ocrx_word' id='word_1_166' title='bbox 621 2765 673 2809; x_wconf 89' lang='lat' dir='ltr'><strong>et</strong></span> <span class='ocrx_word' id='word_1_167' title='bbox 689 2766 1013 2810; x_wconf 85' lang='lat' dir='ltr'><strong>accurrentes</strong></span> <span class='ocrx_word' id='word_1_168' title='bbox 1027 2776 1111 2808; x_wconf 86' lang='lat' dir='ltr'><strong>sa·-</strong></span> 
     </span>
     <span class='ocr_line' id='line_1_39' title="bbox 196 2830 573 2876; baseline 0.005 -2"><span class='ocrx_word' id='word_1_169' title='bbox 196 2830 428 2875; x_wconf 86' lang='lat' dir='ltr'><strong>lutabant</strong></span> <span class='ocrx_word' id='word_1_170' title='bbox 444 2844 573 2876; x_wconf 86' lang='lat' dir='ltr'><strong>eum.</strong></span> 
     </span>
    </p>
   </div>
   <div class='ocr_carea' id='block_1_5' title="bbox 200 2896 1112 3023">
    <p class='ocr_par' dir='ltr' id='par_1_12' title="bbox 200 2896 1112 3023">
     <span class='ocr_line' id='line_1_40' title="bbox 270 2896 1112 2956; baseline -0.001 -13"><span class='ocrx_word' id='word_1_171' title='bbox 270 2898 350 2943; x_wconf 82' lang='grc'><strong>15.</strong></span> <span class='ocrx_word' id='word_1_172' title='bbox 385 2897 454 2943; x_wconf 92' lang='lat' dir='ltr'><strong>Et</strong></span> <span class='ocrx_word' id='word_1_173' title='bbox 469 2898 813 2956; x_wconf 84' lang='lat' dir='ltr'><strong>interrogavit</strong></span> <span class='ocrx_word' id='word_1_174' title='bbox 832 2910 950 2945; x_wconf 80' lang='lat' dir='ltr'><strong>eos:</strong></span> <span class='ocrx_word' id='word_1_175' title='bbox 980 2896 1112 2951; x_wconf 72' lang='lat' dir='ltr'><strong>Quid</strong></span> 
     </span>
     <span class='ocr_line' id='line_1_41' title="bbox 200 2964 811 3023; baseline 0 -12"><span class='ocrx_word' id='word_1_176' title='bbox 200 2964 336 3011; x_wconf 89' lang='lat' dir='ltr'><strong>inter</strong></span> <span class='ocrx_word' id='word_1_177' title='bbox 353 2977 452 3012; x_wconf 80' lang='lat' dir='ltr'><strong>vos</strong></span> <span class='ocrx_word' id='word_1_178' title='bbox 472 2964 773 3023; x_wconf 72' lang='lat' dir='ltr'><strong>conquiritis</strong></span> <span class='ocrx_word' id='word_1_179' title='bbox 787 2964 811 3010; x_wconf 60' lang='grc' dir='ltr'><em>Φ</em></span> 
     </span>
    </p>
   </div>
   <div class='ocr_carea' id='block_1_6' title="bbox 252 3072 1624 3129">
    <p class='ocr_par' dir='ltr' id='par_1_13' title="bbox 252 3072 1624 3129">
     <span class='ocr_line' id='line_1_42' title="bbox 252 3072 1624 3129; baseline 0.009 -22"><span class='ocrx_word' id='word_1_180' title='bbox 252 3080 269 3107; x_wconf 75' lang='lat'><strong>⁴1</strong></span> <span class='ocrx_word' id='word_1_181' title='bbox 286 3073 434 3111; x_wconf 71' lang='lat' dir='ltr'><strong>Matth.</strong></span> <span class='ocrx_word' id='word_1_182' title='bbox 456 3077 495 3116; x_wconf 83' lang='lat'><strong>8,</strong></span> <span class='ocrx_word' id='word_1_183' title='bbox 522 3078 582 3112; x_wconf 85' lang='grc'><strong>17.</strong></span> <span class='ocrx_word' id='word_1_184' title='bbox 614 3077 677 3117; x_wconf 80' lang='lat'><strong>12,</strong></span> <span class='ocrx_word' id='word_1_185' title='bbox 702 3077 762 3113; x_wconf 83' lang='lat'><strong>18.</strong></span> <span class='ocrx_word' id='word_1_186' title='bbox 816 3072 965 3112; x_wconf 79' lang='lat' dir='ltr'><strong>2Petr.</strong></span> <span class='ocrx_word' id='word_1_187' title='bbox 993 3076 1030 3116; x_wconf 93' lang='lat'><strong>1,</strong></span> <span class='ocrx_word' id='word_1_188' title='bbox 1055 3076 1113 3111; x_wconf 80' lang='lat'><strong>17.</strong></span> <span class='ocrx_word' id='word_1_189' title='bbox 1180 3081 1330 3129; x_wconf 68' lang='lat' dir='ltr'><strong>multi</strong></span> <span class='ocrx_word' id='word_1_190' title='bbox 1373 3081 1624 3129; x_wconf 69' lang='lat' dir='ltr'><strong>dicerent:</strong></span> 
     </span>
    </p>
   </div>
   <div class='ocr_carea' id='block_1_7' title="bbox 200 3120 1113 3211">
    <p class='ocr_par' dir='ltr' id='par_1_14' title="bbox 200 3120 1113 3211">
     <span class='ocr_line' id='line_1_43' title="bbox 200 3120 1113 3164; baseline 0.001 -9"><span class='ocrx_word' id='word_1_191' title='bbox 200 3128 223 3147; x_wconf 76' lang='lat'><em>⁷</em></span> <span class='ocrx_word' id='word_1_192' title='bbox 244 3131 276 3157; x_wconf 90' lang='lat' dir='ltr'><strong>c.</strong></span> <span class='ocrx_word' id='word_1_193' title='bbox 293 3122 329 3161; x_wconf 83' lang='grc'><strong>8.</strong></span> <span class='ocrx_word' id='word_1_194' title='bbox 348 3124 409 3159; x_wconf 78' lang='grc'><strong>30.</strong></span> <span class='ocrx_word' id='word_1_195' title='bbox 456 3127 472 3145; x_wconf 81' lang='grc'><em>·</em></span> <span class='ocrx_word' id='word_1_196' title='bbox 488 3120 635 3158; x_wconf 75' lang='lat' dir='ltr'><strong>Matth.</strong></span> <span class='ocrx_word' id='word_1_197' title='bbox 655 3126 715 3164; x_wconf 92' lang='lat'><strong>11,</strong></span> <span class='ocrx_word' id='word_1_198' title='bbox 733 3122 797 3158; x_wconf 82' lang='lat'><strong>14.</strong></span> <span class='ocrx_word' id='word_1_199' title='bbox 845 3122 865 3147; x_wconf 49' lang='grc' dir='ltr'>θ</span> <span class='ocrx_word' id='word_1_200' title='bbox 882 3131 922 3159; x_wconf 80' lang='lat' dir='ltr'><strong>v.</strong></span> <span class='ocrx_word' id='word_1_201' title='bbox 940 3123 1113 3159; x_wconf 82' lang='lat'><strong>13—28.</strong></span> 
     </span>
     <span class='ocr_line' id='line_1_44' title="bbox 202 3166 999 3211; baseline 0.001 -7"><span class='ocrx_word' id='word_1_202' title='bbox 202 3166 351 3205; x_wconf 70' lang='lat' dir='ltr'><strong>Matth.</strong></span> <span class='ocrx_word' id='word_1_203' title='bbox 367 3171 429 3210; x_wconf 84' lang='lat'><strong>17,</strong></span> <span class='ocrx_word' id='word_1_204' title='bbox 448 3170 621 3205; x_wconf 72' lang='lat'><strong>14—21.</strong></span> <span class='ocrx_word' id='word_1_205' title='bbox 650 3167 754 3207; x_wconf 84' lang='lat' dir='ltr'><strong>Luc.</strong></span> <span class='ocrx_word' id='word_1_206' title='bbox 768 3172 807 3211; x_wconf 80' lang='lat'><strong>9,</strong></span> <span class='ocrx_word' id='word_1_207' title='bbox 824 3169 999 3207; x_wconf 80' lang='lat'><strong>37—43.</strong></span> 
     </span>
    </p>
   </div>
   <div class='ocr_carea' id='block_1_8' title="bbox 1223 189 2092 247">
    <p class='ocr_par' dir='ltr' id='par_1_15' title="bbox 1223 189 2092 247">
     <span class='ocr_line' id='line_1_45' title="bbox 1223 189 2092 247; baseline 0.007 -6"><span class='ocrx_word' id='word_1_208' title='bbox 1223 189 1395 241; x_wconf 78' lang='lat' dir='ltr'><strong>CAP.</strong></span> <span class='ocrx_word' id='word_1_209' title='bbox 1435 189 1485 240; x_wconf 78' lang='lat'><strong>9.</strong></span> <span class='ocrx_word' id='word_1_210' title='bbox 2023 196 2092 247; x_wconf 78' lang='lat'><strong>69</strong></span> 
     </span>
    </p>
   </div>
   <div class='ocr_carea' id='block_1_9' title="bbox 1168 293 2090 2448">
    <p class='ocr_par' dir='ltr' id='par_1_16' title="bbox 1175 293 2088 555">
     <span class='ocr_line' id='line_1_46' title="bbox 1245 293 2088 351; baseline 0.008 -14"><span class='ocrx_word' id='word_1_211' title='bbox 1245 294 1328 338; x_wconf 86' lang='grc'><strong>16.</strong></span> <span class='ocrx_word' id='word_1_212' title='bbox 1361 293 1432 338; x_wconf 88' lang='lat' dir='ltr'><strong>Et</strong></span> <span class='ocrx_word' id='word_1_213' title='bbox 1473 294 1792 351; x_wconf 84' lang='lat' dir='ltr'><strong>respondens</strong></span> <span class='ocrx_word' id='word_1_214' title='bbox 1839 309 1970 342; x_wconf 90' lang='lat' dir='ltr'><strong>unus</strong></span> <span class='ocrx_word' id='word_1_215' title='bbox 2027 298 2088 345; x_wconf 88' lang='lat' dir='ltr'><strong>de</strong></span> 
     </span>
     <span class='ocr_line' id='line_1_47' title="bbox 1176 360 2088 420; baseline 0.008 -15"><span class='ocrx_word' id='word_1_216' title='bbox 1176 361 1352 420; x_wconf 86' lang='lat' dir='ltr'><strong>turba,</strong></span> <span class='ocrx_word' id='word_1_217' title='bbox 1384 360 1538 406; x_wconf 85' lang='lat' dir='ltr'><strong>dixit:</strong></span> <span class='ocrx_word' id='word_1_218' title='bbox 1569 362 1840 420; x_wconf 70' lang='lat' dir='ltr'><strong>Magister!</strong></span> <span class='ocrx_word' id='word_1_219' title='bbox 1861 364 2010 412; x_wconf 86' lang='lat' dir='ltr'><strong>attuli</strong></span> <span class='ocrx_word' id='word_1_220' title='bbox 2027 367 2088 412; x_wconf 78' lang='lat' dir='ltr'><strong>ss-</strong></span> 
     </span>
     <span class='ocr_line' id='line_1_48' title="bbox 1176 427 2086 490; baseline 0.007 -18"><span class='ocrx_word' id='word_1_221' title='bbox 1176 427 1301 474; x_wconf 89' lang='lat' dir='ltr'><strong>lium</strong></span> <span class='ocrx_word' id='word_1_222' title='bbox 1318 442 1486 474; x_wconf 90' lang='lat' dir='ltr'><strong>meum</strong></span> <span class='ocrx_word' id='word_1_223' title='bbox 1497 428 1561 473; x_wconf 87' lang='lat' dir='ltr'><strong>ad</strong></span> <span class='ocrx_word' id='word_1_224' title='bbox 1576 431 1626 475; x_wconf 84' lang='lat' dir='ltr'><strong>te</strong></span> <span class='ocrx_word' id='word_1_225' title='bbox 1646 430 1914 478; x_wconf 77' lang='lat' dir='ltr'><strong>habentem</strong></span> <span class='ocrx_word' id='word_1_226' title='bbox 1932 433 2086 490; x_wconf 82' lang='lat' dir='ltr'><strong>spiti-</strong></span> 
     </span>
     <span class='ocr_line' id='line_1_49' title="bbox 1175 497 1505 555; baseline -0.003 -13"><span class='ocrx_word' id='word_1_227' title='bbox 1175 497 1282 542; x_wconf 90' lang='lat' dir='ltr'><strong>tum</strong></span> <span class='ocrx_word' id='word_1_228' title='bbox 1298 498 1505 555; x_wconf 88' lang='lat' dir='ltr'><strong>mutum,</strong></span> 
     </span>
    </p>

    <p class='ocr_par' dir='ltr' id='par_1_17' title="bbox 1170 563 2088 895">
     <span class='ocr_line' id='line_1_50' title="bbox 1242 563 2086 626; baseline 0.007 -17"><span class='ocrx_word' id='word_1_229' title='bbox 1242 564 1325 609; x_wconf 73' lang='lat'><strong>17.</strong></span> <span class='ocrx_word' id='word_1_230' title='bbox 1363 563 1449 620; x_wconf 90' lang='lat' dir='ltr'><strong>qui</strong></span> <span class='ocrx_word' id='word_1_231' title='bbox 1497 563 1792 621; x_wconf 85' lang='lat' dir='ltr'><strong>ubicumque</strong></span> <span class='ocrx_word' id='word_1_232' title='bbox 1837 580 1954 614; x_wconf 88' lang='lat' dir='ltr'><strong>eum</strong></span> <span class='ocrx_word' id='word_1_233' title='bbox 1991 581 2086 626; x_wconf 82' lang='lat' dir='ltr'><strong>ap-</strong></span> 
     </span>
     <span class='ocr_line' id='line_1_51' title="bbox 1170 630 2088 695; baseline 0.007 -19"><span class='ocrx_word' id='word_1_234' title='bbox 1170 630 1530 691; x_wconf 84' lang='lat' dir='ltr'><strong>prehenderit,</strong></span> <span class='ocrx_word' id='word_1_235' title='bbox 1596 630 1760 677; x_wconf 86' lang='lat' dir='ltr'><strong>allidit</strong></span> <span class='ocrx_word' id='word_1_236' title='bbox 1809 633 1980 695; x_wconf 87' lang='lat' dir='ltr'><strong>illum,</strong></span> <span class='ocrx_word' id='word_1_237' title='bbox 2033 640 2088 682; x_wconf 86' lang='lat' dir='ltr'><strong>et</strong></span> 
     </span>
     <span class='ocr_line' id='line_1_52' title="bbox 1174 698 2088 761; baseline 0.004 -17"><span class='ocrx_word' id='word_1_238' title='bbox 1174 701 1387 759; x_wconf 88' lang='lat' dir='ltr'><strong>spumat,</strong></span> <span class='ocrx_word' id='word_1_239' title='bbox 1427 700 1480 745; x_wconf 86' lang='lat' dir='ltr'><strong>et</strong></span> <span class='ocrx_word' id='word_1_240' title='bbox 1514 698 1698 744; x_wconf 90' lang='lat' dir='ltr'><strong>stridet</strong></span> <span class='ocrx_word' id='word_1_241' title='bbox 1735 699 1964 748; x_wconf 84' lang='lat' dir='ltr'><strong>dentibus</strong></span> <span class='ocrx_word' id='word_1_242' title='bbox 1979 732 1995 761; x_wconf 95' lang='lat'><strong>,</strong></span> <span class='ocrx_word' id='word_1_243' title='bbox 2035 707 2088 750; x_wconf 83' lang='lat' dir='ltr'><strong>et</strong></span> 
     </span>
     <span class='ocr_line' id='line_1_53' title="bbox 1173 765 2088 829; baseline 0.005 -18"><span class='ocrx_word' id='word_1_244' title='bbox 1173 766 1386 824; x_wconf 80' lang='lat' dir='ltr'><strong>arescit3</strong></span> <span class='ocrx_word' id='word_1_245' title='bbox 1408 767 1460 812; x_wconf 90' lang='lat' dir='ltr'><strong>et</strong></span> <span class='ocrx_word' id='word_1_246' title='bbox 1478 766 1588 813; x_wconf 84' lang='lat' dir='ltr'><strong>dixi</strong></span> <span class='ocrx_word' id='word_1_247' title='bbox 1607 765 1866 825; x_wconf 84' lang='lat' dir='ltr'><strong>discipulis</strong></span> <span class='ocrx_word' id='word_1_248' title='bbox 1885 768 2011 829; x_wconf 89' lang='lat' dir='ltr'><strong>tuis,</strong></span> <span class='ocrx_word' id='word_1_249' title='bbox 2029 773 2088 816; x_wconf 85' lang='lat' dir='ltr'><strong>ut</strong></span> 
     </span>
     <span class='ocr_line' id='line_1_54' title="bbox 1173 833 2086 895; baseline 0.003 -16"><span class='ocrx_word' id='word_1_250' title='bbox 1173 833 1424 891; x_wconf 86' lang='lat' dir='ltr'><strong>ejicerent</strong></span> <span class='ocrx_word' id='word_1_251' title='bbox 1439 833 1600 895; x_wconf 89' lang='lat' dir='ltr'><strong>illum,</strong></span> <span class='ocrx_word' id='word_1_252' title='bbox 1612 836 1665 880; x_wconf 87' lang='lat' dir='ltr'><strong>et</strong></span> <span class='ocrx_word' id='word_1_253' title='bbox 1675 847 1782 880; x_wconf 89' lang='lat' dir='ltr'><strong>non</strong></span> <span class='ocrx_word' id='word_1_254' title='bbox 1793 838 2086 894; x_wconf 85' lang='lat' dir='ltr'><strong>potuerunt.</strong></span> 
     </span>
    </p>

    <p class='ocr_par' dir='ltr' id='par_1_18' title="bbox 1170 914 2090 1166">
     <span class='ocr_line' id='line_1_55' title="bbox 1240 914 2085 976; baseline 0.005 -16"><span class='ocrx_word' id='word_1_255' title='bbox 1240 916 1323 961; x_wconf 87' lang='lat'><strong>18.</strong></span> <span class='ocrx_word' id='word_1_256' title='bbox 1360 914 1460 967; x_wconf 75' lang='lat' dir='ltr'><strong>Qui</strong></span> <span class='ocrx_word' id='word_1_257' title='bbox 1478 915 1800 973; x_wconf 86' lang='lat' dir='ltr'><strong>respondens</strong></span> <span class='ocrx_word' id='word_1_258' title='bbox 1823 916 1916 976; x_wconf 84' lang='lat' dir='ltr'><strong>eis,</strong></span> <span class='ocrx_word' id='word_1_259' title='bbox 1931 916 2085 964; x_wconf 83' lang='lat' dir='ltr'><strong>dixit:</strong></span> 
     </span>
     <span class='ocr_line' id='line_1_56' title="bbox 1172 982 2090 1042; baseline 0.004 -15"><span class='ocrx_word' id='word_1_260' title='bbox 1172 983 1216 1027; x_wconf 89' lang='grc'><strong>0</strong></span> <span class='ocrx_word' id='word_1_261' title='bbox 1239 982 1504 1040; x_wconf 77' lang='lat' dir='ltr'><strong>generatio</strong></span> <span class='ocrx_word' id='word_1_262' title='bbox 1532 982 1820 1030; x_wconf 87' lang='lat' dir='ltr'><strong>incredula!</strong></span> <span class='ocrx_word' id='word_1_263' title='bbox 1853 985 2090 1042; x_wconf 89' lang='lat' dir='ltr'><strong>quamdiu</strong></span> 
     </span>
     <span class='ocr_line' id='line_1_57' title="bbox 1173 1049 2089 1111; baseline 0.004 -16"><span class='ocrx_word' id='word_1_264' title='bbox 1173 1049 1306 1107; x_wconf 88' lang='lat' dir='ltr'><strong>apud</strong></span> <span class='ocrx_word' id='word_1_265' title='bbox 1332 1063 1428 1096; x_wconf 84' lang='lat' dir='ltr'><strong>vos</strong></span> <span class='ocrx_word' id='word_1_266' title='bbox 1450 1051 1573 1097; x_wconf 65' lang='lat' dir='ltr'><strong>ero?</strong></span> <span class='ocrx_word' id='word_1_267' title='bbox 1603 1051 1840 1108; x_wconf 79' lang='lat' dir='ltr'><strong>quamdiu</strong></span> <span class='ocrx_word' id='word_1_268' title='bbox 1867 1065 1966 1099; x_wconf 86' lang='lat' dir='ltr'><strong>vos</strong></span> <span class='ocrx_word' id='word_1_269' title='bbox 1995 1066 2089 1111; x_wconf 87' lang='lat' dir='ltr'><strong>pa-</strong></span> 
     </span>
     <span class='ocr_line' id='line_1_58' title="bbox 1170 1117 1866 1166; baseline 0.003 -2"><span class='ocrx_word' id='word_1_270' title='bbox 1170 1117 1303 1164; x_wconf 70' lang='lat' dir='ltr'><strong>tiar?</strong></span> <span class='ocrx_word' id='word_1_271' title='bbox 1324 1118 1502 1165; x_wconf 85' lang='lat' dir='ltr'><strong>afferte</strong></span> <span class='ocrx_word' id='word_1_272' title='bbox 1520 1118 1664 1164; x_wconf 85' lang='lat' dir='ltr'><strong>illum</strong></span> <span class='ocrx_word' id='word_1_273' title='bbox 1684 1118 1745 1164; x_wconf 84' lang='lat' dir='ltr'><strong>ad</strong></span> <span class='ocrx_word' id='word_1_274' title='bbox 1764 1118 1866 1166; x_wconf 79' lang='lat' dir='ltr'><strong>me!</strong></span> 
     </span>
    </p>

    <p class='ocr_par' dir='ltr' id='par_1_19' title="bbox 1168 1185 2090 1447">
     <span class='ocr_line' id='line_1_59' title="bbox 1240 1185 2090 1234; baseline 0.002 -4"><span class='ocrx_word' id='word_1_275' title='bbox 1240 1186 1322 1230; x_wconf 81' lang='lat'><strong>19.</strong></span> <span class='ocrx_word' id='word_1_276' title='bbox 1355 1185 1426 1230; x_wconf 91' lang='lat' dir='ltr'><strong>Et</strong></span> <span class='ocrx_word' id='word_1_277' title='bbox 1477 1185 1759 1232; x_wconf 86' lang='lat' dir='ltr'><strong>attulerunt</strong></span> <span class='ocrx_word' id='word_1_278' title='bbox 1803 1200 1932 1233; x_wconf 89' lang='lat' dir='ltr'><strong>eum.</strong></span> <span class='ocrx_word' id='word_1_279' title='bbox 2019 1187 2090 1234; x_wconf 88' lang='lat' dir='ltr'><strong>Et</strong></span> 
     </span>
     <span class='ocr_line' id='line_1_60' title="bbox 1172 1252 2086 1313; baseline 0.004 -15"><span class='ocrx_word' id='word_1_280' title='bbox 1172 1266 1286 1298; x_wconf 91' lang='lat' dir='ltr'><strong>cum</strong></span> <span class='ocrx_word' id='word_1_281' title='bbox 1304 1252 1518 1299; x_wconf 81' lang='lat' dir='ltr'><strong>vidisset</strong></span> <span class='ocrx_word' id='word_1_282' title='bbox 1537 1264 1668 1313; x_wconf 88' lang='lat' dir='ltr'><strong>eum,</strong></span> <span class='ocrx_word' id='word_1_283' title='bbox 1691 1253 1859 1299; x_wconf 84' lang='lat' dir='ltr'><strong>statim</strong></span> <span class='ocrx_word' id='word_1_284' title='bbox 1879 1255 2086 1313; x_wconf 87' lang='lat' dir='ltr'><strong>spiritus</strong></span> 
     </span>
     <span class='ocr_line' id='line_1_61' title="bbox 1171 1320 2088 1377; baseline 0.003 -12"><span class='ocrx_word' id='word_1_285' title='bbox 1171 1320 1498 1366; x_wconf 77' lang='lat' dir='ltr'><strong>conturbavit</strong></span> <span class='ocrx_word' id='word_1_286' title='bbox 1531 1320 1701 1377; x_wconf 79' lang='lat' dir='ltr'><strong>illum3</strong></span> <span class='ocrx_word' id='word_1_287' title='bbox 1754 1323 1805 1368; x_wconf 87' lang='lat' dir='ltr'><strong>et</strong></span> <span class='ocrx_word' id='word_1_288' title='bbox 1841 1321 1996 1368; x_wconf 86' lang='lat' dir='ltr'><strong>elisus</strong></span> <span class='ocrx_word' id='word_1_289' title='bbox 2031 1323 2088 1368; x_wconf 83' lang='lat' dir='ltr'><strong>in</strong></span> 
     </span>
     <span class='ocr_line' id='line_1_62' title="bbox 1168 1387 2002 1447; baseline 0.002 -14"><span class='ocrx_word' id='word_1_290' title='bbox 1168 1389 1380 1446; x_wconf 87' lang='lat' dir='ltr'><strong>terram,</strong></span> <span class='ocrx_word' id='word_1_291' title='bbox 1403 1387 1730 1434; x_wconf 77' lang='lat' dir='ltr'><strong>volutabatur</strong></span> <span class='ocrx_word' id='word_1_292' title='bbox 1749 1401 2002 1447; x_wconf 77' lang='lat' dir='ltr'><strong>spumans.</strong></span> 
     </span>
    </p>

    <p class='ocr_par' dir='ltr' id='par_1_20' title="bbox 1168 1455 2088 1705">
     <span class='ocr_line' id='line_1_63' title="bbox 1240 1455 2088 1515; baseline 0.005 -15"><span class='ocrx_word' id='word_1_293' title='bbox 1240 1457 1322 1500; x_wconf 86' lang='lat'><strong>20.</strong></span> <span class='ocrx_word' id='word_1_294' title='bbox 1357 1455 1426 1502; x_wconf 88' lang='lat' dir='ltr'><strong>Et</strong></span> <span class='ocrx_word' id='word_1_295' title='bbox 1483 1455 1828 1514; x_wconf 79' lang='lat' dir='ltr'><strong>interrogavit</strong></span> <span class='ocrx_word' id='word_1_296' title='bbox 1890 1460 2088 1515; x_wconf 82' lang='lat' dir='ltr'><strong>patrem</strong></span> 
     </span>
     <span class='ocr_line' id='line_1_64' title="bbox 1172 1522 2088 1585; baseline 0.004 -17"><span class='ocrx_word' id='word_1_297' title='bbox 1172 1522 1310 1581; x_wconf 84' lang='lat' dir='ltr'><strong>ejus:</strong></span> <span class='ocrx_word' id='word_1_298' title='bbox 1334 1523 1590 1576; x_wconf 76' lang='lat' dir='ltr'><strong>Quantum</strong></span> <span class='ocrx_word' id='word_1_299' title='bbox 1618 1524 1862 1582; x_wconf 86' lang='lat' dir='ltr'><strong>temporis</strong></span> <span class='ocrx_word' id='word_1_300' title='bbox 1883 1527 1986 1585; x_wconf 91' lang='lat' dir='ltr'><strong>est,</strong></span> <span class='ocrx_word' id='word_1_301' title='bbox 2017 1538 2088 1572; x_wconf 85' lang='lat' dir='ltr'><strong>ex</strong></span> 
     </span>
     <span class='ocr_line' id='line_1_65' title="bbox 1170 1591 2084 1647; baseline 0.002 -11"><span class='ocrx_word' id='word_1_302' title='bbox 1170 1604 1272 1647; x_wconf 91' lang='lat' dir='ltr'><strong>quo</strong></span> <span class='ocrx_word' id='word_1_303' title='bbox 1306 1591 1355 1637; x_wconf 86' lang='lat' dir='ltr'><strong>ei</strong></span> <span class='ocrx_word' id='word_1_304' title='bbox 1381 1591 1480 1638; x_wconf 90' lang='lat' dir='ltr'><strong>hoc</strong></span> <span class='ocrx_word' id='word_1_305' title='bbox 1519 1592 1735 1639; x_wconf 64' lang='lat' dir='ltr'><strong>accidit?</strong></span> <span class='ocrx_word' id='word_1_306' title='bbox 1769 1594 1840 1638; x_wconf 84' lang='lat' dir='ltr'><strong>At</strong></span> <span class='ocrx_word' id='word_1_307' title='bbox 1865 1593 1954 1640; x_wconf 82' lang='lat' dir='ltr'><strong>ille</strong></span> <span class='ocrx_word' id='word_1_308' title='bbox 1984 1593 2084 1640; x_wconf 85' lang='lat' dir='ltr'><strong>ait:</strong></span> 
     </span>
     <span class='ocr_line' id='line_1_66' title="bbox 1168 1657 1497 1705; baseline 0.006 -2"><span class='ocrx_word' id='word_1_309' title='bbox 1168 1660 1246 1705; x_wconf 80' lang='lat' dir='ltr'><strong>Ab</strong></span> <span class='ocrx_word' id='word_1_310' title='bbox 1265 1657 1497 1705; x_wconf 74' lang='lat' dir='ltr'><strong>infantia.</strong></span> 
     </span>
    </p>

    <p class='ocr_par' dir='ltr' id='par_1_21' title="bbox 1168 1725 2089 1986">
     <span class='ocr_line' id='line_1_67' title="bbox 1237 1725 2087 1783; baseline 0.004 -14"><span class='ocrx_word' id='word_1_311' title='bbox 1237 1726 1320 1771; x_wconf 88' lang='grc'><strong>21.</strong></span> <span class='ocrx_word' id='word_1_312' title='bbox 1382 1726 1452 1772; x_wconf 89' lang='lat' dir='ltr'><strong>Et</strong></span> <span class='ocrx_word' id='word_1_313' title='bbox 1512 1725 1812 1783; x_wconf 82' lang='lat' dir='ltr'><strong>frequenter</strong></span> <span class='ocrx_word' id='word_1_314' title='bbox 1865 1739 1982 1772; x_wconf 88' lang='lat' dir='ltr'><strong>eum</strong></span> <span class='ocrx_word' id='word_1_315' title='bbox 2031 1727 2087 1772; x_wconf 89' lang='lat' dir='ltr'><strong>in</strong></span> 
     </span>
     <span class='ocr_line' id='line_1_68' title="bbox 1173 1791 2089 1851; baseline 0.002 -15"><span class='ocrx_word' id='word_1_316' title='bbox 1173 1791 1362 1850; x_wconf 83' lang='lat' dir='ltr'><strong>ignem,</strong></span> <span class='ocrx_word' id='word_1_317' title='bbox 1384 1793 1506 1839; x_wconf 89' lang='lat' dir='ltr'><strong>etin</strong></span> <span class='ocrx_word' id='word_1_318' title='bbox 1526 1806 1680 1850; x_wconf 89' lang='lat' dir='ltr'><strong>aquas</strong></span> <span class='ocrx_word' id='word_1_319' title='bbox 1700 1793 1864 1851; x_wconf 88' lang='lat' dir='ltr'><strong>misit,</strong></span> <span class='ocrx_word' id='word_1_320' title='bbox 1896 1795 1954 1838; x_wconf 92' lang='lat' dir='ltr'><strong>ut</strong></span> <span class='ocrx_word' id='word_1_321' title='bbox 1973 1806 2089 1839; x_wconf 91' lang='lat' dir='ltr'><strong>eum</strong></span> 
     </span>
     <span class='ocr_line' id='line_1_69' title="bbox 1173 1858 2086 1920; baseline 0.003 -16"><span class='ocrx_word' id='word_1_322' title='bbox 1173 1858 1438 1916; x_wconf 81' lang='lat' dir='ltr'><strong>perderet3</strong></span> <span class='ocrx_word' id='word_1_323' title='bbox 1471 1859 1562 1906; x_wconf 93' lang='lat' dir='ltr'><strong>sed</strong></span> <span class='ocrx_word' id='word_1_324' title='bbox 1579 1859 1624 1905; x_wconf 92' lang='lat' dir='ltr'><strong>si</strong></span> <span class='ocrx_word' id='word_1_325' title='bbox 1653 1858 1771 1916; x_wconf 91' lang='lat' dir='ltr'><strong>quid</strong></span> <span class='ocrx_word' id='word_1_326' title='bbox 1789 1861 1967 1920; x_wconf 86' lang='lat' dir='ltr'><strong>potes,</strong></span> <span class='ocrx_word' id='word_1_327' title='bbox 1995 1859 2086 1906; x_wconf 83' lang='lat' dir='ltr'><strong>ad-</strong></span> 
     </span>
     <span class='ocr_line' id='line_1_70' title="bbox 1168 1926 1892 1986; baseline 0.001 -13"><span class='ocrx_word' id='word_1_328' title='bbox 1168 1926 1192 1986; x_wconf 89' lang='lat' dir='ltr'><strong>j</strong></span> <span class='ocrx_word' id='word_1_329' title='bbox 1200 1939 1298 1973; x_wconf 86' lang='lat' dir='ltr'><strong>uva</strong></span> <span class='ocrx_word' id='word_1_330' title='bbox 1316 1939 1432 1985; x_wconf 87' lang='lat' dir='ltr'><strong>nos,</strong></span> <span class='ocrx_word' id='word_1_331' title='bbox 1454 1926 1690 1973; x_wconf 83' lang='lat' dir='ltr'><strong>misertus</strong></span> <span class='ocrx_word' id='word_1_332' title='bbox 1709 1926 1892 1975; x_wconf 83' lang='lat' dir='ltr'><strong>nostri.</strong></span> 
     </span>
    </p>

    <p class='ocr_par' dir='ltr' id='par_1_22' title="bbox 1174 1993 2090 2179">
     <span class='ocr_line' id='line_1_71' title="bbox 1243 1993 2087 2054; baseline 0.002 -15"><span class='ocrx_word' id='word_1_333' title='bbox 1243 1997 1324 2040; x_wconf 88' lang='grc'><strong>22.</strong></span> <span class='ocrx_word' id='word_1_334' title='bbox 1347 1995 1378 2041; x_wconf 81' lang='lat' dir='ltr'><strong>J</strong></span> <span class='ocrx_word' id='word_1_335' title='bbox 1381 2008 1496 2041; x_wconf 90' lang='lat' dir='ltr'><strong>esus</strong></span> <span class='ocrx_word' id='word_1_336' title='bbox 1517 1997 1680 2041; x_wconf 87' lang='lat' dir='ltr'><strong>autem</strong></span> <span class='ocrx_word' id='word_1_337' title='bbox 1697 1993 1768 2040; x_wconf 88' lang='lat' dir='ltr'><strong>ait</strong></span> <span class='ocrx_word' id='word_1_338' title='bbox 1785 1995 1888 2042; x_wconf 86' lang='lat' dir='ltr'><strong>illi:</strong></span> <span class='ocrx_word' id='word_1_339' title='bbox 1903 1995 2087 2054; x_wconf 86' lang='lat' dir='ltr'><strong>Sipot-</strong></span> 
     </span>
     <span class='ocr_line' id='line_1_72' title="bbox 1176 2062 2090 2123; baseline 0.001 -14"><span class='ocrx_word' id='word_1_340' title='bbox 1176 2062 1232 2109; x_wconf 75' lang='lat' dir='ltr'><strong>es</strong></span> <span class='ocrx_word' id='word_1_341' title='bbox 1255 2062 1482 2123; x_wconf 86' lang='lat' dir='ltr'><strong>credere,</strong></span> <span class='ocrx_word' id='word_1_342' title='bbox 1497 2063 1668 2110; x_wconf 88' lang='lat' dir='ltr'><strong>omnia</strong></span> <span class='ocrx_word' id='word_1_343' title='bbox 1685 2063 1950 2121; x_wconf 84' lang='lat' dir='ltr'><strong>possibilia</strong></span> <span class='ocrx_word' id='word_1_344' title='bbox 1970 2066 2090 2113; x_wconf 84' lang='lat' dir='ltr'><strong>sunt</strong></span> 
     </span>
     <span class='ocr_line' id='line_1_73' title="bbox 1174 2130 1420 2179; baseline -0.012 0"><span class='ocrx_word' id='word_1_345' title='bbox 1174 2130 1420 2179; x_wconf 85' lang='lat' dir='ltr'><strong>credenti.</strong></span> 
     </span>
    </p>

    <p class='ocr_par' dir='ltr' id='par_1_23' title="bbox 1173 2198 2088 2448">
     <span class='ocr_line' id='line_1_74' title="bbox 1242 2198 2088 2247; baseline 0.002 -2"><span class='ocrx_word' id='word_1_346' title='bbox 1242 2200 1325 2245; x_wconf 85' lang='grc'><strong>23.</strong></span> <span class='ocrx_word' id='word_1_347' title='bbox 1370 2199 1440 2244; x_wconf 88' lang='lat' dir='ltr'><strong>Et</strong></span> <span class='ocrx_word' id='word_1_348' title='bbox 1492 2198 1737 2245; x_wconf 88' lang='lat' dir='ltr'><strong>continuo</strong></span> <span class='ocrx_word' id='word_1_349' title='bbox 1792 2199 2088 2247; x_wconf 78' lang='lat' dir='ltr'><strong>exclamans</strong></span> 
     </span>
     <span class='ocr_line' id='line_1_75' title="bbox 1174 2265 2086 2327; baseline -0.001 -15"><span class='ocrx_word' id='word_1_350' title='bbox 1174 2267 1319 2324; x_wconf 87' lang='lat' dir='ltr'><strong>pater</strong></span> <span class='ocrx_word' id='word_1_351' title='bbox 1338 2265 1501 2326; x_wconf 79' lang='lat' dir='ltr'><strong>pueri,</strong></span> <span class='ocrx_word' id='word_1_352' title='bbox 1515 2280 1627 2313; x_wconf 89' lang='lat' dir='ltr'><strong>cum</strong></span> <span class='ocrx_word' id='word_1_353' title='bbox 1643 2266 1881 2327; x_wconf 84' lang='lat' dir='ltr'><strong>lacrymis</strong></span> <span class='ocrx_word' id='word_1_354' title='bbox 1893 2268 2086 2326; x_wconf 87' lang='lat' dir='ltr'><strong>ajebat:</strong></span> 
     </span>
     <span class='ocr_line' id='line_1_76' title="bbox 1177 2333 2088 2393; baseline 0.002 -14"><span class='ocrx_word' id='word_1_355' title='bbox 1177 2333 1362 2393; x_wconf 88' lang='lat' dir='ltr'><strong>Credo,</strong></span> <span class='ocrx_word' id='word_1_356' title='bbox 1374 2333 1619 2381; x_wconf 84' lang='lat' dir='ltr'><strong>Domine!</strong></span> <span class='ocrx_word' id='word_1_357' title='bbox 1641 2334 1829 2393; x_wconf 72' lang='lat' dir='ltr'><strong>adiuva</strong></span> <span class='ocrx_word' id='word_1_358' title='bbox 1847 2334 2088 2382; x_wconf 87' lang='lat' dir='ltr'><strong>incredu-</strong></span> 
     </span>
     <span class='ocr_line' id='line_1_77' title="bbox 1173 2401 1566 2448; baseline 0 -1"><span class='ocrx_word' id='word_1_359' title='bbox 1173 2401 1372 2447; x_wconf 87' lang='lat' dir='ltr'><strong>litatem</strong></span> <span class='ocrx_word' id='word_1_360' title='bbox 1388 2415 1566 2448; x_wconf 90' lang='lat' dir='ltr'><strong>meam.</strong></span> 
     </span>
    </p>
   </div>
   <div class='ocr_carea' id='block_1_10' title="bbox 1176 2476 2096 3197">
    <p class='ocr_par' dir='ltr' id='par_1_24' title="bbox 1176 2476 2088 2861">
     <span class='ocr_line' id='line_1_78' title="bbox 1244 2476 2086 2524; baseline 0 -2"><span class='ocrx_word' id='word_1_361' title='bbox 1244 2478 1325 2523; x_wconf 83' lang='lat'><strong>24.</strong></span> <span class='ocrx_word' id='word_1_362' title='bbox 1360 2476 1560 2524; x_wconf 89' lang='lat' dir='ltr'><strong>Etcum</strong></span> <span class='ocrx_word' id='word_1_363' title='bbox 1577 2476 1779 2523; x_wconf 77' lang='lat' dir='ltr'><strong>videret</strong></span> <span class='ocrx_word' id='word_1_364' title='bbox 1789 2477 1820 2523; x_wconf 81' lang='lat' dir='ltr'><strong>J</strong></span> <span class='ocrx_word' id='word_1_365' title='bbox 1822 2490 1939 2523; x_wconf 88' lang='lat' dir='ltr'><strong>esus</strong></span> <span class='ocrx_word' id='word_1_366' title='bbox 1960 2490 2086 2522; x_wconf 87' lang='lat' dir='ltr'><strong>con·-</strong></span> 
     </span>
     <span class='ocr_line' id='line_1_79' title="bbox 1178 2543 2088 2601; baseline -0.002 -10"><span class='ocrx_word' id='word_1_367' title='bbox 1178 2546 1466 2591; x_wconf 85' lang='lat' dir='ltr'><strong>currentem</strong></span> <span class='ocrx_word' id='word_1_368' title='bbox 1493 2545 1718 2601; x_wconf 82' lang='lat' dir='ltr'><strong>turbam,</strong></span> <span class='ocrx_word' id='word_1_369' title='bbox 1757 2543 2088 2590; x_wconf 86' lang='lat' dir='ltr'><strong>comminatus</strong></span> 
     </span>
     <span class='ocr_line' id='line_1_80' title="bbox 1178 2610 2086 2669; baseline -0.003 -11"><span class='ocrx_word' id='word_1_370' title='bbox 1178 2614 1258 2659; x_wconf 90' lang='lat' dir='ltr'><strong>est</strong></span> <span class='ocrx_word' id='word_1_371' title='bbox 1276 2611 1477 2669; x_wconf 89' lang='lat' dir='ltr'><strong>spiritui</strong></span> <span class='ocrx_word' id='word_1_372' title='bbox 1495 2611 1772 2669; x_wconf 86' lang='lat' dir='ltr'><strong>immundo,</strong></span> <span class='ocrx_word' id='word_1_373' title='bbox 1795 2611 1968 2657; x_wconf 90' lang='lat' dir='ltr'><strong>dicens</strong></span> <span class='ocrx_word' id='word_1_374' title='bbox 1985 2610 2086 2656; x_wconf 87' lang='lat' dir='ltr'><strong>illi:</strong></span> 
     </span>
     <span class='ocr_line' id='line_1_81' title="bbox 1178 2676 2086 2737; baseline -0.002 -10"><span class='ocrx_word' id='word_1_375' title='bbox 1178 2679 1343 2727; x_wconf 84' lang='lat' dir='ltr'><strong>Surde</strong></span> <span class='ocrx_word' id='word_1_376' title='bbox 1363 2682 1415 2725; x_wconf 90' lang='lat' dir='ltr'><strong>et</strong></span> <span class='ocrx_word' id='word_1_377' title='bbox 1431 2682 1568 2727; x_wconf 88' lang='lat' dir='ltr'><strong>mute</strong></span> <span class='ocrx_word' id='word_1_378' title='bbox 1580 2676 1810 2737; x_wconf 86' lang='lat' dir='ltr'><strong>spiritus!</strong></span> <span class='ocrx_word' id='word_1_379' title='bbox 1827 2691 1924 2735; x_wconf 82' lang='lat' dir='ltr'><strong>ego</strong></span> <span class='ocrx_word' id='word_1_380' title='bbox 1936 2691 2086 2737; x_wconf 87' lang='lat' dir='ltr'><strong>prae-</strong></span> 
     </span>
     <span class='ocr_line' id='line_1_82' title="bbox 1178 2746 2088 2806; baseline 0.001 -12"><span class='ocrx_word' id='word_1_381' title='bbox 1178 2748 1313 2806; x_wconf 82' lang='lat' dir='ltr'><strong>cipio</strong></span> <span class='ocrx_word' id='word_1_382' title='bbox 1336 2747 1454 2806; x_wconf 90' lang='lat' dir='ltr'><strong>tibi,</strong></span> <span class='ocrx_word' id='word_1_383' title='bbox 1486 2747 1576 2795; x_wconf 86' lang='lat' dir='ltr'><strong>exi</strong></span> <span class='ocrx_word' id='word_1_384' title='bbox 1601 2747 1662 2792; x_wconf 87' lang='lat' dir='ltr'><strong>ab</strong></span> <span class='ocrx_word' id='word_1_385' title='bbox 1684 2758 1775 2804; x_wconf 90' lang='lat' dir='ltr'><strong>eo,</strong></span> <span class='ocrx_word' id='word_1_386' title='bbox 1805 2747 1858 2791; x_wconf 84' lang='lat' dir='ltr'><strong>et</strong></span> <span class='ocrx_word' id='word_1_387' title='bbox 1875 2746 2088 2805; x_wconf 84' lang='lat' dir='ltr'><strong>amplius</strong></span> 
     </span>
     <span class='ocr_line' id='line_1_83' title="bbox 1176 2809 1727 2861; baseline -0.007 0"><span class='ocrx_word' id='word_1_388' title='bbox 1176 2829 1246 2861; x_wconf 89' lang='lat' dir='ltr'><strong>ne</strong></span> <span class='ocrx_word' id='word_1_389' title='bbox 1264 2815 1494 2861; x_wconf 89' lang='lat' dir='ltr'><strong>introeas</strong></span> <span class='ocrx_word' id='word_1_390' title='bbox 1513 2813 1570 2859; x_wconf 91' lang='lat' dir='ltr'><strong>in</strong></span> <span class='ocrx_word' id='word_1_391' title='bbox 1589 2809 1727 2858; x_wconf 86' lang='lat' dir='ltr'><strong>eum!</strong></span> 
     </span>
    </p>

    <p class='ocr_par' dir='ltr' id='par_1_25' title="bbox 1179 2878 2096 3197">
     <span class='ocr_line' id='line_1_84' title="bbox 1248 2878 2092 2939; baseline 0.001 -13"><span class='ocrx_word' id='word_1_392' title='bbox 1248 2883 1331 2926; x_wconf 91' lang='grc'><strong>25.</strong></span> <span class='ocrx_word' id='word_1_393' title='bbox 1364 2881 1434 2926; x_wconf 90' lang='lat' dir='ltr'><strong>Et</strong></span> <span class='ocrx_word' id='word_1_394' title='bbox 1453 2878 1774 2939; x_wconf 83' lang='lat' dir='ltr'><strong>exclamans,</strong></span> <span class='ocrx_word' id='word_1_395' title='bbox 1803 2882 1856 2927; x_wconf 88' lang='lat' dir='ltr'><strong>et</strong></span> <span class='ocrx_word' id='word_1_396' title='bbox 1881 2881 2092 2929; x_wconf 84' lang='lat' dir='ltr'><strong>multum</strong></span> 
     </span>
     <span class='ocr_line' id='line_1_85' title="bbox 1182 2946 2095 3009; baseline 0 -15"><span class='ocrx_word' id='word_1_397' title='bbox 1182 2948 1475 3007; x_wconf 82' lang='lat' dir='ltr'><strong>discerpens</strong></span> <span class='ocrx_word' id='word_1_398' title='bbox 1506 2960 1646 3006; x_wconf 89' lang='lat' dir='ltr'><strong>eum,</strong></span> <span class='ocrx_word' id='word_1_399' title='bbox 1675 2946 1809 2993; x_wconf 84' lang='lat' dir='ltr'><strong>exiit</strong></span> <span class='ocrx_word' id='word_1_400' title='bbox 1836 2952 1896 2997; x_wconf 90' lang='lat' dir='ltr'><strong>ab</strong></span> <span class='ocrx_word' id='word_1_401' title='bbox 1919 2962 2011 3009; x_wconf 88' lang='lat' dir='ltr'><strong>eo,</strong></span> <span class='ocrx_word' id='word_1_402' title='bbox 2042 2953 2095 2995; x_wconf 89' lang='lat' dir='ltr'><strong>et</strong></span> 
     </span>
     <span class='ocr_line' id='line_1_86' title="bbox 1179 3014 2096 3075; baseline -0.002 -13"><span class='ocrx_word' id='word_1_403' title='bbox 1179 3018 1346 3062; x_wconf 85' lang='lat' dir='ltr'><strong>factus</strong></span> <span class='ocrx_word' id='word_1_404' title='bbox 1367 3016 1444 3061; x_wconf 88' lang='lat' dir='ltr'><strong>est</strong></span> <span class='ocrx_word' id='word_1_405' title='bbox 1472 3014 1601 3060; x_wconf 85' lang='lat' dir='ltr'><strong>sicut</strong></span> <span class='ocrx_word' id='word_1_406' title='bbox 1628 3017 1882 3075; x_wconf 85' lang='lat' dir='ltr'><strong>mortuus,</strong></span> <span class='ocrx_word' id='word_1_407' title='bbox 1913 3016 2009 3074; x_wconf 83' lang='lat' dir='ltr'><strong>ita,</strong></span> <span class='ocrx_word' id='word_1_408' title='bbox 2037 3017 2096 3060; x_wconf 90' lang='lat' dir='ltr'><strong>ut</strong></span> 
     </span>
     <span class='ocr_line' id='line_1_87' title="bbox 1685 3083 2091 3136; baseline -0.005 -7"><span class='ocrx_word' id='word_1_409' title='bbox 1685 3083 1818 3136; x_wconf 75' lang='lat' dir='ltr'><strong>Quia</strong></span> <span class='ocrx_word' id='word_1_410' title='bbox 1861 3084 2091 3129; x_wconf 84' lang='lat' dir='ltr'><strong>mortuus</strong></span> 
     </span>
     <span class='ocr_line' id='line_1_88' title="bbox 1183 3147 1282 3197; baseline -0.02 0"><span class='ocrx_word' id='word_1_411' title='bbox 1183 3147 1282 3197; x_wconf 83' lang='lat' dir='ltr'><strong>est!</strong></span> 
     </span>
    </p>
   </div>
   <div class='ocr_carea' id='block_1_11' title="bbox 208 3312 2093 3427">
    <p class='ocr_par' dir='ltr' id='par_1_26' title="bbox 208 3312 2093 3427">
     <span class='ocr_line' id='line_1_89' title="bbox 320 3312 2091 3369; baseline -0.003 -12"><span class='ocrx_word' id='word_1_412' title='bbox 320 3315 437 3369; x_wconf 87' lang='lat' dir='ltr'><strong>Cap·</strong></span> <span class='ocrx_word' id='word_1_413' title='bbox 465 3312 556 3357; x_wconf 83' lang='lat' dir='ltr'><strong>IX.</strong></span> <span class='ocrx_word' id='word_1_414' title='bbox 622 3318 665 3358; x_wconf 87' lang='grc'><strong>5.</strong></span> <span class='ocrx_word' id='word_1_415' title='bbox 696 3320 831 3359; x_wconf 81' lang='lat' dir='ltr'><strong>erant</strong></span> <span class='ocrx_word' id='word_1_416' title='bbox 860 3321 1026 3359; x_wconf 83' lang='lat' dir='ltr'><strong>autem.</strong></span> <span class='ocrx_word' id='word_1_417' title='bbox 1096 3320 1139 3359; x_wconf 87' lang='lat'><strong>8.</strong></span> <span class='ocrx_word' id='word_1_418' title='bbox 1169 3328 1228 3357; x_wconf 86' lang='lat' dir='ltr'><strong>ne</strong></span> <span class='ocrx_word' id='word_1_419' title='bbox 1254 3315 1324 3358; x_wconf 83' lang='lat' dir='ltr'><strong>cui</strong></span> <span class='ocrx_word' id='word_1_420' title='bbox 1353 3326 1485 3369; x_wconf 83' lang='lat' dir='ltr'><strong>quae.</strong></span> <span class='ocrx_word' id='word_1_421' title='bbox 1554 3318 1622 3356; x_wconf 90' lang='grc'><strong>10.</strong></span> <span class='ocrx_word' id='word_1_422' title='bbox 1654 3312 1838 3356; x_wconf 84' lang='lat' dir='ltr'><strong>Heliam</strong></span> <span class='ocrx_word' id='word_1_423' title='bbox 1865 3317 2091 3367; x_wconf 81' lang='lat' dir='ltr'><strong>oporteat.</strong></span> 
     </span>
     <span class='ocr_line' id='line_1_90' title="bbox 208 3368 2093 3427; baseline -0.003 -14"><span class='ocrx_word' id='word_1_424' title='bbox 208 3375 279 3413; x_wconf 75' lang='lat'><strong>14.</strong></span> <span class='ocrx_word' id='word_1_425' title='bbox 308 3371 466 3413; x_wconf 71' lang='lat' dir='ltr'><strong>videns</strong></span> <span class='ocrx_word' id='word_1_426' title='bbox 484 3384 609 3421; x_wconf 83' lang='lat' dir='ltr'><strong>eum3</strong></span> <span class='ocrx_word' id='word_1_427' title='bbox 638 3370 743 3415; x_wconf 76' lang='lat' dir='ltr'><strong>ibid.</strong></span> <span class='ocrx_word' id='word_1_428' title='bbox 773 3378 1059 3427; x_wconf 82' lang='lat' dir='ltr'><strong>expaverunt</strong></span> <span class='ocrx_word' id='word_1_429' title='bbox 1086 3371 1236 3415; x_wconf 81' lang='lat' dir='ltr'><strong>omiss.</strong></span> <span class='ocrx_word' id='word_1_430' title='bbox 1269 3376 1332 3414; x_wconf 84' lang='lat' dir='ltr'><strong>et.</strong></span> <span class='ocrx_word' id='word_1_431' title='bbox 1392 3374 1460 3416; x_wconf 70' lang='lat'><strong>17.</strong></span> <span class='ocrx_word' id='word_1_432' title='bbox 1493 3368 1660 3411; x_wconf 83' lang='lat' dir='ltr'><strong>adlidit</strong></span> <span class='ocrx_word' id='word_1_433' title='bbox 1685 3384 1803 3413; x_wconf 82' lang='lat' dir='ltr'><strong>eum.</strong></span> <span class='ocrx_word' id='word_1_434' title='bbox 1863 3372 1932 3410; x_wconf 83' lang='lat'><strong>18.</strong></span> <span class='ocrx_word' id='word_1_435' title='bbox 1965 3368 2093 3410; x_wconf 85' lang='lat' dir='ltr'><strong>dicit.</strong></span> 
     </span>
    </p>
   </div>
   <div class='ocr_carea' id='block_1_12' title="bbox 208 3424 1109 3477">
    <p class='ocr_par' dir='ltr' id='par_1_27' title="bbox 208 3424 1109 3477">
     <span class='ocr_line' id='line_1_91' title="bbox 208 3424 1109 3477; baseline -0.002 -8"><span class='ocrx_word' id='word_1_436' title='bbox 208 3428 279 3469; x_wconf 70' lang='lat'><strong>¹9.</strong></span> <span class='ocrx_word' id='word_1_437' title='bbox 306 3426 505 3470; x_wconf 80' lang='lat' dir='ltr'><strong>vidisset</strong></span> <span class='ocrx_word' id='word_1_438' title='bbox 523 3424 667 3477; x_wconf 82' lang='lat' dir='ltr'><strong>illum,</strong></span> <span class='ocrx_word' id='word_1_439' title='bbox 689 3428 977 3471; x_wconf 79' lang='lat' dir='ltr'><strong>conturbavit</strong></span> <span class='ocrx_word' id='word_1_440' title='bbox 995 3443 1109 3472; x_wconf 83' lang='lat' dir='ltr'><strong>eum.</strong></span> 
     </span>
    </p>
   </div>
   <div class='ocr_carea' id='block_1_13' title="bbox 1169 3420 2095 3479">
    <p class='ocr_par' dir='ltr' id='par_1_28' title="bbox 1169 3420 2095 3479">
     <span class='ocr_line' id='line_1_92' title="bbox 1169 3420 2095 3479; baseline -0.004 -10"><span class='ocrx_word' id='word_1_441' title='bbox 1169 3432 1242 3472; x_wconf 79' lang='lat'><strong>21.</strong></span> <span class='ocrx_word' id='word_1_442' title='bbox 1273 3427 1384 3470; x_wconf 85' lang='lat' dir='ltr'><strong>etin</strong></span> <span class='ocrx_word' id='word_1_443' title='bbox 1409 3428 1572 3479; x_wconf 81' lang='lat' dir='ltr'><strong>ignem.</strong></span> <span class='ocrx_word' id='word_1_444' title='bbox 1630 3428 1700 3467; x_wconf 82' lang='lat'><strong>22.</strong></span> <span class='ocrx_word' id='word_1_445' title='bbox 1731 3420 1973 3479; x_wconf 81' lang='lat' dir='ltr'><strong>possibilia</strong></span> <span class='ocrx_word' id='word_1_446' title='bbox 1997 3436 2095 3465; x_wconf 81' lang='lat' dir='ltr'><strong>cre-</strong></span> 
     </span>
    </p>
   </div>
   <div class='ocr_carea' id='block_1_14' title="bbox 209 3478 2094 3539">
    <p class='ocr_par' dir='ltr' id='par_1_29' title="bbox 209 3478 2094 3539">
     <span class='ocr_line' id='line_1_93' title="bbox 209 3478 2094 3539; baseline -0.003 -14"><span class='ocrx_word' id='word_1_447' title='bbox 209 3482 347 3525; x_wconf 75' lang='lat' dir='ltr'><strong>denti·</strong></span> <span class='ocrx_word' id='word_1_448' title='bbox 406 3486 479 3525; x_wconf 74' lang='lat'><strong>23.</strong></span> <span class='ocrx_word' id='word_1_449' title='bbox 514 3482 649 3525; x_wconf 78' lang='lat' dir='ltr'><strong>credo</strong></span> <span class='ocrx_word' id='word_1_450' title='bbox 680 3483 862 3537; x_wconf 83' lang='lat' dir='ltr'><strong>adjuva.</strong></span> <span class='ocrx_word' id='word_1_451' title='bbox 932 3488 1001 3529; x_wconf 78' lang='lat'><strong>24.</strong></span> <span class='ocrx_word' id='word_1_452' title='bbox 1032 3498 1115 3538; x_wconf 75' lang='lat' dir='ltr'><strong>ego</strong></span> <span class='ocrx_word' id='word_1_453' title='bbox 1142 3484 1230 3528; x_wconf 81' lang='lat' dir='ltr'><strong>tibi</strong></span> <span class='ocrx_word' id='word_1_454' title='bbox 1255 3482 1504 3539; x_wconf 80' lang='lat' dir='ltr'><strong>praecipio.</strong></span> <span class='ocrx_word' id='word_1_455' title='bbox 1572 3484 1644 3525; x_wconf 78' lang='grc'><strong>25.</strong></span> <span class='ocrx_word' id='word_1_456' title='bbox 1686 3478 1956 3523; x_wconf 78' lang='lat' dir='ltr'><strong>exclamans</strong></span> <span class='ocrx_word' id='word_1_457' title='bbox 1981 3478 2094 3522; x_wconf 83' lang='lat' dir='ltr'><strong>mul-</strong></span> 
     </span>
    </p>
   </div>
   <div class='ocr_carea' id='block_1_15' title="bbox 216 3539 617 3595">
    <p class='ocr_par' dir='ltr' id='par_1_30' title="bbox 216 3539 617 3595">
     <span class='ocr_line' id='line_1_94' title="bbox 216 3539 617 3595; baseline -0.007 -14"><span class='ocrx_word' id='word_1_458' title='bbox 216 3546 310 3581; x_wconf 77' lang='lat' dir='ltr'><strong>tum</strong></span> <span class='ocrx_word' id='word_1_459' title='bbox 333 3539 617 3595; x_wconf 84' lang='lat' dir='ltr'><strong>discerpens.</strong></span> 
     </span>
    </p>
   </div>
  </div>
 </body>
</html>
