<?xml version="1.0" encoding="UTF-8"?>
<!DOCTYPE html PUBLIC "-//W3C//DTD XHTML 1.0 Transitional//EN"
    "http://www.w3.org/TR/xhtml1/DTD/xhtml1-transitional.dtd">
<html xmlns="http://www.w3.org/1999/xhtml" xml:lang="en" lang="en">
 <head>
  <title>
</title>
<meta http-equiv="Content-Type" content="text/html;charset=utf-8" />
  <meta name='ocr-system' content='tesseract 3.04.00' />
  <meta name='ocr-capabilities' content='ocr_page ocr_carea ocr_par ocr_line ocrx_word'/>
</head>
<body>
  <div class='ocr_page' id='page_1' title='image "./novumtestamentu01flecgoog_0165.png"; bbox 0 0 2376 3925; ppageno 0'>
   <div class='ocr_carea' id='block_1_1' title="bbox 828 153 1116 207">
    <p class='ocr_par' dir='ltr' id='par_1_1' title="bbox 828 153 1116 207">
     <span class='ocr_line' id='line_1_1' title="bbox 828 153 1116 207; baseline 0.003 -3"><span class='ocrx_word' id='word_1_1' title='bbox 828 153 1116 207; x_wconf 81' lang='lat' dir='ltr'><strong>LUCAS.</strong></span> 
     </span>
    </p>
   </div>
   <div class='ocr_carea' id='block_1_2' title="bbox 193 256 1118 1460">
    <p class='ocr_par' dir='ltr' id='par_1_2' title="bbox 194 256 1116 519">
     <span class='ocr_line' id='line_1_2' title="bbox 194 256 1115 313; baseline -0.002 -7"><span class='ocrx_word' id='word_1_2' title='bbox 194 257 397 306; x_wconf 88' lang='lat' dir='ltr'><strong>nemini</strong></span> <span class='ocrx_word' id='word_1_3' title='bbox 406 257 597 304; x_wconf 85' lang='lat' dir='ltr'><strong>diceret</strong></span> <span class='ocrx_word' id='word_1_4' title='bbox 608 271 622 313; x_wconf 83' lang='lat'>3</span> <span class='ocrx_word' id='word_1_5' title='bbox 638 256 727 304; x_wconf 72' lang='lat' dir='ltr'><strong>sed</strong></span> <span class='ocrx_word' id='word_1_6' title='bbox 738 268 750 302; x_wconf 90' lang='lat'>:</span> <span class='ocrx_word' id='word_1_7' title='bbox 762 257 900 303; x_wconf 85' lang='lat' dir='ltr'><strong>Vade</strong></span> <span class='ocrx_word' id='word_1_8' title='bbox 914 256 925 303; x_wconf 85' lang='lat'>!</span> <span class='ocrx_word' id='word_1_9' title='bbox 938 260 1115 304; x_wconf 75' lang='lat' dir='ltr'><strong>osten-</strong></span> 
     </span>
     <span class='ocr_line' id='line_1_3' title="bbox 194 323 1115 383; baseline -0.001 -11"><span class='ocrx_word' id='word_1_10' title='bbox 194 327 265 374; x_wconf 87' lang='lat' dir='ltr'><strong>de</strong></span> <span class='ocrx_word' id='word_1_11' title='bbox 310 328 360 372; x_wconf 88' lang='lat' dir='ltr'><strong>te</strong></span> <span class='ocrx_word' id='word_1_12' title='bbox 405 323 691 382; x_wconf 84' lang='lat' dir='ltr'><strong>Sacerdoti,</strong></span> <span class='ocrx_word' id='word_1_13' title='bbox 747 325 798 370; x_wconf 87' lang='lat' dir='ltr'><strong>et</strong></span> <span class='ocrx_word' id='word_1_14' title='bbox 846 325 977 371; x_wconf 80' lang='lat' dir='ltr'><strong>offer</strong></span> <span class='ocrx_word' id='word_1_15' title='bbox 1020 337 1115 383; x_wconf 88' lang='lat' dir='ltr'><strong>pro</strong></span> 
     </span>
     <span class='ocr_line' id='line_1_4' title="bbox 195 384 1116 450; baseline -0.002 -10"><span class='ocrx_word' id='word_1_16' title='bbox 195 391 561 440; x_wconf 76' lang='lat' dir='ltr'><strong>emundatione</strong></span> <span class='ocrx_word' id='word_1_17' title='bbox 580 393 695 450; x_wconf 85' lang='lat' dir='ltr'><strong>tua,</strong></span> <span class='ocrx_word' id='word_1_18' title='bbox 714 384 879 438; x_wconf 67' lang='lat' dir='ltr'><strong>sicnt&#39;*</strong></span> <span class='ocrx_word' id='word_1_19' title='bbox 903 405 1116 450; x_wconf 83' lang='lat' dir='ltr'><strong>praece-</strong></span> 
     </span>
     <span class='ocr_line' id='line_1_5' title="bbox 194 458 1115 519; baseline -0.001 -13"><span class='ocrx_word' id='word_1_20' title='bbox 194 460 277 519; x_wconf 86' lang='lat' dir='ltr'><strong>pit</strong></span> <span class='ocrx_word' id='word_1_21' title='bbox 294 461 506 518; x_wconf 72' lang='lat' dir='ltr'><strong>Moyses</strong></span> <span class='ocrx_word' id='word_1_22' title='bbox 518 488 535 518; x_wconf 85' lang='lat'><strong>,</strong></span> <span class='ocrx_word' id='word_1_23' title='bbox 562 458 617 503; x_wconf 91' lang='lat' dir='ltr'><strong>in</strong></span> <span class='ocrx_word' id='word_1_24' title='bbox 637 458 977 505; x_wconf 70' lang='lat' dir='ltr'><strong>testimonium</strong></span> <span class='ocrx_word' id='word_1_25' title='bbox 994 459 1115 505; x_wconf 73' lang='lat' dir='ltr'><strong>iuis.</strong></span> 
     </span>
    </p>

    <p class='ocr_par' dir='ltr' id='par_1_3' title="bbox 193 524 1118 776">
     <span class='ocr_line' id='line_1_6' title="bbox 264 524 1115 585; baseline 0 -13"><span class='ocrx_word' id='word_1_26' title='bbox 264 528 349 572; x_wconf 84' lang='lat'><strong>15.</strong></span> <span class='ocrx_word' id='word_1_27' title='bbox 369 524 757 574; x_wconf 82' lang='lat' dir='ltr'><strong>Perambulabat</strong></span> <span class='ocrx_word' id='word_1_28' title='bbox 768 529 937 572; x_wconf 86' lang='lat' dir='ltr'><strong>autem</strong></span> <span class='ocrx_word' id='word_1_29' title='bbox 953 527 1115 585; x_wconf 73' lang='lat' dir='ltr'><strong>magis</strong></span> 
     </span>
     <span class='ocr_line' id='line_1_7' title="bbox 195 592 1118 650; baseline -0.002 -9"><span class='ocrx_word' id='word_1_30' title='bbox 195 607 367 641; x_wconf 72' lang='lat' dir='ltr'><strong>nermo</strong></span> <span class='ocrx_word' id='word_1_31' title='bbox 400 593 463 638; x_wconf 91' lang='lat' dir='ltr'><strong>de</strong></span> <span class='ocrx_word' id='word_1_32' title='bbox 491 592 610 650; x_wconf 77' lang='lat' dir='ltr'><strong>illo3</strong></span> <span class='ocrx_word' id='word_1_33' title='bbox 650 595 700 638; x_wconf 87' lang='lat' dir='ltr'><strong>et</strong></span> <span class='ocrx_word' id='word_1_34' title='bbox 743 593 1118 640; x_wconf 69' lang='lat' dir='ltr'><strong>conveniebant</strong></span> 
     </span>
     <span class='ocr_line' id='line_1_8' title="bbox 194 660 1115 720; baseline 0 -12"><span class='ocrx_word' id='word_1_35' title='bbox 194 664 379 708; x_wconf 83' lang='lat' dir='ltr'><strong>turbae</strong></span> <span class='ocrx_word' id='word_1_36' title='bbox 398 660 605 718; x_wconf 80' lang='lat' dir='ltr'><strong>multae,</strong></span> <span class='ocrx_word' id='word_1_37' title='bbox 620 663 674 706; x_wconf 88' lang='lat' dir='ltr'><strong>ut</strong></span> <span class='ocrx_word' id='word_1_38' title='bbox 692 660 944 720; x_wconf 77' lang='lat' dir='ltr'><strong>audirent,</strong></span> <span class='ocrx_word' id='word_1_39' title='bbox 963 663 1015 707; x_wconf 89' lang='lat' dir='ltr'><strong>et</strong></span> <span class='ocrx_word' id='word_1_40' title='bbox 1024 675 1115 708; x_wconf 90' lang='lat' dir='ltr'><strong>cu-</strong></span> 
     </span>
     <span class='ocr_line' id='line_1_9' title="bbox 193 727 1052 776; baseline -0.001 0"><span class='ocrx_word' id='word_1_41' title='bbox 193 731 439 776; x_wconf 82' lang='lat' dir='ltr'><strong>rarentur</strong></span> <span class='ocrx_word' id='word_1_42' title='bbox 458 729 520 774; x_wconf 85' lang='lat' dir='ltr'><strong>ab</strong></span> <span class='ocrx_word' id='word_1_43' title='bbox 538 727 911 774; x_wconf 73' lang='lat' dir='ltr'><strong>infirmitatibus</strong></span> <span class='ocrx_word' id='word_1_44' title='bbox 928 729 1052 776; x_wconf 69' lang='lat' dir='ltr'><strong>suia.</strong></span> 
     </span>
    </p>

    <p class='ocr_par' dir='ltr' id='par_1_4' title="bbox 197 795 1114 920">
     <span class='ocr_line' id='line_1_10' title="bbox 265 795 1114 852; baseline 0.001 -11"><span class='ocrx_word' id='word_1_45' title='bbox 265 798 348 842; x_wconf 90' lang='grc'><strong>16.</strong></span> <span class='ocrx_word' id='word_1_46' title='bbox 384 797 501 852; x_wconf 77' lang='lat' dir='ltr'><strong>lpse</strong></span> <span class='ocrx_word' id='word_1_47' title='bbox 539 797 709 840; x_wconf 85' lang='lat' dir='ltr'><strong>autem</strong></span> <span class='ocrx_word' id='word_1_48' title='bbox 756 795 1025 842; x_wconf 75' lang='lat' dir='ltr'><strong>secedebat</strong></span> <span class='ocrx_word' id='word_1_49' title='bbox 1057 796 1114 842; x_wconf 86' lang='lat' dir='ltr'><strong>in</strong></span> 
     </span>
     <span class='ocr_line' id='line_1_11' title="bbox 197 863 759 920; baseline -0.004 -10"><span class='ocrx_word' id='word_1_50' title='bbox 197 865 471 920; x_wconf 75' lang='lat' dir='ltr'><strong>desertum,</strong></span> <span class='ocrx_word' id='word_1_51' title='bbox 493 864 545 908; x_wconf 87' lang='lat' dir='ltr'><strong>et</strong></span> <span class='ocrx_word' id='word_1_52' title='bbox 565 863 759 909; x_wconf 87' lang='lat' dir='ltr'><strong>orabat.</strong></span> 
     </span>
    </p>

    <p class='ocr_par' dir='ltr' id='par_1_5' title="bbox 196 925 1118 1381">
     <span class='ocr_line' id='line_1_12' title="bbox 271 925 1113 977; baseline 0.004 -3"><span class='ocrx_word' id='word_1_53' title='bbox 271 932 352 977; x_wconf 89' lang='grc'><strong>17.</strong></span> <span class='ocrx_word' id='word_1_54' title='bbox 384 925 479 975; x_wconf 71' lang='lat' dir='ltr'><strong>iEt</strong></span> <span class='ocrx_word' id='word_1_55' title='bbox 496 931 685 976; x_wconf 85' lang='lat' dir='ltr'><strong>factum</strong></span> <span class='ocrx_word' id='word_1_56' title='bbox 704 932 783 975; x_wconf 73' lang='lat' dir='ltr'><strong>eat</strong></span> <span class='ocrx_word' id='word_1_57' title='bbox 808 930 862 976; x_wconf 87' lang='lat' dir='ltr'><strong>in</strong></span> <span class='ocrx_word' id='word_1_58' title='bbox 882 943 985 977; x_wconf 82' lang='lat' dir='ltr'><strong>una</strong></span> <span class='ocrx_word' id='word_1_59' title='bbox 1002 931 1113 977; x_wconf 85' lang='lat' dir='ltr'><strong>die-</strong></span> 
     </span>
     <span class='ocr_line' id='line_1_13' title="bbox 197 996 1118 1056; baseline 0 -12"><span class='ocrx_word' id='word_1_60' title='bbox 197 1011 333 1056; x_wconf 90' lang='lat' dir='ltr'><strong>rum,</strong></span> <span class='ocrx_word' id='word_1_61' title='bbox 352 1000 403 1044; x_wconf 90' lang='lat' dir='ltr'><strong>et</strong></span> <span class='ocrx_word' id='word_1_62' title='bbox 418 997 529 1055; x_wconf 75' lang='lat' dir='ltr'><strong>ipse</strong></span> <span class='ocrx_word' id='word_1_63' title='bbox 546 996 757 1042; x_wconf 75' lang='lat' dir='ltr'><strong>sedebat</strong></span> <span class='ocrx_word' id='word_1_64' title='bbox 774 997 980 1044; x_wconf 74' lang='lat' dir='ltr'><strong>docens.</strong></span> <span class='ocrx_word' id='word_1_65' title='bbox 1047 998 1118 1044; x_wconf 91' lang='lat' dir='ltr'><strong>Et</strong></span> 
     </span>
     <span class='ocr_line' id='line_1_14' title="bbox 201 1064 1114 1124; baseline 0 -13"><span class='ocrx_word' id='word_1_66' title='bbox 201 1067 353 1111; x_wconf 86' lang='lat' dir='ltr'><strong>erant</strong></span> <span class='ocrx_word' id='word_1_67' title='bbox 368 1064 629 1110; x_wconf 71' lang='lat' dir='ltr'><strong>Pharisaei</strong></span> <span class='ocrx_word' id='word_1_68' title='bbox 648 1064 903 1124; x_wconf 67' lang='lat' dir='ltr'><strong>sedentes,</strong></span> <span class='ocrx_word' id='word_1_69' title='bbox 915 1067 967 1111; x_wconf 82' lang='lat' dir='ltr'><strong>et</strong></span> <span class='ocrx_word' id='word_1_70' title='bbox 983 1065 1114 1123; x_wconf 71' lang='lat' dir='ltr'><strong>legis</strong></span> 
     </span>
     <span class='ocr_line' id='line_1_15' title="bbox 200 1131 1115 1191; baseline 0.001 -14"><span class='ocrx_word' id='word_1_71' title='bbox 200 1132 466 1191; x_wconf 75' lang='lat' dir='ltr'><strong>doctores,</strong></span> <span class='ocrx_word' id='word_1_72' title='bbox 495 1131 581 1187; x_wconf 86' lang='lat' dir='ltr'><strong>qui</strong></span> <span class='ocrx_word' id='word_1_73' title='bbox 601 1135 854 1177; x_wconf 84' lang='lat' dir='ltr'><strong>venerant</strong></span> <span class='ocrx_word' id='word_1_74' title='bbox 885 1145 953 1178; x_wconf 89' lang='lat' dir='ltr'><strong>ex</strong></span> <span class='ocrx_word' id='word_1_75' title='bbox 974 1132 1115 1178; x_wconf 75' lang='lat' dir='ltr'><strong>(unni</strong></span> 
     </span>
     <span class='ocr_line' id='line_1_16' title="bbox 200 1198 1117 1258; baseline 0 -12"><span class='ocrx_word' id='word_1_76' title='bbox 200 1198 415 1246; x_wconf 81' lang='lat' dir='ltr'><strong>castello</strong></span> <span class='ocrx_word' id='word_1_77' title='bbox 436 1198 715 1257; x_wconf 75' lang='lat' dir='ltr'><strong>Galilaeae,</strong></span> <span class='ocrx_word' id='word_1_78' title='bbox 737 1202 790 1246; x_wconf 83' lang='lat' dir='ltr'><strong>et</strong></span> <span class='ocrx_word' id='word_1_79' title='bbox 807 1199 1049 1258; x_wconf 70' lang='lat' dir='ltr'><strong>Iudaeae,</strong></span> <span class='ocrx_word' id='word_1_80' title='bbox 1065 1202 1117 1246; x_wconf 87' lang='lat' dir='ltr'><strong>et</strong></span> 
     </span>
     <span class='ocr_line' id='line_1_17' title="bbox 196 1265 1115 1323; baseline 0.003 -11"><span class='ocrx_word' id='word_1_81' title='bbox 196 1265 506 1323; x_wconf 72' lang='lat' dir='ltr'><strong>Ierusalem3</strong></span> <span class='ocrx_word' id='word_1_82' title='bbox 528 1267 579 1312; x_wconf 90' lang='lat' dir='ltr'><strong>et</strong></span> <span class='ocrx_word' id='word_1_83' title='bbox 594 1265 759 1312; x_wconf 74' lang='lat' dir='ltr'><strong>virtus</strong></span> <span class='ocrx_word' id='word_1_84' title='bbox 776 1266 985 1313; x_wconf 86' lang='lat' dir='ltr'><strong>Domini</strong></span> <span class='ocrx_word' id='word_1_85' title='bbox 1004 1269 1115 1315; x_wconf 82' lang='lat' dir='ltr'><strong>erat</strong></span> 
     </span>
     <span class='ocr_line' id='line_1_18' title="bbox 199 1332 688 1381; baseline 0 -1"><span class='ocrx_word' id='word_1_86' title='bbox 199 1334 263 1380; x_wconf 88' lang='lat' dir='ltr'><strong>ad</strong></span> <span class='ocrx_word' id='word_1_87' title='bbox 282 1332 565 1381; x_wconf 75' lang='lat' dir='ltr'><strong>sanandum</strong></span> <span class='ocrx_word' id='word_1_88' title='bbox 582 1346 688 1380; x_wconf 70' lang='lat' dir='ltr'><strong>eos.</strong></span> 
     </span>
    </p>

    <p class='ocr_par' dir='ltr' id='par_1_6' title="bbox 268 1399 1113 1460">
     <span class='ocr_line' id='line_1_19' title="bbox 268 1399 1113 1460; baseline 0.002 -14"><span class='ocrx_word' id='word_1_89' title='bbox 268 1403 351 1447; x_wconf 85' lang='lat'><strong>18.</strong></span> <span class='ocrx_word' id='word_1_90' title='bbox 387 1399 457 1447; x_wconf 89' lang='lat' dir='ltr'><strong>Et</strong></span> <span class='ocrx_word' id='word_1_91' title='bbox 475 1399 615 1446; x_wconf 86' lang='lat' dir='ltr'><strong>ecce!</strong></span> <span class='ocrx_word' id='word_1_92' title='bbox 645 1401 749 1447; x_wconf 86' lang='lat' dir='ltr'><strong>viri</strong></span> <span class='ocrx_word' id='word_1_93' title='bbox 774 1404 1038 1460; x_wconf 73' lang='lat' dir='ltr'><strong>portantes</strong></span> <span class='ocrx_word' id='word_1_94' title='bbox 1058 1403 1113 1448; x_wconf 91' lang='lat' dir='ltr'><strong>in</strong></span> 
     </span>
    </p>
   </div>
   <div class='ocr_carea' id='block_1_3' title="bbox 195 1468 1169 1530">
    <p class='ocr_par' dir='ltr' id='par_1_7' title="bbox 195 1468 1169 1530">
     <span class='ocr_line' id='line_1_20' title="bbox 195 1468 1169 1530; baseline 0 -15"><span class='ocrx_word' id='word_1_95' title='bbox 195 1470 334 1516; x_wconf 83' lang='lat' dir='ltr'><strong>lecto</strong></span> <span class='ocrx_word' id='word_1_96' title='bbox 352 1468 627 1527; x_wconf 84' lang='lat' dir='ltr'><strong>hominem,</strong></span> <span class='ocrx_word' id='word_1_97' title='bbox 642 1468 728 1525; x_wconf 84' lang='lat' dir='ltr'><strong>qui</strong></span> <span class='ocrx_word' id='word_1_98' title='bbox 739 1472 849 1516; x_wconf 85' lang='lat' dir='ltr'><strong>erat</strong></span> <span class='ocrx_word' id='word_1_99' title='bbox 865 1470 1113 1530; x_wconf 84' lang='lat' dir='ltr'><strong>paralyti-</strong></span> <span class='ocrx_word' id='word_1_100' title='bbox 1165 1480 1169 1484; x_wconf 89' lang='grc'><strong>’</strong></span> 
     </span>
    </p>
   </div>
   <div class='ocr_carea' id='block_1_4' title="bbox 196 1539 1122 3081">
    <p class='ocr_par' dir='ltr' id='par_1_8' title="bbox 198 1539 1112 1661">
     <span class='ocr_line' id='line_1_21' title="bbox 198 1539 1112 1597; baseline 0.002 -15"><span class='ocrx_word' id='word_1_101' title='bbox 198 1551 321 1593; x_wconf 76' lang='lat' dir='ltr'><strong>cus;</strong></span> <span class='ocrx_word' id='word_1_102' title='bbox 352 1539 404 1582; x_wconf 85' lang='lat' dir='ltr'><strong>et</strong></span> <span class='ocrx_word' id='word_1_103' title='bbox 430 1539 743 1593; x_wconf 72' lang='lat' dir='ltr'><strong>quaerebant</strong></span> <span class='ocrx_word' id='word_1_104' title='bbox 768 1551 881 1584; x_wconf 86' lang='lat' dir='ltr'><strong>eum</strong></span> <span class='ocrx_word' id='word_1_105' title='bbox 898 1539 1112 1597; x_wconf 79' lang='lat' dir='ltr'><strong>inferre,</strong></span> 
     </span>
     <span class='ocr_line' id='line_1_22' title="bbox 200 1605 757 1661; baseline 0 -11"><span class='ocrx_word' id='word_1_106' title='bbox 200 1606 254 1650; x_wconf 85' lang='lat' dir='ltr'><strong>et</strong></span> <span class='ocrx_word' id='word_1_107' title='bbox 272 1616 468 1661; x_wconf 85' lang='lat' dir='ltr'><strong>ponere</strong></span> <span class='ocrx_word' id='word_1_108' title='bbox 488 1605 605 1652; x_wconf 83' lang='lat' dir='ltr'><strong>ante</strong></span> <span class='ocrx_word' id='word_1_109' title='bbox 628 1618 757 1650; x_wconf 87' lang='lat' dir='ltr'><strong>eum.</strong></span> 
     </span>
    </p>

    <p class='ocr_par' dir='ltr' id='par_1_9' title="bbox 196 1670 1118 1991">
     <span class='ocr_line' id='line_1_23' title="bbox 273 1670 1115 1731; baseline 0.002 -15"><span class='ocrx_word' id='word_1_110' title='bbox 273 1672 359 1716; x_wconf 78' lang='grc'><strong>19.</strong></span> <span class='ocrx_word' id='word_1_111' title='bbox 390 1670 459 1718; x_wconf 80' lang='lat' dir='ltr'><strong>Et</strong></span> <span class='ocrx_word' id='word_1_112' title='bbox 490 1683 597 1721; x_wconf 84' lang='lat' dir='ltr'><strong>non</strong></span> <span class='ocrx_word' id='word_1_113' title='bbox 632 1671 978 1731; x_wconf 67' lang='lat' dir='ltr'><strong>invenientes,</strong></span> <span class='ocrx_word' id='word_1_114' title='bbox 1016 1685 1115 1729; x_wconf 86' lang='lat' dir='ltr'><strong>qua</strong></span> 
     </span>
     <span class='ocr_line' id='line_1_24' title="bbox 196 1737 1113 1798; baseline 0.001 -15"><span class='ocrx_word' id='word_1_115' title='bbox 196 1738 354 1797; x_wconf 83' lang='lat' dir='ltr'><strong>parte</strong></span> <span class='ocrx_word' id='word_1_116' title='bbox 372 1737 509 1784; x_wconf 80' lang='lat' dir='ltr'><strong>illum</strong></span> <span class='ocrx_word' id='word_1_117' title='bbox 528 1739 780 1786; x_wconf 75' lang='lat' dir='ltr'><strong>inferrent</strong></span> <span class='ocrx_word' id='word_1_118' title='bbox 796 1752 920 1798; x_wconf 85' lang='lat' dir='ltr'><strong>prae</strong></span> <span class='ocrx_word' id='word_1_119' title='bbox 946 1742 1113 1798; x_wconf 86' lang='lat' dir='ltr'><strong>turba,</strong></span> 
     </span>
     <span class='ocr_line' id='line_1_25' title="bbox 199 1804 1115 1866; baseline 0 -14"><span class='ocrx_word' id='word_1_120' title='bbox 199 1804 546 1852; x_wconf 74' lang='lat' dir='ltr'><strong>ascenderunt</strong></span> <span class='ocrx_word' id='word_1_121' title='bbox 562 1819 714 1866; x_wconf 71' lang='lat' dir='ltr'><strong>supra</strong></span> <span class='ocrx_word' id='word_1_122' title='bbox 733 1809 939 1865; x_wconf 86' lang='lat' dir='ltr'><strong>tectum,</strong></span> <span class='ocrx_word' id='word_1_123' title='bbox 960 1809 1013 1852; x_wconf 88' lang='lat' dir='ltr'><strong>et</strong></span> <span class='ocrx_word' id='word_1_124' title='bbox 1023 1819 1115 1865; x_wconf 83' lang='lat' dir='ltr'><strong>per</strong></span> 
     </span>
     <span class='ocr_line' id='line_1_26' title="bbox 196 1871 1118 1932; baseline 0.001 -13"><span class='ocrx_word' id='word_1_125' title='bbox 196 1871 406 1932; x_wconf 73' lang='lat' dir='ltr'><strong>tegulas</strong></span> <span class='ocrx_word' id='word_1_126' title='bbox 451 1875 805 1920; x_wconf 67' lang='lat' dir='ltr'><strong>summiserunt</strong></span> <span class='ocrx_word' id='word_1_127' title='bbox 852 1887 967 1920; x_wconf 90' lang='lat' dir='ltr'><strong>eum</strong></span> <span class='ocrx_word' id='word_1_128' title='bbox 1004 1887 1118 1920; x_wconf 84' lang='lat' dir='ltr'><strong>cum</strong></span> 
     </span>
     <span class='ocr_line' id='line_1_27' title="bbox 200 1940 997 1991; baseline 0.001 -4"><span class='ocrx_word' id='word_1_129' title='bbox 200 1941 341 1989; x_wconf 79' lang='lat' dir='ltr'><strong>lecto</strong></span> <span class='ocrx_word' id='word_1_130' title='bbox 361 1940 417 1987; x_wconf 91' lang='lat' dir='ltr'><strong>in</strong></span> <span class='ocrx_word' id='word_1_131' title='bbox 434 1941 651 1991; x_wconf 84' lang='lat' dir='ltr'><strong>medium</strong></span> <span class='ocrx_word' id='word_1_132' title='bbox 668 1943 789 1989; x_wconf 85' lang='lat' dir='ltr'><strong>ante</strong></span> <span class='ocrx_word' id='word_1_133' title='bbox 807 1942 838 1988; x_wconf 86' lang='lat' dir='ltr'><strong>J</strong></span> <span class='ocrx_word' id='word_1_134' title='bbox 841 1955 997 1989; x_wconf 76' lang='lat' dir='ltr'><strong>esum.</strong></span> 
     </span>
    </p>

    <p class='ocr_par' dir='ltr' id='par_1_10' title="bbox 200 2009 1117 2191">
     <span class='ocr_line' id='line_1_28' title="bbox 268 2009 1117 2071; baseline 0 -16"><span class='ocrx_word' id='word_1_135' title='bbox 268 2010 352 2055; x_wconf 91' lang='grc'><strong>20.</strong></span> <span class='ocrx_word' id='word_1_136' title='bbox 393 2009 621 2063; x_wconf 77' lang='lat' dir='ltr'><strong>Quorum</strong></span> <span class='ocrx_word' id='word_1_137' title='bbox 636 2010 801 2071; x_wconf 81' lang='lat' dir='ltr'><strong>fldem,</strong></span> <span class='ocrx_word' id='word_1_138' title='bbox 814 2012 871 2056; x_wconf 88' lang='lat' dir='ltr'><strong>ut</strong></span> <span class='ocrx_word' id='word_1_139' title='bbox 880 2010 1024 2070; x_wconf 85' lang='lat' dir='ltr'><strong>vidit,</strong></span> <span class='ocrx_word' id='word_1_140' title='bbox 1038 2010 1117 2055; x_wconf 90' lang='lat' dir='ltr'><strong>di-</strong></span> 
     </span>
     <span class='ocr_line' id='line_1_29' title="bbox 200 2076 1117 2137; baseline 0.002 -14"><span class='ocrx_word' id='word_1_141' title='bbox 200 2078 309 2123; x_wconf 81' lang='lat' dir='ltr'><strong>xit:</strong></span> <span class='ocrx_word' id='word_1_142' title='bbox 328 2076 519 2124; x_wconf 84' lang='lat' dir='ltr'><strong>Homo!</strong></span> <span class='ocrx_word' id='word_1_143' title='bbox 539 2078 865 2125; x_wconf 88' lang='lat' dir='ltr'><strong>remittuntur</strong></span> <span class='ocrx_word' id='word_1_144' title='bbox 884 2078 977 2125; x_wconf 89' lang='lat' dir='ltr'><strong>tibi</strong></span> <span class='ocrx_word' id='word_1_145' title='bbox 995 2092 1117 2137; x_wconf 85' lang='lat' dir='ltr'><strong>pec-</strong></span> 
     </span>
     <span class='ocr_line' id='line_1_30' title="bbox 206 2147 440 2191; baseline 0 0"><span class='ocrx_word' id='word_1_146' title='bbox 206 2147 323 2191; x_wconf 84' lang='lat' dir='ltr'><strong>cata</strong></span> <span class='ocrx_word' id='word_1_147' title='bbox 338 2147 440 2191; x_wconf 85' lang='lat' dir='ltr'><strong>tua.</strong></span> 
     </span>
    </p>

    <p class='ocr_par' dir='ltr' id='par_1_11' title="bbox 204 2212 1117 2540">
     <span class='ocr_line' id='line_1_31' title="bbox 270 2212 1117 2272; baseline 0.002 -15"><span class='ocrx_word' id='word_1_148' title='bbox 270 2213 353 2257; x_wconf 90' lang='lat'><strong>21.</strong></span> <span class='ocrx_word' id='word_1_149' title='bbox 414 2212 486 2258; x_wconf 86' lang='lat' dir='ltr'><strong>Et</strong></span> <span class='ocrx_word' id='word_1_150' title='bbox 546 2215 827 2270; x_wconf 84' lang='lat' dir='ltr'><strong>coeperunt</strong></span> <span class='ocrx_word' id='word_1_151' title='bbox 888 2213 1117 2272; x_wconf 81' lang='lat' dir='ltr'><strong>cogitare</strong></span> 
     </span>
     <span class='ocr_line' id='line_1_32' title="bbox 204 2279 1115 2340; baseline 0 -15"><span class='ocrx_word' id='word_1_152' title='bbox 204 2279 413 2326; x_wconf 87' lang='lat' dir='ltr'><strong>Scribae</strong></span> <span class='ocrx_word' id='word_1_153' title='bbox 444 2282 497 2326; x_wconf 87' lang='lat' dir='ltr'><strong>et</strong></span> <span class='ocrx_word' id='word_1_154' title='bbox 532 2280 823 2340; x_wconf 82' lang='lat' dir='ltr'><strong>Pharisaei,</strong></span> <span class='ocrx_word' id='word_1_155' title='bbox 864 2280 1115 2327; x_wconf 78' lang='lat' dir='ltr'><strong>dicentes:</strong></span> 
     </span>
     <span class='ocr_line' id='line_1_33' title="bbox 204 2346 1117 2407; baseline 0.002 -15"><span class='ocrx_word' id='word_1_156' title='bbox 204 2346 337 2400; x_wconf 74' lang='lat' dir='ltr'><strong>Quis</strong></span> <span class='ocrx_word' id='word_1_157' title='bbox 345 2349 421 2393; x_wconf 77' lang='lat' dir='ltr'><strong>est</strong></span> <span class='ocrx_word' id='word_1_158' title='bbox 430 2346 628 2407; x_wconf 84' lang='lat' dir='ltr'><strong>hic,qui</strong></span> <span class='ocrx_word' id='word_1_159' title='bbox 638 2347 861 2405; x_wconf 86' lang='lat' dir='ltr'><strong>loquitur</strong></span> <span class='ocrx_word' id='word_1_160' title='bbox 880 2348 1117 2406; x_wconf 75' lang='lat' dir='ltr'><strong>blasphe-</strong></span> 
     </span>
     <span class='ocr_line' id='line_1_34' title="bbox 204 2414 1117 2473; baseline 0.002 -14"><span class='ocrx_word' id='word_1_161' title='bbox 204 2414 369 2461; x_wconf 67' lang='lat' dir='ltr'><strong>mias?</strong></span> <span class='ocrx_word' id='word_1_162' title='bbox 390 2414 515 2468; x_wconf 76' lang='lat' dir='ltr'><strong>Quis</strong></span> <span class='ocrx_word' id='word_1_163' title='bbox 536 2417 707 2473; x_wconf 73' lang='lat' dir='ltr'><strong>potent</strong></span> <span class='ocrx_word' id='word_1_164' title='bbox 726 2415 975 2462; x_wconf 83' lang='lat' dir='ltr'><strong>dimittere</strong></span> <span class='ocrx_word' id='word_1_165' title='bbox 994 2429 1117 2473; x_wconf 88' lang='lat' dir='ltr'><strong>pec-</strong></span> 
     </span>
     <span class='ocr_line' id='line_1_35' title="bbox 204 2482 808 2540; baseline 0.002 -13"><span class='ocrx_word' id='word_1_166' title='bbox 204 2483 338 2540; x_wconf 81' lang='lat' dir='ltr'><strong>cata,</strong></span> <span class='ocrx_word' id='word_1_167' title='bbox 357 2482 458 2528; x_wconf 73' lang='lat' dir='ltr'><strong>nisi</strong></span> <span class='ocrx_word' id='word_1_168' title='bbox 478 2482 619 2529; x_wconf 72' lang='lat' dir='ltr'><strong>solus</strong></span> <span class='ocrx_word' id='word_1_169' title='bbox 637 2483 808 2528; x_wconf 64' lang='lat' dir='ltr'><strong>Deus?</strong></span> 
     </span>
    </p>

    <p class='ocr_par' dir='ltr' id='par_1_12' title="bbox 203 2542 1121 2799">
     <span class='ocr_line' id='line_1_36' title="bbox 276 2542 1119 2609; baseline 0.004 -16"><span class='ocrx_word' id='word_1_170' title='bbox 276 2550 359 2594; x_wconf 84' lang='grc'><strong>22.</strong></span> <span class='ocrx_word' id='word_1_171' title='bbox 396 2550 461 2595; x_wconf 87' lang='lat' dir='ltr'><strong>Ut</strong></span> <span class='ocrx_word' id='word_1_172' title='bbox 479 2542 759 2609; x_wconf 54' lang='lat' dir='ltr'><strong>cognovit*</strong></span> <span class='ocrx_word' id='word_1_173' title='bbox 784 2553 950 2597; x_wconf 84' lang='lat' dir='ltr'><strong>autem</strong></span> <span class='ocrx_word' id='word_1_174' title='bbox 968 2551 1119 2596; x_wconf 73' lang='lat' dir='ltr'><strong>Jesus</strong></span> 
     </span>
     <span class='ocr_line' id='line_1_37' title="bbox 203 2616 1119 2677; baseline -0.001 -13"><span class='ocrx_word' id='word_1_175' title='bbox 203 2616 549 2675; x_wconf 77' lang='lat' dir='ltr'><strong>cogitationes</strong></span> <span class='ocrx_word' id='word_1_176' title='bbox 571 2630 772 2677; x_wconf 87' lang='lat' dir='ltr'><strong>eorum,</strong></span> <span class='ocrx_word' id='word_1_177' title='bbox 800 2618 1119 2676; x_wconf 75' lang='lat' dir='ltr'><strong>respondens</strong></span> 
     </span>
     <span class='ocr_line' id='line_1_38' title="bbox 203 2683 1121 2744; baseline 0.001 -14"><span class='ocrx_word' id='word_1_178' title='bbox 203 2683 347 2730; x_wconf 82' lang='lat' dir='ltr'><strong>dixit</strong></span> <span class='ocrx_word' id='word_1_179' title='bbox 370 2684 435 2729; x_wconf 82' lang='lat' dir='ltr'><strong>ad</strong></span> <span class='ocrx_word' id='word_1_180' title='bbox 459 2684 601 2732; x_wconf 74' lang='lat' dir='ltr'><strong>illos:</strong></span> <span class='ocrx_word' id='word_1_181' title='bbox 642 2685 773 2737; x_wconf 75' lang='lat' dir='ltr'><strong>Quid</strong></span> <span class='ocrx_word' id='word_1_182' title='bbox 804 2686 1036 2744; x_wconf 79' lang='lat' dir='ltr'><strong>cogitatis</strong></span> <span class='ocrx_word' id='word_1_183' title='bbox 1065 2686 1121 2732; x_wconf 84' lang='lat' dir='ltr'><strong>in</strong></span> 
     </span>
     <span class='ocr_line' id='line_1_39' title="bbox 203 2749 692 2799; baseline -0.004 0"><span class='ocrx_word' id='word_1_184' title='bbox 203 2749 451 2799; x_wconf 79' lang='lat' dir='ltr'><strong>cordibus</strong></span> <span class='ocrx_word' id='word_1_185' title='bbox 475 2752 692 2799; x_wconf 65' lang='lat' dir='ltr'><strong>ventris?</strong></span> 
     </span>
    </p>

    <p class='ocr_par' dir='ltr' id='par_1_13' title="bbox 202 2818 1122 3014">
     <span class='ocr_line' id='line_1_40' title="bbox 276 2818 1119 2871; baseline 0.002 -8"><span class='ocrx_word' id='word_1_186' title='bbox 276 2818 363 2863; x_wconf 83' lang='grc'><strong>23.</strong></span> <span class='ocrx_word' id='word_1_187' title='bbox 400 2818 531 2871; x_wconf 78' lang='lat' dir='ltr'><strong>Quid</strong></span> <span class='ocrx_word' id='word_1_188' title='bbox 568 2822 646 2865; x_wconf 74' lang='lat' dir='ltr'><strong>est</strong></span> <span class='ocrx_word' id='word_1_189' title='bbox 680 2818 880 2867; x_wconf 77' lang='lat' dir='ltr'><strong>facilius</strong></span> <span class='ocrx_word' id='word_1_190' title='bbox 925 2819 1119 2867; x_wconf 79' lang='lat' dir='ltr'><strong>dicere:</strong></span> 
     </span>
     <span class='ocr_line' id='line_1_41' title="bbox 202 2883 1122 2945; baseline 0.002 -14"><span class='ocrx_word' id='word_1_191' title='bbox 202 2883 541 2933; x_wconf 77' lang='lat' dir='ltr'><strong>Dimittuntur</strong></span> <span class='ocrx_word' id='word_1_192' title='bbox 558 2886 652 2934; x_wconf 83' lang='lat' dir='ltr'><strong>tibi</strong></span> <span class='ocrx_word' id='word_1_193' title='bbox 669 2888 907 2945; x_wconf 60' lang='lat' dir='ltr'><strong>peccata?</strong></span> <span class='ocrx_word' id='word_1_194' title='bbox 936 2889 1017 2933; x_wconf 84' lang='lat' dir='ltr'><strong>An</strong></span> <span class='ocrx_word' id='word_1_195' title='bbox 1045 2887 1122 2933; x_wconf 88' lang='lat' dir='ltr'><strong>di-</strong></span> 
     </span>
     <span class='ocr_line' id='line_1_42' title="bbox 208 2954 889 3014; baseline -0.001 -15"><span class='ocrx_word' id='word_1_196' title='bbox 208 2966 361 3000; x_wconf 78' lang='lat' dir='ltr'><strong>cere:</strong></span> <span class='ocrx_word' id='word_1_197' title='bbox 384 2955 567 3014; x_wconf 84' lang='lat' dir='ltr'><strong>Surge,</strong></span> <span class='ocrx_word' id='word_1_198' title='bbox 590 2957 641 3001; x_wconf 89' lang='lat' dir='ltr'><strong>et</strong></span> <span class='ocrx_word' id='word_1_199' title='bbox 660 2954 889 3001; x_wconf 64' lang='lat' dir='ltr'><strong>ambula?</strong></span> 
     </span>
    </p>

    <p class='ocr_par' dir='ltr' id='par_1_14' title="bbox 274 3020 1122 3081">
     <span class='ocr_line' id='line_1_43' title="bbox 274 3020 1122 3081; baseline 0.002 -15"><span class='ocrx_word' id='word_1_200' title='bbox 274 3023 357 3067; x_wconf 75' lang='lat'><strong>24.</strong></span> <span class='ocrx_word' id='word_1_201' title='bbox 396 3022 461 3068; x_wconf 88' lang='lat' dir='ltr'><strong>Ut</strong></span> <span class='ocrx_word' id='word_1_202' title='bbox 480 3025 650 3070; x_wconf 84' lang='lat' dir='ltr'><strong>autem</strong></span> <span class='ocrx_word' id='word_1_203' title='bbox 668 3022 839 3069; x_wconf 66' lang='lat' dir='ltr'><strong>aciatis</strong></span> <span class='ocrx_word' id='word_1_204' title='bbox 853 3052 868 3081; x_wconf 90' lang='lat'><strong>,</strong></span> <span class='ocrx_word' id='word_1_205' title='bbox 898 3020 1017 3079; x_wconf 88' lang='lat' dir='ltr'><strong>quia</strong></span> <span class='ocrx_word' id='word_1_206' title='bbox 1033 3021 1122 3068; x_wconf 81' lang='lat' dir='ltr'><strong>Fi-</strong></span> 
     </span>
    </p>
   </div>
   <div class='ocr_carea' id='block_1_5' title="bbox 198 3147 1124 3287">
    <p class='ocr_par' dir='ltr' id='par_1_15' title="bbox 198 3147 1124 3287">
     <span class='ocr_line' id='line_1_44' title="bbox 250 3147 1124 3200; baseline -0.001 -11"><span class='ocrx_word' id='word_1_207' title='bbox 250 3150 272 3177; x_wconf 56' lang='lat'><em>*</em></span> <span class='ocrx_word' id='word_1_208' title='bbox 290 3150 425 3189; x_wconf 63' lang='lat' dir='ltr'><strong>Lavit.</strong></span> <span class='ocrx_word' id='word_1_209' title='bbox 435 3154 549 3193; x_wconf 79' lang='lat'><strong>14‚2.</strong></span> <span class='ocrx_word' id='word_1_210' title='bbox 562 3162 650 3200; x_wconf 69' lang='lat' dir='ltr'><strong>sqq.</strong></span> <span class='ocrx_word' id='word_1_211' title='bbox 698 3147 716 3177; x_wconf 69' lang='grc' dir='ltr'>ἶ</span> <span class='ocrx_word' id='word_1_212' title='bbox 733 3163 774 3188; x_wconf 77' lang='lat' dir='ltr'><strong>v-</strong></span> <span class='ocrx_word' id='word_1_213' title='bbox 789 3152 959 3189; x_wconf 74' lang='lat'><strong>17—26.</strong></span> <span class='ocrx_word' id='word_1_214' title='bbox 977 3149 1124 3188; x_wconf 74' lang='lat' dir='ltr'><strong>Matth.</strong></span> 
     </span>
     <span class='ocr_line' id='line_1_45' title="bbox 198 3195 1124 3242; baseline -0.004 -5"><span class='ocrx_word' id='word_1_215' title='bbox 198 3204 240 3239; x_wconf 81' lang='lat'><strong>9,</strong></span> <span class='ocrx_word' id='word_1_216' title='bbox 259 3200 391 3236; x_wconf 71' lang='grc'><strong>1-8.</strong></span> <span class='ocrx_word' id='word_1_217' title='bbox 426 3199 557 3235; x_wconf 72' lang='lat' dir='ltr'><strong>Marc.</strong></span> <span class='ocrx_word' id='word_1_218' title='bbox 583 3202 622 3242; x_wconf 85' lang='lat'><strong>2,</strong></span> <span class='ocrx_word' id='word_1_219' title='bbox 647 3201 794 3237; x_wconf 79' lang='lat'><strong>1-12.</strong></span> <span class='ocrx_word' id='word_1_220' title='bbox 856 3195 1044 3235; x_wconf 50' lang='lat' dir='ltr'><strong>*Mutua</strong></span> <span class='ocrx_word' id='word_1_221' title='bbox 1062 3200 1124 3241; x_wconf 84' lang='lat'><strong>12,</strong></span> 
     </span>
     <span class='ocr_line' id='line_1_46' title="bbox 200 3242 521 3287; baseline 0.006 -8"><span class='ocrx_word' id='word_1_222' title='bbox 200 3248 265 3283; x_wconf 80' lang='lat'><strong>25.</strong></span> <span class='ocrx_word' id='word_1_223' title='bbox 292 3242 387 3280; x_wconf 79' lang='lat' dir='ltr'><strong>Joh.</strong></span> <span class='ocrx_word' id='word_1_224' title='bbox 406 3247 443 3287; x_wconf 84' lang='lat'><strong>2,</strong></span> <span class='ocrx_word' id='word_1_225' title='bbox 462 3246 521 3283; x_wconf 76' lang='lat'><strong>2⁵.</strong></span> 
     </span>
    </p>
   </div>
   <div class='ocr_carea' id='block_1_6' title="bbox 1191 155 2092 209">
    <p class='ocr_par' dir='ltr' id='par_1_16' title="bbox 1191 155 2092 209">
     <span class='ocr_line' id='line_1_47' title="bbox 1191 155 2092 209; baseline 0.001 -1"><span class='ocrx_word' id='word_1_226' title='bbox 1191 155 1360 208; x_wconf 79' lang='lat' dir='ltr'><strong>CAP.</strong></span> <span class='ocrx_word' id='word_1_227' title='bbox 1399 156 1450 207; x_wconf 80' lang='lat'><strong>5.</strong></span> <span class='ocrx_word' id='word_1_228' title='bbox 2025 158 2092 209; x_wconf 76' lang='lat'><strong>97</strong></span> 
     </span>
    </p>
   </div>
   <div class='ocr_carea' id='block_1_7' title="bbox 1179 258 2094 855">
    <p class='ocr_par' dir='ltr' id='par_1_17' title="bbox 1182 258 2094 574">
     <span class='ocr_line' id='line_1_48' title="bbox 1184 258 2094 329; baseline 0.002 -25"><span class='ocrx_word' id='word_1_229' title='bbox 1184 258 1284 304; x_wconf 76' lang='lat' dir='ltr'><strong>lius</strong></span> <span class='ocrx_word' id='word_1_230' title='bbox 1303 259 1524 329; x_wconf 58' lang='lat' dir='ltr'><strong>hominis</strong></span> <span class='ocrx_word' id='word_1_231' title='bbox 1543 261 1694 308; x_wconf 83' lang='lat' dir='ltr'><strong>hahet</strong></span> <span class='ocrx_word' id='word_1_232' title='bbox 1721 262 2023 318; x_wconf 67' lang='lat' dir='ltr'><strong>potestatem</strong></span> <span class='ocrx_word' id='word_1_233' title='bbox 2039 261 2094 306; x_wconf 87' lang='lat' dir='ltr'><strong>in</strong></span> 
     </span>
     <span class='ocr_line' id='line_1_49' title="bbox 1182 325 2093 388; baseline -0.003 -17"><span class='ocrx_word' id='word_1_234' title='bbox 1182 328 1325 372; x_wconf 83' lang='lat' dir='ltr'><strong>terra</strong></span> <span class='ocrx_word' id='word_1_235' title='bbox 1344 325 1624 372; x_wconf 84' lang='lat' dir='ltr'><strong>dimittendi</strong></span> <span class='ocrx_word' id='word_1_236' title='bbox 1642 330 1866 388; x_wconf 85' lang='lat' dir='ltr'><strong>peccata,</strong></span> <span class='ocrx_word' id='word_1_237' title='bbox 1889 327 1985 387; x_wconf 87' lang='lat' dir='ltr'><strong>(ait</strong></span> <span class='ocrx_word' id='word_1_238' title='bbox 2001 341 2093 385; x_wconf 77' lang='lat' dir='ltr'><strong>pa..</strong></span> 
     </span>
     <span class='ocr_line' id='line_1_50' title="bbox 1182 393 2093 454; baseline 0.001 -16"><span class='ocrx_word' id='word_1_239' title='bbox 1182 393 1452 452; x_wconf 85' lang='lat' dir='ltr'><strong>ralytico):</strong></span> <span class='ocrx_word' id='word_1_240' title='bbox 1477 394 1591 440; x_wconf 87' lang='lat' dir='ltr'><strong>Tibi</strong></span> <span class='ocrx_word' id='word_1_241' title='bbox 1611 394 1743 453; x_wconf 85' lang='lat' dir='ltr'><strong>dico,</strong></span> <span class='ocrx_word' id='word_1_242' title='bbox 1765 407 1918 453; x_wconf 69' lang='lat' dir='ltr'><strong>surge</strong></span> <span class='ocrx_word' id='word_1_243' title='bbox 1932 426 1947 454; x_wconf 90' lang='lat'><strong>,</strong></span> <span class='ocrx_word' id='word_1_244' title='bbox 1966 394 2093 440; x_wconf 81' lang='lat' dir='ltr'><strong>tolle</strong></span> 
     </span>
     <span class='ocr_line' id='line_1_51' title="bbox 1183 460 2093 520; baseline 0.002 -15"><span class='ocrx_word' id='word_1_245' title='bbox 1183 460 1373 507; x_wconf 87' lang='lat' dir='ltr'><strong>lectum</strong></span> <span class='ocrx_word' id='word_1_246' title='bbox 1401 463 1540 506; x_wconf 90' lang='lat' dir='ltr'><strong>tuum</strong></span> <span class='ocrx_word' id='word_1_247' title='bbox 1553 491 1567 520; x_wconf 91' lang='lat'><strong>,</strong></span> <span class='ocrx_word' id='word_1_248' title='bbox 1600 464 1652 507; x_wconf 89' lang='lat' dir='ltr'><strong>et</strong></span> <span class='ocrx_word' id='word_1_249' title='bbox 1671 462 1798 508; x_wconf 85' lang='lat' dir='ltr'><strong>vade</strong></span> <span class='ocrx_word' id='word_1_250' title='bbox 1817 463 1872 508; x_wconf 89' lang='lat' dir='ltr'><strong>in</strong></span> <span class='ocrx_word' id='word_1_251' title='bbox 1893 463 2093 509; x_wconf 86' lang='lat' dir='ltr'><strong>domum</strong></span> 
     </span>
     <span class='ocr_line' id='line_1_52' title="bbox 1182 527 1344 574; baseline -0.006 0"><span class='ocrx_word' id='word_1_252' title='bbox 1182 527 1344 574; x_wconf 85' lang='lat' dir='ltr'><strong>tuam!</strong></span> 
     </span>
    </p>

    <p class='ocr_par' dir='ltr' id='par_1_18' title="bbox 1179 595 2094 855">
     <span class='ocr_line' id='line_1_53' title="bbox 1251 595 2094 654; baseline 0.002 -14"><span class='ocrx_word' id='word_1_253' title='bbox 1251 597 1334 640; x_wconf 86' lang='grc'><strong>25.</strong></span> <span class='ocrx_word' id='word_1_254' title='bbox 1368 595 1440 641; x_wconf 85' lang='lat' dir='ltr'><strong>Et</strong></span> <span class='ocrx_word' id='word_1_255' title='bbox 1475 595 1746 641; x_wconf 74' lang='lat' dir='ltr'><strong>conseatim</strong></span> <span class='ocrx_word' id='word_1_256' title='bbox 1781 609 2094 654; x_wconf 69' lang='lat' dir='ltr'><strong>con-turgeu</strong></span> 
     </span>
     <span class='ocr_line' id='line_1_54' title="bbox 1182 661 2093 722; baseline 0.002 -14"><span class='ocrx_word' id='word_1_257' title='bbox 1182 675 1358 709; x_wconf 84' lang='lat' dir='ltr'><strong>coram</strong></span> <span class='ocrx_word' id='word_1_258' title='bbox 1376 661 1478 709; x_wconf 75' lang='lat' dir='ltr'><strong>illi-</strong></span> <span class='ocrx_word' id='word_1_259' title='bbox 1492 693 1506 721; x_wconf 91' lang='lat'><strong>,</strong></span> <span class='ocrx_word' id='word_1_260' title='bbox 1529 661 1648 707; x_wconf 82' lang='lat' dir='ltr'><strong>tulit</strong></span> <span class='ocrx_word' id='word_1_261' title='bbox 1665 661 1880 722; x_wconf 87' lang='lat' dir='ltr'><strong>lectum,</strong></span> <span class='ocrx_word' id='word_1_262' title='bbox 1910 663 1964 708; x_wconf 89' lang='lat' dir='ltr'><strong>in</strong></span> <span class='ocrx_word' id='word_1_263' title='bbox 1993 676 2093 720; x_wconf 88' lang='lat' dir='ltr'><strong>quo</strong></span> 
     </span>
     <span class='ocr_line' id='line_1_55' title="bbox 1179 729 2094 790; baseline 0 -14"><span class='ocrx_word' id='word_1_264' title='bbox 1179 731 1406 788; x_wconf 82' lang='lat' dir='ltr'><strong>jacebat3</strong></span> <span class='ocrx_word' id='word_1_265' title='bbox 1429 732 1483 776; x_wconf 90' lang='lat' dir='ltr'><strong>et</strong></span> <span class='ocrx_word' id='word_1_266' title='bbox 1499 729 1624 776; x_wconf 82' lang='lat' dir='ltr'><strong>abiit</strong></span> <span class='ocrx_word' id='word_1_267' title='bbox 1640 729 1697 775; x_wconf 85' lang='lat' dir='ltr'><strong>in</strong></span> <span class='ocrx_word' id='word_1_268' title='bbox 1717 730 1918 775; x_wconf 88' lang='lat' dir='ltr'><strong>domum</strong></span> <span class='ocrx_word' id='word_1_269' title='bbox 1937 743 2094 790; x_wconf 74' lang='lat' dir='ltr'><strong>snam,</strong></span> 
     </span>
     <span class='ocr_line' id='line_1_56' title="bbox 1182 796 1709 855; baseline -0.004 -11"><span class='ocrx_word' id='word_1_270' title='bbox 1182 798 1510 855; x_wconf 73' lang='lat' dir='ltr'><strong>magnificans</strong></span> <span class='ocrx_word' id='word_1_271' title='bbox 1528 796 1709 843; x_wconf 86' lang='lat' dir='ltr'><strong>Deum.</strong></span> 
     </span>
    </p>
   </div>
   <div class='ocr_carea' id='block_1_8' title="bbox 1181 879 2099 1138">
    <p class='ocr_par' dir='ltr' id='par_1_19' title="bbox 1181 879 2099 1138">
     <span class='ocr_line' id='line_1_57' title="bbox 1252 879 2099 939; baseline 0 -13"><span class='ocrx_word' id='word_1_272' title='bbox 1252 883 1332 926; x_wconf 85' lang='grc'><strong>26.</strong></span> <span class='ocrx_word' id='word_1_273' title='bbox 1393 881 1462 926; x_wconf 88' lang='lat' dir='ltr'><strong>Et</strong></span> <span class='ocrx_word' id='word_1_274' title='bbox 1523 882 1702 939; x_wconf 82' lang='lat' dir='ltr'><strong>stupor</strong></span> <span class='ocrx_word' id='word_1_275' title='bbox 1764 879 2099 939; x_wconf 81' lang='lat' dir='ltr'><strong>apprehendit</strong></span> 
     </span>
     <span class='ocr_line' id='line_1_58' title="bbox 1184 948 2095 1008; baseline -0.001 -14"><span class='ocrx_word' id='word_1_276' title='bbox 1184 961 1379 1008; x_wconf 67' lang='lat' dir='ltr'><strong>omnen,</strong></span> <span class='ocrx_word' id='word_1_277' title='bbox 1419 951 1469 994; x_wconf 89' lang='lat' dir='ltr'><strong>et</strong></span> <span class='ocrx_word' id='word_1_278' title='bbox 1502 949 1892 1007; x_wconf 83' lang='lat' dir='ltr'><strong>magnificabant</strong></span> <span class='ocrx_word' id='word_1_279' title='bbox 1918 948 2095 994; x_wconf 88' lang='lat' dir='ltr'><strong>Deum.</strong></span> 
     </span>
     <span class='ocr_line' id='line_1_59' title="bbox 1181 1015 2094 1075; baseline -0.001 -14"><span class='ocrx_word' id='word_1_280' title='bbox 1181 1017 1252 1061; x_wconf 90' lang='lat' dir='ltr'><strong>Et</strong></span> <span class='ocrx_word' id='word_1_281' title='bbox 1267 1015 1454 1074; x_wconf 85' lang='lat' dir='ltr'><strong>repleti</strong></span> <span class='ocrx_word' id='word_1_282' title='bbox 1471 1018 1600 1062; x_wconf 67' lang='lat' dir='ltr'><strong>sunt‘</strong></span> <span class='ocrx_word' id='word_1_283' title='bbox 1613 1016 1817 1075; x_wconf 89' lang='lat' dir='ltr'><strong>timore,</strong></span> <span class='ocrx_word' id='word_1_284' title='bbox 1840 1015 2094 1063; x_wconf 75' lang='lat' dir='ltr'><strong>dicentes:</strong></span> 
     </span>
     <span class='ocr_line' id='line_1_60' title="bbox 1184 1081 2015 1138; baseline -0.001 -9"><span class='ocrx_word' id='word_1_285' title='bbox 1184 1083 1316 1138; x_wconf 74' lang='lat' dir='ltr'><strong>Quia</strong></span> <span class='ocrx_word' id='word_1_286' title='bbox 1333 1082 1550 1129; x_wconf 70' lang='lat' dir='ltr'><strong>vidimus</strong></span> <span class='ocrx_word' id='word_1_287' title='bbox 1569 1083 1822 1130; x_wconf 85' lang='lat' dir='ltr'><strong>mirabilia</strong></span> <span class='ocrx_word' id='word_1_288' title='bbox 1839 1081 2015 1130; x_wconf 89' lang='lat' dir='ltr'><strong>hodie!</strong></span> 
     </span>
    </p>
   </div>
   <div class='ocr_carea' id='block_1_9' title="bbox 1184 1159 2094 1426">
    <p class='ocr_par' dir='ltr' id='par_1_20' title="bbox 1184 1159 2094 1426">
     <span class='ocr_line' id='line_1_61' title="bbox 1251 1159 2094 1227; baseline 0 -15"><span class='ocrx_word' id='word_1_289' title='bbox 1251 1167 1332 1212; x_wconf 90' lang='grc'><strong>27.</strong></span> <span class='ocrx_word' id='word_1_290' title='bbox 1367 1159 1386 1196; x_wconf 80' lang='lat'><strong><em>¹</em></strong></span> <span class='ocrx_word' id='word_1_291' title='bbox 1393 1167 1462 1213; x_wconf 90' lang='lat' dir='ltr'><strong>Et</strong></span> <span class='ocrx_word' id='word_1_292' title='bbox 1481 1168 1739 1224; x_wconf 79' lang='lat' dir='ltr'><strong>posthaec</strong></span> <span class='ocrx_word' id='word_1_293' title='bbox 1760 1167 1915 1227; x_wconf 83' lang='lat' dir='ltr'><strong>exiit,</strong></span> <span class='ocrx_word' id='word_1_294' title='bbox 1943 1169 1995 1213; x_wconf 90' lang='lat' dir='ltr'><strong>et</strong></span> <span class='ocrx_word' id='word_1_295' title='bbox 2011 1167 2094 1212; x_wconf 85' lang='lat' dir='ltr'><strong>vi-</strong></span> 
     </span>
     <span class='ocr_line' id='line_1_62' title="bbox 1184 1233 2093 1294; baseline 0.001 -15"><span class='ocrx_word' id='word_1_296' title='bbox 1184 1233 1258 1281; x_wconf 85' lang='lat' dir='ltr'><strong>dit</strong></span> <span class='ocrx_word' id='word_1_297' title='bbox 1276 1234 1597 1293; x_wconf 81' lang='lat' dir='ltr'><strong>publicanum</strong></span> <span class='ocrx_word' id='word_1_298' title='bbox 1617 1235 1824 1280; x_wconf 89' lang='lat' dir='ltr'><strong>nomine</strong></span> <span class='ocrx_word' id='word_1_299' title='bbox 1842 1235 1990 1294; x_wconf 85' lang='lat' dir='ltr'><strong>Levi,</strong></span> <span class='ocrx_word' id='word_1_300' title='bbox 2011 1248 2093 1280; x_wconf 74' lang='lat' dir='ltr'><strong>se-</strong></span> 
     </span>
     <span class='ocr_line' id='line_1_63' title="bbox 1184 1301 2092 1349; baseline 0.002 -3"><span class='ocrx_word' id='word_1_301' title='bbox 1184 1301 1386 1348; x_wconf 84' lang='lat' dir='ltr'><strong>dentem</strong></span> <span class='ocrx_word' id='word_1_302' title='bbox 1414 1301 1477 1346; x_wconf 87' lang='lat' dir='ltr'><strong>ad</strong></span> <span class='ocrx_word' id='word_1_303' title='bbox 1502 1301 1774 1347; x_wconf 80' lang='lat' dir='ltr'><strong>telonium:</strong></span> <span class='ocrx_word' id='word_1_304' title='bbox 1814 1303 1866 1349; x_wconf 89' lang='lat' dir='ltr'><strong>et</strong></span> <span class='ocrx_word' id='word_1_305' title='bbox 1893 1301 1966 1348; x_wconf 82' lang='lat' dir='ltr'><strong>ait</strong></span> <span class='ocrx_word' id='word_1_306' title='bbox 1992 1301 2092 1348; x_wconf 90' lang='lat' dir='ltr'><strong>illi:</strong></span> 
     </span>
     <span class='ocr_line' id='line_1_64' title="bbox 1184 1367 1531 1426; baseline -0.006 -10"><span class='ocrx_word' id='word_1_307' title='bbox 1184 1371 1410 1426; x_wconf 84' lang='lat' dir='ltr'><strong>Sequere</strong></span> <span class='ocrx_word' id='word_1_308' title='bbox 1428 1367 1531 1414; x_wconf 88' lang='lat' dir='ltr'><strong>me!</strong></span> 
     </span>
    </p>
   </div>
   <div class='ocr_carea' id='block_1_10' title="bbox 1183 1452 2094 1580">
    <p class='ocr_par' dir='ltr' id='par_1_21' title="bbox 1183 1452 2094 1580">
     <span class='ocr_line' id='line_1_65' title="bbox 1250 1452 2094 1514; baseline 0.005 -16"><span class='ocrx_word' id='word_1_309' title='bbox 1250 1455 1332 1498; x_wconf 91' lang='lat'><strong>28.</strong></span> <span class='ocrx_word' id='word_1_310' title='bbox 1365 1453 1436 1499; x_wconf 81' lang='lat' dir='ltr'><strong>Et</strong></span> <span class='ocrx_word' id='word_1_311' title='bbox 1465 1452 1658 1501; x_wconf 73' lang='lat' dir='ltr'><strong>relictis</strong></span> <span class='ocrx_word' id='word_1_312' title='bbox 1689 1455 1948 1514; x_wconf 68' lang='lat' dir='ltr'><strong>omnihus,</strong></span> <span class='ocrx_word' id='word_1_313' title='bbox 1979 1467 2094 1502; x_wconf 75' lang='lat' dir='ltr'><strong>sur-</strong></span> 
     </span>
     <span class='ocr_line' id='line_1_66' title="bbox 1183 1523 1781 1580; baseline 0.002 -13"><span class='ocrx_word' id='word_1_314' title='bbox 1183 1535 1311 1580; x_wconf 68' lang='lat' dir='ltr'><strong>gen:</strong></span> <span class='ocrx_word' id='word_1_315' title='bbox 1331 1523 1534 1568; x_wconf 74' lang='lat' dir='ltr'><strong>secutus</strong></span> <span class='ocrx_word' id='word_1_316' title='bbox 1553 1525 1632 1567; x_wconf 74' lang='lat' dir='ltr'><strong>est</strong></span> <span class='ocrx_word' id='word_1_317' title='bbox 1651 1536 1781 1568; x_wconf 86' lang='lat' dir='ltr'><strong>eum.</strong></span> 
     </span>
    </p>
   </div>
   <div class='ocr_carea' id='block_1_11' title="bbox 1182 1604 2100 1921">
    <p class='ocr_par' dir='ltr' id='par_1_22' title="bbox 1182 1604 2100 1921">
     <span class='ocr_line' id='line_1_67' title="bbox 1249 1604 2091 1652; baseline 0 0"><span class='ocrx_word' id='word_1_318' title='bbox 1249 1608 1330 1652; x_wconf 82' lang='lat'><strong>29.</strong></span> <span class='ocrx_word' id='word_1_319' title='bbox 1365 1605 1435 1652; x_wconf 82' lang='lat' dir='ltr'><strong>Et</strong></span> <span class='ocrx_word' id='word_1_320' title='bbox 1451 1605 1576 1652; x_wconf 83' lang='lat' dir='ltr'><strong>fecit</strong></span> <span class='ocrx_word' id='word_1_321' title='bbox 1593 1604 1642 1652; x_wconf 89' lang='lat' dir='ltr'><strong>ei</strong></span> <span class='ocrx_word' id='word_1_322' title='bbox 1672 1605 1969 1652; x_wconf 88' lang='lat' dir='ltr'><strong>convivium</strong></span> <span class='ocrx_word' id='word_1_323' title='bbox 1985 1619 2091 1652; x_wconf 86' lang='lat' dir='ltr'><strong>ma-</strong></span> 
     </span>
     <span class='ocr_line' id='line_1_68' title="bbox 1182 1673 2100 1732; baseline 0 -14"><span class='ocrx_word' id='word_1_324' title='bbox 1182 1687 1340 1732; x_wconf 83' lang='lat' dir='ltr'><strong>gnum</strong></span> <span class='ocrx_word' id='word_1_325' title='bbox 1355 1673 1485 1720; x_wconf 88' lang='lat' dir='ltr'><strong>Levi</strong></span> <span class='ocrx_word' id='word_1_326' title='bbox 1504 1674 1560 1719; x_wconf 88' lang='lat' dir='ltr'><strong>in</strong></span> <span class='ocrx_word' id='word_1_327' title='bbox 1589 1673 1738 1719; x_wconf 80' lang='lat' dir='ltr'><strong>domo</strong></span> <span class='ocrx_word' id='word_1_328' title='bbox 1759 1687 1877 1730; x_wconf 75' lang='lat' dir='ltr'><strong>sua3</strong></span> <span class='ocrx_word' id='word_1_329' title='bbox 1907 1675 1961 1718; x_wconf 89' lang='lat' dir='ltr'><strong>et</strong></span> <span class='ocrx_word' id='word_1_330' title='bbox 1987 1674 2100 1719; x_wconf 84' lang='lat' dir='ltr'><strong>erat</strong></span> 
     </span>
     <span class='ocr_line' id='line_1_69' title="bbox 1182 1739 2097 1799; baseline -0.002 -13"><span class='ocrx_word' id='word_1_331' title='bbox 1182 1742 1332 1786; x_wconf 86' lang='lat' dir='ltr'><strong>turba</strong></span> <span class='ocrx_word' id='word_1_332' title='bbox 1375 1739 1534 1786; x_wconf 87' lang='lat' dir='ltr'><strong>multa</strong></span> <span class='ocrx_word' id='word_1_333' title='bbox 1576 1740 1988 1799; x_wconf 82' lang='lat' dir='ltr'><strong>publicanorum,</strong></span> <span class='ocrx_word' id='word_1_334' title='bbox 2045 1740 2097 1786; x_wconf 87' lang='lat' dir='ltr'><strong>et</strong></span> 
     </span>
     <span class='ocr_line' id='line_1_70' title="bbox 1184 1806 2095 1866; baseline -0.001 -14"><span class='ocrx_word' id='word_1_335' title='bbox 1184 1806 1398 1854; x_wconf 88' lang='lat' dir='ltr'><strong>aliorum</strong></span> <span class='ocrx_word' id='word_1_336' title='bbox 1414 1838 1428 1866; x_wconf 91' lang='lat'><strong>,</strong></span> <span class='ocrx_word' id='word_1_337' title='bbox 1458 1806 1545 1864; x_wconf 89' lang='lat' dir='ltr'><strong>qui</strong></span> <span class='ocrx_word' id='word_1_338' title='bbox 1572 1821 1682 1852; x_wconf 87' lang='lat' dir='ltr'><strong>cum</strong></span> <span class='ocrx_word' id='word_1_339' title='bbox 1701 1806 1805 1853; x_wconf 81' lang='lat' dir='ltr'><strong>illis</strong></span> <span class='ocrx_word' id='word_1_340' title='bbox 1827 1810 1974 1852; x_wconf 87' lang='lat' dir='ltr'><strong>erant</strong></span> <span class='ocrx_word' id='word_1_341' title='bbox 1991 1806 2095 1852; x_wconf 75' lang='lat' dir='ltr'><strong>dis-</strong></span> 
     </span>
     <span class='ocr_line' id='line_1_71' title="bbox 1185 1876 1494 1921; baseline -0.01 0"><span class='ocrx_word' id='word_1_342' title='bbox 1185 1876 1494 1921; x_wconf 78' lang='lat' dir='ltr'><strong>cumbentes.</strong></span> 
     </span>
    </p>
   </div>
   <div class='ocr_carea' id='block_1_12' title="bbox 1184 1957 2098 2277">
    <p class='ocr_par' dir='ltr' id='par_1_23' title="bbox 1184 1957 2098 2277">
     <span class='ocr_line' id='line_1_72' title="bbox 1254 1957 2098 2005; baseline 0 0"><span class='ocrx_word' id='word_1_343' title='bbox 1254 1959 1334 2005; x_wconf 82' lang='lat'><strong>3⁰.</strong></span> <span class='ocrx_word' id='word_1_344' title='bbox 1370 1958 1440 2004; x_wconf 85' lang='lat' dir='ltr'><strong>Et</strong></span> <span class='ocrx_word' id='word_1_345' title='bbox 1450 1957 2098 2005; x_wconf 75' lang='lat' dir='ltr'><strong>murmurabantPharisaei</strong></span> 
     </span>
     <span class='ocr_line' id='line_1_73' title="bbox 1185 2025 2098 2085; baseline -0.004 -10"><span class='ocrx_word' id='word_1_346' title='bbox 1185 2028 1238 2075; x_wconf 84' lang='lat' dir='ltr'><strong>et</strong></span> <span class='ocrx_word' id='word_1_347' title='bbox 1273 2027 1482 2074; x_wconf 88' lang='lat' dir='ltr'><strong>Scribae</strong></span> <span class='ocrx_word' id='word_1_348' title='bbox 1519 2038 1722 2085; x_wconf 86' lang='lat' dir='ltr'><strong>eorum,</strong></span> <span class='ocrx_word' id='word_1_349' title='bbox 1771 2025 1996 2073; x_wconf 76' lang='lat' dir='ltr'><strong>dicentes</strong></span> <span class='ocrx_word' id='word_1_350' title='bbox 2033 2025 2098 2071; x_wconf 81' lang='lat' dir='ltr'><strong>ad</strong></span> 
     </span>
     <span class='ocr_line' id='line_1_74' title="bbox 1186 2094 2097 2153; baseline 0 -12"><span class='ocrx_word' id='word_1_351' title='bbox 1186 2094 1461 2153; x_wconf 71' lang='lat' dir='ltr'><strong>discipulos</strong></span> <span class='ocrx_word' id='word_1_352' title='bbox 1477 2094 1619 2151; x_wconf 77' lang='lat' dir='ltr'><strong>ejus:</strong></span> <span class='ocrx_word' id='word_1_353' title='bbox 1662 2094 1830 2148; x_wconf 73' lang='lat' dir='ltr'><strong>Quare</strong></span> <span class='ocrx_word' id='word_1_354' title='bbox 1860 2107 1974 2141; x_wconf 85' lang='lat' dir='ltr'><strong>cum</strong></span> <span class='ocrx_word' id='word_1_355' title='bbox 1999 2109 2097 2152; x_wconf 86' lang='lat' dir='ltr'><strong>pu·-</strong></span> 
     </span>
     <span class='ocr_line' id='line_1_75' title="bbox 1184 2162 2097 2219; baseline -0.001 -10"><span class='ocrx_word' id='word_1_356' title='bbox 1184 2162 1397 2210; x_wconf 69' lang='lat' dir='ltr'><strong>blicani:</strong></span> <span class='ocrx_word' id='word_1_357' title='bbox 1427 2164 1479 2208; x_wconf 84' lang='lat' dir='ltr'><strong>et</strong></span> <span class='ocrx_word' id='word_1_358' title='bbox 1505 2163 1857 2219; x_wconf 74' lang='lat' dir='ltr'><strong>peccatoribus</strong></span> <span class='ocrx_word' id='word_1_359' title='bbox 1883 2162 2097 2208; x_wconf 86' lang='lat' dir='ltr'><strong>mandu-</strong></span> 
     </span>
     <span class='ocr_line' id='line_1_76' title="bbox 1185 2229 1602 2277; baseline -0.005 0"><span class='ocrx_word' id='word_1_360' title='bbox 1185 2230 1312 2277; x_wconf 72' lang='lat' dir='ltr'><strong>catis</strong></span> <span class='ocrx_word' id='word_1_361' title='bbox 1333 2233 1385 2276; x_wconf 87' lang='lat' dir='ltr'><strong>et</strong></span> <span class='ocrx_word' id='word_1_362' title='bbox 1401 2229 1602 2277; x_wconf 61' lang='lat' dir='ltr'><strong>bibitis?</strong></span> 
     </span>
    </p>
   </div>
   <div class='ocr_carea' id='block_1_13' title="bbox 1184 2313 2100 2709">
    <p class='ocr_par' dir='ltr' id='par_1_24' title="bbox 1184 2313 2100 2709">
     <span class='ocr_line' id='line_1_77' title="bbox 1254 2313 2100 2373; baseline 0 -14"><span class='ocrx_word' id='word_1_363' title='bbox 1254 2316 1334 2360; x_wconf 81' lang='lat'><strong>31.</strong></span> <span class='ocrx_word' id='word_1_364' title='bbox 1370 2314 1439 2360; x_wconf 87' lang='lat' dir='ltr'><strong>Et</strong></span> <span class='ocrx_word' id='word_1_365' title='bbox 1455 2314 1772 2372; x_wconf 75' lang='lat' dir='ltr'><strong>respondens</strong></span> <span class='ocrx_word' id='word_1_366' title='bbox 1783 2313 2100 2373; x_wconf 74' lang='lat' dir='ltr'><strong>Jesus,dixit</strong></span> 
     </span>
     <span class='ocr_line' id='line_1_78' title="bbox 1186 2381 2100 2441; baseline -0.003 -13"><span class='ocrx_word' id='word_1_367' title='bbox 1186 2382 1250 2428; x_wconf 86' lang='lat' dir='ltr'><strong>ad</strong></span> <span class='ocrx_word' id='word_1_368' title='bbox 1285 2381 1430 2428; x_wconf 78' lang='lat' dir='ltr'><strong>illos:</strong></span> <span class='ocrx_word' id='word_1_369' title='bbox 1481 2383 1600 2428; x_wconf 89' lang='lat' dir='ltr'><strong>Non</strong></span> <span class='ocrx_word' id='word_1_370' title='bbox 1638 2383 1818 2441; x_wconf 87' lang='lat' dir='ltr'><strong>egent,</strong></span> <span class='ocrx_word' id='word_1_371' title='bbox 1865 2382 1951 2439; x_wconf 88' lang='lat' dir='ltr'><strong>qui</strong></span> <span class='ocrx_word' id='word_1_372' title='bbox 1987 2382 2100 2427; x_wconf 75' lang='lat' dir='ltr'><strong>sani</strong></span> 
     </span>
     <span class='ocr_line' id='line_1_79' title="bbox 1185 2447 2098 2509; baseline -0.003 -14"><span class='ocrx_word' id='word_1_373' title='bbox 1185 2452 1330 2508; x_wconf 72' lang='lat' dir='ltr'><strong>aunt,</strong></span> <span class='ocrx_word' id='word_1_374' title='bbox 1355 2448 1579 2509; x_wconf 84' lang='lat' dir='ltr'><strong>medico,</strong></span> <span class='ocrx_word' id='word_1_375' title='bbox 1609 2450 1700 2495; x_wconf 76' lang='lat' dir='ltr'><strong>sed</strong></span> <span class='ocrx_word' id='word_1_376' title='bbox 1729 2449 1815 2505; x_wconf 86' lang='lat' dir='ltr'><strong>qui</strong></span> <span class='ocrx_word' id='word_1_377' title='bbox 1843 2447 1974 2493; x_wconf 85' lang='lat' dir='ltr'><strong>male</strong></span> <span class='ocrx_word' id='word_1_378' title='bbox 2005 2448 2098 2493; x_wconf 84' lang='lat' dir='ltr'><strong>ha-</strong></span> 
     </span>
     <span class='ocr_line' id='line_1_80' title="bbox 1184 2520 2099 2642; baseline -0.003 -13"><span class='ocrx_word' id='word_1_379' title='bbox 1184 2520 1335 2629; x_wconf 60' lang='lat' dir='ltr'><strong>he3t2’.</strong></span> <span class='ocrx_word' id='word_1_380' title='bbox 1376 2596 1484 2629; x_wconf 88' lang='lat' dir='ltr'><strong>non</strong></span> <span class='ocrx_word' id='word_1_381' title='bbox 1529 2584 1652 2630; x_wconf 86' lang='lat' dir='ltr'><strong>veni</strong></span> <span class='ocrx_word' id='word_1_382' title='bbox 1687 2595 1879 2629; x_wconf 83' lang='lat' dir='ltr'><strong>vocare</strong></span> <span class='ocrx_word' id='word_1_383' title='bbox 1911 2581 2099 2642; x_wconf 73' lang='lat' dir='ltr'><strong>justos,</strong></span> 
     </span>
     <span class='ocr_line' id='line_1_81' title="bbox 1187 2649 2076 2709; baseline -0.003 -11"><span class='ocrx_word' id='word_1_384' title='bbox 1187 2650 1278 2699; x_wconf 72' lang='lat' dir='ltr'><strong>sed</strong></span> <span class='ocrx_word' id='word_1_385' title='bbox 1294 2656 1593 2709; x_wconf 75' lang='lat' dir='ltr'><strong>peccatores</strong></span> <span class='ocrx_word' id='word_1_386' title='bbox 1613 2650 1676 2697; x_wconf 84' lang='lat' dir='ltr'><strong>ad</strong></span> <span class='ocrx_word' id='word_1_387' title='bbox 1694 2649 2076 2708; x_wconf 79' lang='lat' dir='ltr'><strong>poenitentiam.</strong></span> 
     </span>
    </p>
   </div>
   <div class='ocr_carea' id='block_1_14' title="bbox 1256 2734 2099 2783">
    <p class='ocr_par' dir='ltr' id='par_1_25' title="bbox 1256 2734 2099 2783">
     <span class='ocr_line' id='line_1_82' title="bbox 1256 2734 2099 2783; baseline -0.004 0"><span class='ocrx_word' id='word_1_388' title='bbox 1256 2736 1336 2783; x_wconf 81' lang='lat'><strong>33.</strong></span> <span class='ocrx_word' id='word_1_389' title='bbox 1371 2735 1543 2782; x_wconf 79' lang='lat' dir='ltr'><strong>Atini</strong></span> <span class='ocrx_word' id='word_1_390' title='bbox 1579 2735 1822 2780; x_wconf 86' lang='lat' dir='ltr'><strong>dixerunt</strong></span> <span class='ocrx_word' id='word_1_391' title='bbox 1859 2734 1923 2779; x_wconf 87' lang='lat' dir='ltr'><strong>ad</strong></span> <span class='ocrx_word' id='word_1_392' title='bbox 1959 2748 2099 2783; x_wconf 84' lang='lat' dir='ltr'><strong>eum:</strong></span> 
     </span>
    </p>
   </div>
   <div class='ocr_carea' id='block_1_15' title="bbox 1147 2788 2104 2860">
    <p class='ocr_par' dir='ltr' id='par_1_26' title="bbox 1147 2788 2104 2860">
     <span class='ocr_line' id='line_1_83' title="bbox 1147 2788 2104 2860; baseline 0 -11"><span class='ocrx_word' id='word_1_393' title='bbox 1147 2788 1149 2795; x_wconf 55' lang='grc'><strong>’</strong></span> <span class='ocrx_word' id='word_1_394' title='bbox 1191 2804 1360 2858; x_wconf 73' lang='lat' dir='ltr'><strong>Quare</strong></span> <span class='ocrx_word' id='word_1_395' title='bbox 1381 2801 1615 2860; x_wconf 81' lang='lat' dir='ltr'><strong>discipuli</strong></span> <span class='ocrx_word' id='word_1_396' title='bbox 1634 2802 1665 2845; x_wconf 85' lang='lat' dir='ltr'><strong>J</strong></span> <span class='ocrx_word' id='word_1_397' title='bbox 1669 2800 1850 2845; x_wconf 72' lang='lat' dir='ltr'><strong>oannis</strong></span> <span class='ocrx_word' id='word_1_398' title='bbox 1865 2800 2104 2860; x_wconf 85' lang='lat' dir='ltr'><strong>jejunant</strong></span> 
     </span>
    </p>
   </div>
   <div class='ocr_carea' id='block_1_16' title="bbox 1187 2869 2102 3064">
    <p class='ocr_par' dir='ltr' id='par_1_27' title="bbox 1187 2869 2102 3064">
     <span class='ocr_line' id='line_1_84' title="bbox 1187 2869 2100 2928; baseline 0.001 -11"><span class='ocrx_word' id='word_1_399' title='bbox 1187 2872 1512 2928; x_wconf 82' lang='lat' dir='ltr'><strong>frequenter,</strong></span> <span class='ocrx_word' id='word_1_400' title='bbox 1544 2870 1594 2914; x_wconf 84' lang='lat' dir='ltr'><strong>et</strong></span> <span class='ocrx_word' id='word_1_401' title='bbox 1623 2869 2002 2917; x_wconf 73' lang='lat' dir='ltr'><strong>obnecrationes</strong></span> <span class='ocrx_word' id='word_1_402' title='bbox 2021 2874 2100 2918; x_wconf 87' lang='lat' dir='ltr'><strong>fa-</strong></span> 
     </span>
     <span class='ocr_line' id='line_1_85' title="bbox 1191 2936 2102 2995; baseline -0.003 -10"><span class='ocrx_word' id='word_1_403' title='bbox 1191 2938 1347 2995; x_wconf 88' lang='lat' dir='ltr'><strong>ciunt,</strong></span> <span class='ocrx_word' id='word_1_404' title='bbox 1369 2936 1603 2982; x_wconf 77' lang='lat' dir='ltr'><strong>similiter</strong></span> <span class='ocrx_word' id='word_1_405' title='bbox 1623 2937 1674 2981; x_wconf 81' lang='lat' dir='ltr'><strong>et</strong></span> <span class='ocrx_word' id='word_1_406' title='bbox 1683 2936 2102 2986; x_wconf 61' lang='lat' dir='ltr'><strong>Pharisaeorum?</strong></span> 
     </span>
     <span class='ocr_line' id='line_1_86' title="bbox 1188 3001 1940 3064; baseline 0.001 -13"><span class='ocrx_word' id='word_1_407' title='bbox 1188 3005 1266 3051; x_wconf 87' lang='lat' dir='ltr'><strong>tui</strong></span> <span class='ocrx_word' id='word_1_408' title='bbox 1284 3005 1452 3050; x_wconf 88' lang='lat' dir='ltr'><strong>autem</strong></span> <span class='ocrx_word' id='word_1_409' title='bbox 1472 3001 1643 3064; x_wconf 86' lang='lat' dir='ltr'><strong>edunt,</strong></span> <span class='ocrx_word' id='word_1_410' title='bbox 1665 3007 1717 3050; x_wconf 86' lang='lat' dir='ltr'><strong>et</strong></span> <span class='ocrx_word' id='word_1_411' title='bbox 1732 3004 1940 3052; x_wconf 57' lang='lat' dir='ltr'><strong>bibunt?</strong></span> 
     </span>
    </p>
   </div>
   <div class='ocr_carea' id='block_1_17' title="bbox 1261 3087 2107 3147">
    <p class='ocr_par' dir='ltr' id='par_1_28' title="bbox 1261 3087 2107 3147">
     <span class='ocr_line' id='line_1_87' title="bbox 1261 3087 2107 3147; baseline -0.002 -12"><span class='ocrx_word' id='word_1_412' title='bbox 1261 3088 1341 3135; x_wconf 79' lang='lat'><strong>34.</strong></span> <span class='ocrx_word' id='word_1_413' title='bbox 1381 3087 1571 3141; x_wconf 75' lang='lat' dir='ltr'><strong>Quibus</strong></span> <span class='ocrx_word' id='word_1_414' title='bbox 1592 3088 1700 3147; x_wconf 77' lang='lat' dir='ltr'><strong>ipse</strong></span> <span class='ocrx_word' id='word_1_415' title='bbox 1729 3088 1824 3136; x_wconf 87' lang='lat' dir='ltr'><strong>ait:</strong></span> <span class='ocrx_word' id='word_1_416' title='bbox 1853 3087 2107 3145; x_wconf 87' lang='lat' dir='ltr'><strong>Numquid</strong></span> 
     </span>
    </p>
   </div>
   <div class='ocr_carea' id='block_1_18' title="bbox 1190 3194 2102 3287">
    <p class='ocr_par' dir='ltr' id='par_1_29' title="bbox 1190 3194 2102 3287">
     <span class='ocr_line' id='line_1_88' title="bbox 1239 3194 2102 3243; baseline -0.002 -9"><span class='ocrx_word' id='word_1_417' title='bbox 1239 3196 1309 3234; x_wconf 70' lang='lat' dir='ltr'><strong>lv.</strong></span> <span class='ocrx_word' id='word_1_418' title='bbox 1336 3200 1505 3237; x_wconf 77' lang='lat'><strong>27—39.</strong></span> <span class='ocrx_word' id='word_1_419' title='bbox 1553 3197 1700 3238; x_wconf 77' lang='lat' dir='ltr'><strong>Matth.</strong></span> <span class='ocrx_word' id='word_1_420' title='bbox 1725 3203 1763 3243; x_wconf 80' lang='grc'><strong>9,</strong></span> <span class='ocrx_word' id='word_1_421' title='bbox 1779 3202 1926 3237; x_wconf 74' lang='grc'><strong>9-17,</strong></span> <span class='ocrx_word' id='word_1_422' title='bbox 1974 3194 2102 3232; x_wconf 70' lang='lat' dir='ltr'><strong>Marc.</strong></span> 
     </span>
     <span class='ocr_line' id='line_1_89' title="bbox 1190 3247 1418 3287; baseline 0.009 -6"><span class='ocrx_word' id='word_1_423' title='bbox 1190 3247 1228 3287; x_wconf 83' lang='lat'><strong>2,</strong></span> <span class='ocrx_word' id='word_1_424' title='bbox 1249 3248 1418 3283; x_wconf 77' lang='lat'><strong>13—22.</strong></span> 
     </span>
    </p>
   </div>
   <div class='ocr_carea' id='block_1_19' title="bbox 204 3375 2104 3563">
    <p class='ocr_par' dir='ltr' id='par_1_30' title="bbox 204 3375 2104 3563">
     <span class='ocr_line' id='line_1_90' title="bbox 243 3375 2104 3447; baseline -0.001 -13"><span class='ocrx_word' id='word_1_425' title='bbox 243 3375 259 3389; x_wconf 55' lang='grc'>’</span> <span class='ocrx_word' id='word_1_426' title='bbox 326 3392 442 3447; x_wconf 80' lang='lat' dir='ltr'><strong>Cap.</strong></span> <span class='ocrx_word' id='word_1_427' title='bbox 472 3390 533 3433; x_wconf 82' lang='lat' dir='ltr'><strong>V.</strong></span> <span class='ocrx_word' id='word_1_428' title='bbox 592 3396 659 3435; x_wconf 85' lang='grc'><strong>17.</strong></span> <span class='ocrx_word' id='word_1_429' title='bbox 692 3394 837 3435; x_wconf 68' lang='lat' dir='ltr'><strong>virtus</strong></span> <span class='ocrx_word' id='word_1_430' title='bbox 876 3396 976 3437; x_wconf 80' lang='lat' dir='ltr'><strong>erat</strong></span> <span class='ocrx_word' id='word_1_431' title='bbox 1005 3394 1206 3437; x_wconf 84' lang='lat' dir='ltr'><strong>Domini.</strong></span> <span class='ocrx_word' id='word_1_432' title='bbox 1285 3398 1354 3439; x_wconf 71' lang='lat'><strong>19.</strong></span> <span class='ocrx_word' id='word_1_433' title='bbox 1389 3394 1510 3439; x_wconf 73' lang='lat' dir='ltr'><strong>Ordo</strong></span> <span class='ocrx_word' id='word_1_434' title='bbox 1541 3394 1616 3439; x_wconf 70' lang='lat' dir='ltr'><strong>hic</strong></span> <span class='ocrx_word' id='word_1_435' title='bbox 1645 3402 1734 3439; x_wconf 75' lang='lat' dir='ltr'><strong>est.-</strong></span> <span class='ocrx_word' id='word_1_436' title='bbox 1773 3405 1910 3447; x_wconf 73' lang='lat' dir='ltr'><strong>supra</strong></span> <span class='ocrx_word' id='word_1_437' title='bbox 1935 3396 2104 3434; x_wconf 85' lang='lat' dir='ltr'><strong>tectum</strong></span> 
     </span>
     <span class='ocr_line' id='line_1_91' title="bbox 204 3446 2101 3508; baseline -0.001 -17"><span class='ocrx_word' id='word_1_438' title='bbox 204 3460 299 3504; x_wconf 75' lang='lat' dir='ltr'><strong>per</strong></span> <span class='ocrx_word' id='word_1_439' title='bbox 323 3447 509 3501; x_wconf 70' lang='lat' dir='ltr'><strong>tegulas</strong></span> <span class='ocrx_word' id='word_1_440' title='bbox 539 3452 587 3489; x_wconf 86' lang='lat' dir='ltr'><strong>et</strong></span> <span class='ocrx_word' id='word_1_441' title='bbox 621 3450 936 3492; x_wconf 70' lang='lat' dir='ltr'><strong>summiserunt</strong></span> <span class='ocrx_word' id='word_1_442' title='bbox 964 3448 1109 3493; x_wconf 77' lang='lat' dir='ltr'><strong>illum·</strong></span> <span class='ocrx_word' id='word_1_443' title='bbox 1178 3454 1250 3494; x_wconf 82' lang='lat'><strong>24.</strong></span> <span class='ocrx_word' id='word_1_444' title='bbox 1289 3455 1565 3508; x_wconf 73' lang='lat' dir='ltr'><strong>potestatem</strong></span> <span class='ocrx_word' id='word_1_445' title='bbox 1597 3451 1749 3494; x_wconf 79' lang='lat' dir='ltr'><strong>hahet.</strong></span> <span class='ocrx_word' id='word_1_446' title='bbox 1817 3452 1886 3489; x_wconf 78' lang='lat'><strong>25.</strong></span> <span class='ocrx_word' id='word_1_447' title='bbox 1925 3446 2032 3489; x_wconf 79' lang='lat' dir='ltr'><strong>tulit</strong></span> <span class='ocrx_word' id='word_1_448' title='bbox 2057 3448 2101 3490; x_wconf 82' lang='lat' dir='ltr'><strong>in</strong></span> 
     </span>
     <span class='ocr_line' id='line_1_92' title="bbox 207 3503 1896 3563; baseline -0.002 -16"><span class='ocrx_word' id='word_1_449' title='bbox 207 3517 301 3559; x_wconf 80' lang='lat' dir='ltr'><strong>qno</strong></span> <span class='ocrx_word' id='word_1_450' title='bbox 315 3503 509 3557; x_wconf 78' lang='lat' dir='ltr'><strong>jacebat</strong></span> <span class='ocrx_word' id='word_1_451' title='bbox 530 3504 699 3559; x_wconf 72' lang='lat' dir='ltr'><strong>(omiss.</strong></span> <span class='ocrx_word' id='word_1_452' title='bbox 719 3503 925 3560; x_wconf 76' lang='lat' dir='ltr'><strong>lectum).</strong></span> <span class='ocrx_word' id='word_1_453' title='bbox 983 3508 1053 3549; x_wconf 89' lang='grc'><strong>27.</strong></span> <span class='ocrx_word' id='word_1_454' title='bbox 1085 3503 1329 3551; x_wconf 83' lang='lat' dir='ltr'><strong>teloneum.</strong></span> <span class='ocrx_word' id='word_1_455' title='bbox 1387 3510 1458 3549; x_wconf 76' lang='lat'><strong>32.</strong></span> <span class='ocrx_word' id='word_1_456' title='bbox 1487 3509 1535 3549; x_wconf 83' lang='lat' dir='ltr'><strong>in</strong></span> <span class='ocrx_word' id='word_1_457' title='bbox 1555 3504 1896 3563; x_wconf 80' lang='lat' dir='ltr'><strong>paenitentiam.</strong></span> 
     </span>
    </p>
   </div>
   <div class='ocr_carea' id='block_1_20' title="bbox 1582 3566 1626 3611">
    <p class='ocr_par' dir='ltr' id='par_1_31' title="bbox 1582 3566 1626 3611">
     <span class='ocr_line' id='line_1_93' title="bbox 1582 3566 1626 3611; baseline 0 0"><span class='ocrx_word' id='word_1_458' title='bbox 1582 3566 1626 3611; x_wconf 88' lang='lat' dir='ltr'>E</span> 
     </span>
    </p>
   </div>
  </div>
 </body>
</html>
