2376 3925
948 692 1508 747 SANCTUM

390 835 924 924 JESU
1071 827 2074 918 CHRISTI

746 1009 1714 1081 EVANGELIUM

986 1170 1469 1216 SECUNDUM

680 1309 757 1376 L
923 1307 1004 1377 Ι]
1173 1301 1242 1374 (3
1406 1301 1495 1370 A
1659 1299 1777 1368 nl.

609 1657 778 1710 CAP.
834 1657 875 1707 1.

288 1764 361 1806 De
380 1761 573 1804 Joannis
600 1760 841 1815 Baptistae
860 1758 985 1800 vitae
1004 1757 1199 1810 primor-

290 1819 394 1864 diis.
457 1816 627 1860 Christi
646 1815 865 1858 nativitas
885 1813 1198 1856 adnuntiatur.

289 1875 438 1917 Maria
456 1871 703 1916 Elisabeth
723 1876 957 1924 cognatam
978 1869 1106 1910 domo
1126 1867 1200 1908 fa-

288 1930 529 1975 miliariter
556 1929 669 1973 adit·
728 1925 947 1970 Nascitur
981 1924 1198 1968 Joannes.

484 1984 736 2029 Zachariae
764 1984 1003 2027 canticum.

357 2108 406 2149 1.
444 2078 717 2163 Quoniam
736 2099 938 2156 quidem
950 2096 1095 2143 multi
1109 2109 1201 2142 co·-

289 2170 399 2216 nati
417 2171 535 2215 sunt
558 2169 803 2221 ,ordinare
832 2164 1200 2223 narrationem,

290 2250 419 2295 quae
446 2235 503 2281 in
538 2235 686 2282 nobis
737 2232 1017 2292 completae
1064 2233 1200 2290 sunt,

288 2317 491 2361 rerum3

358 2374 407 2418 2.
442 2368 900 2418 sicuttradiderunt
909 2364 1204 2426 nobis‚qui²

293 2444 355 2489 ab
383 2439 531 2486 initio
561 2436 659 2496 ipsi
685 2436 950 2494 viderunt,
980 2437 1032 2481 et
1048 2433 1203 2479 mini-

292 2508 387 2556 stri
404 2509 611 2555 fuerunt
628 2504 877 2552 sermoni
892 2517 907 2561 ς

360 2578 407 2623 3.
442 2576 605 2622 visum
629 2574 707 2619 est
724 2573 777 2619 et
792 2570 946 2630 mihi,
968 2569 1201 2615 assecuto

292 2643 464 2690 omnia
482 2656 513 2690 a
530 2639 781 2702 principio
804 2638 1102 2697 diligenter,
1133 2648 1204 2682 ex

294 2711 473 2757 ordine
491 2711 584 2759 tibi
604 2709 845 2767 scribere,
863 2705 1051 2764 optime
1063 2704 1202 2749 The-

294 2776 522 2835 aphilea!

356 2845 407 2889 4.
441 2846 499 2889 ut
517 2857 797 2904 cognoscas
818 2854 995 2891 eorum
1012 2840 1203 2887 verbo-

291 2924 421 2970 rum,
444 2910 504 2957 de
523 2913 699 2969 quibus
720 2912 945 2959 eruditus
968 2921 1039 2969 es,
1062 2906 1202 2954 veri-

292 2980 461 3026 tatem.

362 3050 409 3093 5.
444 3044 564 3091 Fuit
580 3044 636 3091 in
655 3042 829 3091 diebus
856 3044 1095 3103 Herodis,
1114 3056 1202 3088 re-

294 3117 373 3175 gis
409 3115 440 3160 J
444 3113 659 3171 udaeae,
708 3112 958 3159 Sacerdos
1004 3111 1205 3170 quidam

293 3183 501 3229 nomine
520 3179 809 3239 Zacharias,
823 3179 884 3226 de
902 3178 1182 3226 viceAbia⁹

292 3277 503 3364 10‘}910h.
521 3280 558 3320 1,
576 3280 615 3314 1.
662 3282 687 3303 '⁸
702 3275 795 3315 Act.
813 3279 851 3318 1,
868 3280 905 3313 1.
950 3281 972 3301 “
988 3279 1009 3312 1
1027 3274 1121 3311 Par.
1138 3276 1201 3316 25,

1269 1658 1322 1702 et
1338 1668 1476 1700 uxor
1501 1653 1640 1700 illius
1672 1653 1729 1698 de
1755 1651 1952 1698 filiabus
1983 1653 2186 1712 Aaron,

1271 1725 1324 1769 et
1339 1736 1532 1768 nomen
1553 1722 1663 1779 ejus
1682 1719 1959 1766 Elisabeth.

1337 1793 1384 1835 6.
1423 1790 1587 1835 Erant
1639 1791 1806 1834 autem
1853 1787 1983 1844 justi
2036 1791 2184 1835 ambo

1269 1860 1386 1905 ante
1406 1857 1595 1914 Deum,
1625 1855 1920 1902 incedentes
1941 1854 1994 1900 in
2016 1856 2184 1901 omni-

1269 1928 1360 1973 bus
1386 1924 1632 1972 mandatis
1663 1926 1715 1970 et
1735 1922 2185 1983 justificationibus

1266 1994 1476 2039 Domini
1496 1994 1606 2039 sine
1627 1991 1852 2050 querela.

1337 2062 1384 2105 7.
1420 2061 1488 2107 Et
1515 2074 1620 2107 non
1653 2062 1764 2105 erat
1794 2059 1898 2106 illis
1927 2060 2086 2120 filius,
2117 2075 2186 2107 eo

1269 2127 1405 2185 quod
1434 2130 1568 2175 esset
1594 2127 1855 2174 Elisabeth
1887 2128 2102 2187 sterilis,
2134 2130 2190 2174 et

1270 2199 1415 2242 ambo
1474 2196 1850 2254 processissent
1905 2195 1961 2241 in
2008 2195 2187 2242 diebus

1271 2277 1392 2311 suls.

1337 2335 1384 2377 8.
1419 2332 1632 2378 Factum
1652 2332 1730 2377 est
1748 2334 1933 2389 autem,
1956 2345 2070 2377 cum
2090 2332 2188 2377 Sa-

1272 2399 1500 2446 certiotio
1545 2401 1846 2456 fungeretur
1892 2399 1946 2445 in
2002 2398 2188 2446 ordine

1272 2467 1398 2515 vicis
1419 2480 1540 2513 suae
1560 2469 1678 2511 aute
1696 2467 1878 2526 Deum,

1338 2537 1385 2580 9.
1430 2533 1706 2581 secundum
1762 2534 2191 2581 consuetudinem

1272 2601 1572 2660 sacerdotii,
1593 2601 1728 2647 forte
1749 2600 1905 2659 exiit,
1926 2603 1985 2647 ut
2001 2602 2187 2647 incen-

1271 2683 1381 2715 sum
1398 2673 1643 2728 poneret,
1675 2668 2026 2727 ingressus-in
2054 2672 2190 2716 tem-

1270 2737 1407 2795 plum
1423 2735 1632 2783 Domini
1646 2750 1661 2792 ;

1337 2806 1418 2851 10.
1455 2807 1508 2851 et
1527 2803 1690 2849 omnis
1717 2802 1986 2850 multitudo
2007 2802 2190 2863 populi

1271 2875 1380 2919 erat
1401 2885 1553 2918 orans
1574 2872 1702 2917 foris
1713 2875 1752 2899 ‘⁰
1769 2872 1898 2916 hora
1915 2870 2130 2917 incensi.

1338 2942 1420 2985 11.
1455 2938 1703 2997 Apparuit
1722 2940 1890 2984 autem
1908 2937 1988 2983 illi
2007 2939 2186 2997 Ange-

1270 3007 1348 3054 lus
1367 3006 1600 3066 Domini,
1623 3008 1761 3053 stans
1783 3019 1813 3052 a
1833 3003 2032 3053 dextris
2053 3006 2191 3053 alta-

1268 3076 1378 3122 ris-⁹
1395 3073 1606 3122 incensi.

1337 3144 1418 3188 12.
1453 3142 1522 3188 Et
1548 3141 1819 3188 Zacharias
1844 3141 2078 3187 turbatus
2107 3140 2194 3186 est

1185 3191 1200 3235 3
1269 3210 1467 3269 videns,
1479 3212 1530 3255 et
1546 3208 1699 3256 timor
1717 3208 1867 3255 irruit
1885 3220 2190 3267 supereum.

1316 3326 1348 3345 w
1365 3316 1500 3355 Levit.
1517 3320 1579 3363 16,
1598 3323 1657 3358 17.
1706 3326 1734 3346 θ
1748 3318 1882 3356 Exod.
1897 3322 1962 3361 30,
1979 3323 2015 3356 1.
2037 3329 2128 3367 sqq.

412 3472 524 3526 Cap.
554 3471 592 3513 1.
650 3474 691 3514 3.
722 3482 750 3511 a
777 3471 1003 3525 principio
1034 3472 1195 3514 omnia.
1256 3473 1295 3512 5.
1325 3481 1444 3513 uxor
1462 3466 1559 3520 illi;
1589 3466 1696 3512 ibid.
1719 3465 1942 3511 Elisabet.
2001 3472 2041 3512 6.
2077 3482 2196 3523 que-

299 3524 426 3566 rella.
485 3530 525 3567 ¹1.
557 3526 749 3569 stet-elis.
