2376 3925
842 143 1125 196 Lucas.

1198 147 1240 197 C
1252 148 1368 199 ΑΡ.
1408 151 1456 202 9.
1995 163 2094 212 107

200 213 2099 250 ——-———-————————--—-——-..

204 240 407 297 turbae,
420 242 623 286 secutae
642 245 761 288 sunt
778 243 918 292 illum
932 259 947 302 3
960 248 1010 292 et
1020 259 1117 292 ex-

205 305 349 362 cepit
376 319 493 364 eos,
532 309 585 352 et
600 307 897 365 loquebatur
926 312 1029 358 illis
1058 313 1117 360 de

202 385 373 430 regno
394 373 508 432 Dei,
532 377 585 420 et
604 389 693 422 eos
704 407 719 436 ,
740 378 823 434 qui
844 393 964 425 cura
980 381 1116 426 indi-

205 442 415 498 gebant,
438 443 663 488 sanabat.

273 509 356 553 12.
375 508 503 554 Dies
524 512 689 556 autem
707 516 946 570 coeperat
958 514 1115 562 decli-

202 587 348 620 nare.
418 575 491 621 Et
524 577 819 625 accedentes
852 581 1117 630 duodecim

204 641 456 688 dixerunt
472 643 573 689 illi:
605 645 813 692 Dimitte
831 648 1027 696 turbas!
1058 653 1117 696 ut

202 711 385 756 euntes
406 710 462 756 in
475 712 696 772 castella,
708 714 975 775 villasque,
988 731 1115 774 quae

200 777 340 824 circa
350 779 486 837 sunt,
498 777 770 840 divertant,
783 786 834 828 et
848 783 1117 831 inveniant

200 857 375 902 escas3
419 846 537 902 quia
572 847 655 893 hic
683 848 739 893 in
763 849 881 896 loco
912 851 1113 899 deserto

200 925 390 958 sumus.

276 979 355 1025 13.
388 981 475 1027 Ait
507 985 676 1028 autem
712 983 775 1031 ad
812 985 959 1032 illos:
1007 988 1113 1032 Vos

201 1048 324 1092 date
340 1047 441 1093 illis
452 1049 756 1097 manducare
770 1050 780 1097 Ξ
792 1054 859 1098 At
877 1052 955 1098 illi
964 1053 1112 1100 dixe-

197 1116 346 1160 runt:
369 1115 485 1162 Non
504 1120 621 1163 sunt
641 1119 791 1165 nobis
812 1119 943 1179 plus,
964 1135 1113 1177 quam

199 1181 423 1240 quinque
462 1196 615 1241 panes
629 1216 643 1244 ,
691 1189 743 1232 et
783 1187 881 1233 duo
918 1188 1108 1252 pisces3

195 1250 302 1295 nisi
320 1252 459 1296 forte
476 1265 572 1297 nos
592 1266 762 1299 eamus
777 1285 791 1313 ,
822 1257 872 1300 et
890 1269 1109 1302 emamus

197 1317 253 1362 in
274 1331 478 1364 omnem
496 1319 623 1366 hanc
643 1323 839 1368 turbam
858 1336 1017 1370 escas.

266 1387 349 1430 14.
367 1385 533 1432 Erant
542 1390 709 1433 autem
726 1390 836 1434 fere
850 1390 949 1436 viri
960 1391 1109 1448 quin-

196 1466 297 1510 que
325 1452 499 1499 millia.
567 1455 653 1500 Ait
682 1459 849 1502 autem
867 1458 929 1502 ad
955 1458 1107 1505 disci-

192 1519 349 1578 pulos
368 1534 512 1567 suos:
540 1520 718 1569 Facite
748 1524 865 1570 illos
890 1525 1107 1572 discum-

191 1589 319 1633 bere
338 1601 429 1645 per
450 1590 689 1636 convivia
710 1592 1105 1650 quinquagenos.

267 1656 352 1700 15.
384 1655 453 1701 Et
487 1657 556 1702 ita
592 1659 839 1704 fecerunt.
896 1660 965 1706 Et
1002 1661 1105 1708 dis-

194 1723 437 1768 cumbere
457 1725 685 1771 iecerunt
705 1740 897 1772 omnes.

268 1791 352 1834 16.
405 1791 631 1849 Acceptis
676 1795 843 1839 autem
885 1792 1105 1850 quinque

188 1855 413 1916 panibus
442 1860 494 1904 et
520 1859 712 1906 duobus
741 1860 989 1918 piscibus,
1018 1875 1104 1908 re-

192 1924 371 1983 spexit
404 1925 459 1971 in
497 1927 714 1986 coelum,
754 1929 805 1974 et
842 1927 1107 1975 benedixit

190 1993 323 2051 illis3
348 1996 586 2054 etfregit,
610 1998 661 2042 et
680 1996 933 2043 distribuit
950 1996 1101 2043 disci-

189 2060 326 2118 pulis
346 2061 451 2107 suis
464 2092 479 2121 ,
510 2064 566 2108 ut
584 2066 837 2121 ponerent
853 2066 971 2111 ante
990 2067 1101 2112 tur—

189 2128 299 2175 bas.

261 2196 339 2241 17.
366 2196 436 2242 Et
453 2196 887 2245 manducaverunt
905 2212 1098 2260 omnes,

192 2265 247 2309 et
283 2264 493 2310 saturati
530 2268 662 2310 sunt.
747 2265 815 2311 Et
852 2267 1100 2313 sublatum

190 2331 290 2389 est,
303 2331 432 2387 quod
444 2332 694 2389 superfuit
712 2332 831 2392 illis,
841 2335 1099 2392 fragmen-

185 2401 360 2444 torum
378 2400 585 2457 cophini
604 2398 882 2447 duodecim.

259 2466 339 2511 18.
375 2467 478 2512 th
494 2468 683 2513 factum
702 2469 803 2527 est,
826 2482 939 2515 cum
958 2470 1097 2517 solus

188 2535 330 2579 esset
348 2546 518 2593 orans,
542 2538 688 2580 erant
708 2550 818 2581 cum
838 2536 929 2582 illo
951 2540 1001 2583 et
1020 2537 1097 2583 di-

188 2600 399 2658 scipuli3
430 2604 480 2647 et
497 2603 837 2660 interrogavit
854 2604 971 2650 illos
982 2636 997 2664 ,
1019 2604 1097 2650 di-

188 2680 347 2713 cens:
379 2667 535 2721 Quem
560 2684 640 2716 me
663 2670 836 2717 dicunt
855 2686 967 2719 esse
986 2675 1095 2719 tur-

184 2734 322 2782 bae?

261 2803 345 2847 19.
363 2803 429 2847 At
449 2802 525 2850 ini
542 2806 934 2865 responderunt,
950 2810 1002 2852 et
1020 2805 1096 2851 di-

186 2872 409 2917 xerunt:
430 2872 682 2917 Ioannem
697 2873 989 2933 Baptistam,
1010 2873 1098 2919 alii

185 2939 357 2984 autem
372 2937 555 2998 Eliam,
565 2939 655 2985 alii
674 2952 819 3000 vero,
832 2940 948 2996 quia
966 2954 1096 2987 unus

183 3005 435 3063 propheta
456 3006 516 3052 de
536 3006 792 3064 prioribus
814 3008 1055 3053 surrexit.

254 3074 335 3118 20.
370 3073 522 3121 Dixit
539 3076 709 3121 autem
725 3074 855 3121 illis:
875 3076 981 3121 Vos
1001 3088 1093 3121 au-

179 3226 203 3261 8
228 3184 263 3258 <12
265 3188 294 3260 ζ
324 3180 493 3261 ΙΞὸ-ΞἹ.
526 3177 674 3217 Matth.
690 3181 753 3223 16,
768 3182 935 3218 13-28.
968 3180 1093 3219 Marc.

1185 252 1318 310 tem,
1346 266 1494 309 quem
1519 269 1602 302 me
1629 271 1744 306 esse
1771 260 1968 308 dicitis?
1991 265 2093 311 Re-

1185 318 1442 374 spondens
1481 323 1658 370 Simon
1690 326 1896 388 Petrus,
1937 330 2093 377 dixit:

1187 384 1442 432 Christum
1458 388 1570 435 Dei.

1253 454 1336 498 21.
1370 454 1438 500 At
1487 455 1577 502 ille
1629 459 1898 520 increpans
1952 465 2090 526 illos,

1182 521 1460 581 praecepit,
1480 537 1546 570 ne
1569 525 1651 570 cui
1669 526 1894 576 dicerent
1908 532 2026 593 hoc,

1251 605 1334 649 22.
1373 605 1572 654 dicens:
1598 609 1762 662 Quia?
1781 617 1986 670 oportet
1999 617 2090 662 Fi-

1182 669 1306 717 lium
1340 673 1560 721 hominis
1587 676 1744 723 multa
1762 680 1891 739 pati,
1929 685 1982 728 et
2004 697 2091 730 re-

1182 741 1390 796 probari
1409 755 1440 786 a
1467 743 1792 805 Senioribus,
1823 749 1876 793 et
1898 750 2090 806 princi-

1182 805 1328 862 pibus
1350 809 1680 856 sacerdotum
1693 842 1707 871 ,
1731 816 1783 858 et
1803 815 1991 862 Scribis
2004 847 2020 875 ,
2041 823 2092 863 et

1184 874 1364 934 occidi,
1388 880 1438 922 et
1456 879 1605 924 tertia
1625 879 1705 925 die
1721 893 2014 940 resurgere.

1249 956 1329 1000 23.
1365 956 1578 1004 Dicebat
1604 964 1769 1006 autem
1796 962 1857 1008 ad
1889 976 2089 1011 omnes:

1184 1021 1238 1068 Si
1258 1023 1398 1080 quis-³
1415 1025 1526 1070 vult
1545 1029 1661 1083 post
1678 1043 1757 1074 me
1778 1031 1977 1091 venire,
1999 1035 2090 1078 ab·

1180 1093 1336 1147 neget
1354 1096 1514 1138 semet
1531 1094 1720 1152 ipsum3
1736 1099 1787 1142 et
1803 1098 1954 1144 tollat
1970 1113 2087 1146 cru-

1182 1172 1292 1203 cem
1321 1171 1460 1205 suam
1489 1161 1732 1221 quotidie,
1772 1169 1824 1210 et
1849 1170 2088 1223 sequatur

1177 1238 1275 1270 me.

1246 1294 1326 1338 24.
1357 1292 1456 1346 Qui
1475 1295 1610 1341 enim
1627 1297 1854 1344 voluerit
1871 1301 2087 1348 animam

1178 1372 1320 1405 suam
1346 1360 1540 1407 salvam
1571 1365 1740 1411 facere
1752 1396 1767 1425 ,
1803 1367 1983 1424 perdet
2019 1369 2085 1414 il-

1176 1421 1280 1472 lam
1292 1457 1307 1486 ,
1325 1428 1410 1484 qui
1429 1429 1707 1486 perdiderit
1715 1433 1932 1480 animam
1944 1449 2086 1482 suam

1174 1497 1384 1555 propter
1402 1511 1499 1556 me,
1521 1499 1715 1546 salvam
1731 1501 1886 1548 faciet
1903 1503 2056 1550 illam.

1241 1577 1322 1621 25.
1361 1577 1494 1629 Quid
1523 1580 1658 1626 enim
1684 1583 1884 1638 proficit
1908 1583 2083 1644 homo,

1173 1641 1220 1688 si
1250 1642 1476 1690 lucretur
1500 1647 1800 1693 universum
1824 1650 2081 1709 mundum,

1173 1722 1230 1754 se
1252 1713 1418 1756 autem
1437 1712 1600 1769 ipsum
1619 1715 1822 1774 perdat,
1853 1719 1906 1764 et
1925 1717 2081 1764 detri-

1171 1779 1394 1822 mentum
1413 1778 1492 1824 sui
1509 1781 1694 1826 faciat?

1240 1845 1321 1888 26.
1355 1844 1484 1889 Nam
1503 1847 1616 1903 qui*
1634 1861 1712 1893 me
1735 1851 2009 1908 erubuerit,
2032 1855 2082 1897 et

1169 1923 1312 1955 meos
1334 1923 1620 1973 sermones;
1651 1913 1785 1961 hunc
1802 1916 1963 1962 Filius
1982 1918 2080 1965 ho-

1168 1978 1320 2024 minis
1342 1981 1630 2041 erubescet,
1661 1997 1773 2028 cum
1806 1986 2078 2033 veneritiu

1168 2048 1434 2105 majestate
1455 2061 1571 2108 sua,
1601 2052 1652 2095 et
1668 2051 1858 2111 Patris,
1889 2056 1941 2099 et
1957 2067 2077 2101 san-

1170 2117 1366 2161 ctorum
1384 2116 1713 2175 Angelorum.

1236 2185 1316 2229 27.
1364 2184 1494 2229 Dico
1533 2187 1698 2232 autem
1741 2188 1889 2235 vobis
1927 2202 2073 2237 vere:

1168 2254 1286 2295 sunt
1312 2250 1470 2307 aliqui
1496 2252 1578 2298 hic
1607 2256 1826 2315 stantes,
1857 2256 1942 2313 qui
1967 2270 2074 2303 non

1168 2320 1440 2375 gustabunt
1455 2323 1688 2382 mortem,
1712 2322 1912 2371 donec¹⁴
1927 2324 2074 2371 vide-

1166 2388 1256 2430 ant
1271 2398 1486 2444 regnum
1504 2388 1618 2433 Dei.

1233 2454 1314 2499 28.
1349 2454 1596 2501 νΕἰιιεῐιιιιι
1633 2459 1712 2502 est
1755 2460 1923 2504 autem
1958 2462 2076 2516 post

1163 2519 1290 2565 haec
1308 2524 1468 2568 verba
1485 2523 1593 2569 fere
1615 2523 1721 2571 dies
1744 2528 1860 2571 octo
1873 2555 1889 2583 ,
1920 2528 1972 2571 et
1988 2538 2072 2571 as-

1164 2588 1374 2645 sumpsit
1389 2588 1618 2649 Petrum,
1650 2594 1702 2637 et
1717 2593 1988 2651 Jacobum,
2023 2596 2075 2639 et

1160 2655 1194 2699 J
1197 2668 1431 2717 oannem,
1445 2660 1497 2705 et
1515 2658 1742 2705 ascendit
1758 2658 1814 2704 in
1830 2662 2070 2719 montem,

1160 2724 1219 2768 ut
1238 2727 1426 2769 oraret.

1228 2793 1308 2836 29.
1343 2792 1414 2837 Et
1437 2793 1572 2837 facta
1601 2793 1694 2849 est,
1735 2791 1850 2837 dum
1881 2800 2068 2855 oraret,

1160 2857 1357 2914 species
1377 2858 1547 2904 vultus
1570 2858 1677 2904 eius
1699 2858 1884 2920 altera3
1907 2866 1958 2909 et
1975 2877 2068 2909 ve-

1160 2925 1308 2971 stitus
1329 2925 1440 2981 ejus
1461 2924 1602 2972 albus
1623 2929 1674 2972 et
1691 2928 1967 2987 refulgens.

1230 2993 1310 3037 30.
1343 2988 1414 3037 Et
1440 2991 1576 3039 ecce!
1616 2994 1714 3041 duo
1750 2996 1853 3043 viri
1885 2997 2066 3055 loque-

1206 3095 1226 3114 ?
1243 3086 1388 3125 Malui.
1406 3090 1466 3131 16,
1483 3091 1545 3124 21.
1610 3096 1626 3115 ⁸
1643 3090 1790 3130 Manli.
1815 3097 1878 3135 10,
1898 3095 1956 3130 38.
1977 3100 2066 3137 sqq·

1158 3136 1178 3161 θ
1197 3148 1232 3172 c.
1247 3138 1307 3177 12,
1325 3138 1362 3171 9.
1393 3134 1539 3173 Manli.
1557 3140 1618 3179 10,
1635 3141 1698 3173 32.
1720 3149 1779 3185 aq.
1833 3146 1858 3165 ’ὅ
1876 3150 1910 3174 e.
1929 3141 1990 3179 22,
2007 3140 2067 3175 18.

1158 3180 1306 3218 Matth.
1333 3184 1394 3223 26,
1419 3184 1481 3220 64.
1529 3189 1549 3209 “
1566 3196 1606 3220 v.
1631 3187 1802 3223 28—36.
1832 3182 1980 3223 Matth.
2007 3186 2067 3225 17,

1160 3231 1307 3266 1—13.
1335 3229 1464 3268 Marc.
1481 3233 1521 3272 9,
1539 3234 1563 3267 1
1574 3234 1684 3267 —120

302 3370 418 3427 Cap·
450 3368 541 3413 IX·
609 3379 676 3417 11.
708 3375 897 3429 excepit
925 3374 1045 3418 illos.
1113 3379 1181 3419 12.
1215 3377 1468 3420 devertunt.
1529 3382 1596 3421 19.
1630 3378 1712 3421 alii
1741 3380 1844 3441 quia
1874 3376 2068 3430 prophe-

183 3434 235 3469 ta
255 3440 383 3471 unus·
446 3432 516 3469 21.
546 3431 785 3486 praecipit·
844 3434 915 3473 26.
936 3433 1177 3475 erubescit.
1239 3437 1308 3476 27.
1329 3432 1649 3491 Inter-punctio
1705 3448 1752 3475 er
1769 3430 1938 3474 scachos
1957 3432 2069 3475 haec

180 3488 275 3526 este
294 3482 394 3527 dico
414 3490 567 3527 autem
586 3487 713 3529 vobis
734 3490 742 3533 Ι
760 3500 866 3529 vere
884 3492 989 3531 sunt
1007 3487 1149 3543 aliqui
1170 3488 1244 3532 hic
1263 3494 1451 3533 stantes.
1511 3493 1579 3533 29.
1609 3488 1656 3531 al
1689 3502 1742 3530 us
1759 3486 2007 3539 refulgens.
