2376 3925
419 183 642 234 EPIST.
683 185 896 255 PAULI
933 187 1029 237 AD
1069 185 1592 242 COLOSSENSES.
1635 193 1783 242 CAP.
1806 196 1855 242 1.

1993 195 2092 246 317

213 259 2095 286 Ἣ

160 281 178 298 ⁸
286 285 333 327 6.
370 285 504 340 quod
521 287 756 342 pervenit
775 288 836 333 ad
857 301 972 347 vos,
993 289 1122 334 sicut

214 351 341 396 etin
357 352 601 398 universo
621 355 806 400 mundo
829 358 921 414 est,
943 359 993 401 et
1011 357 1119 402 fru-

214 417 418 476 ctificat,
442 422 493 465 et
510 421 708 478 crescit,
733 422 864 468 sicut
882 423 936 468 in
959 424 1118 481 vobis,

214 499 286 532 ex
303 499 364 532 ea
386 486 484 544 die,
497 501 595 544 qua
613 489 838 548 audistis,
855 493 906 535 et
925 503 1120 548 cogno-

215 553 360 598 vistis
383 555 592 612 gratiam
612 555 707 601 Dei
727 556 780 600 in
800 557 1040 614 veritate;

282 622 329 666 7.
368 621 497 667 sicut
526 622 765 668 didicistis
793 626 856 670 ab
887 624 1120 682 Epaphra

211 687 512 733 charissimo
533 702 782 735 conservo
803 694 981 736 nostro
999 723 1012 749 ,
1035 691 1118 748 qui

211 758 292 801 est
302 754 462 800 fidelis
473 769 565 813 pro
581 757 720 803 vobis
731 758 961 804 minister
972 759 1118 804 Chri-

209 822 278 866 sti
299 822 330 867 J
333 835 440 880 esu,

282 891 329 934 8.
367 889 451 946 qui
479 890 628 936 etiam
654 891 996 938 manifestavit
1021 906 1119 938 no-

209 957 290 1002 bis
319 956 640 1003 dilectionem
666 961 886 1004 vestram
922 960 976 1004 in
1015 961 1118 1017 spi-

206 1024 328 1069 ritu.

282 1092 328 1134 9.
364 1090 484 1136 Ideo
505 1093 558 1137 et
575 1103 671 1136 nos
686 1121 702 1148 ,
723 1105 790 1137 ex
810 1104 907 1148 qua
927 1093 1006 1139 die
1027 1108 1118 1140 au-

213 1156 447 1216 divimus,
463 1171 569 1203 non
590 1171 842 1204 cessamus
862 1173 954 1217 pro
976 1162 1118 1208 vobis

210 1227 445 1282 orantes,
478 1227 528 1270 et
558 1225 870 1282 postulantes
883 1235 920 1286 ⁰,
951 1230 1006 1273 ut
1024 1229 1118 1274 im-

208 1291 450 1349 pleamini
512 1292 773 1350 agnitione
839 1295 1118 1342 voluntatis

209 1359 340 1417 ejus,
361 1359 414 1404 in
435 1360 572 1404 omni
592 1360 865 1421 sapientia,
894 1366 946 1410 et
963 1363 1116 1410 intel-

208 1426 343 1472 lectu
363 1426 630 1486 spirituali,

279 1494 356 1538 10.
411 1497 466 1540 ut
501 1494 764 1542 ambuletis
815 1495 966 1554 digne
1001 1497 1114 1544 Deo

206 1573 301 1617 per
340 1561 508 1605 omnia
543 1561 799 1618 placentes
813 1594 826 1620 ‚
873 1565 928 1608 in
977 1567 1115 1611 omni

207 1640 366 1684 opere
421 1630 555 1673 bono
613 1629 972 1676 fructificantes
986 1662 1002 1688 ,
1065 1635 1116 1677 et

206 1695 496 1740 crescentes
516 1693 569 1738 in
591 1695 802 1740 scientia
821 1697 933 1754 Dei,

276 1762 358 1805 11.
394 1761 448 1804 in
468 1761 605 1805 omni
629 1761 811 1806 virtute
840 1763 1115 1808 confortati

203 1826 484 1874 secundum
541 1827 820 1883 potentiam
872 1829 1113 1874 claritatis

203 1895 337 1952 ejus,
359 1893 413 1938 in
434 1893 571 1939 omni
589 1894 833 1951 patientia
863 1897 914 1940 et
930 1895 1113 1953 longa-

202 1961 434 2010 nimitate
457 1975 567 2007 cum
587 1961 788 2020 gaudio,

274 2031 354 2073 12.
391 2030 579 2087 gratias
599 2032 809 2088 agentes
829 2030 938 2077 Deo
955 2030 1110 2090 Patri,

204 2097 291 2154 qui
329 2096 510 2153 dignos
547 2109 643 2142 nos
677 2098 800 2143 fecit
832 2097 885 2142 in
916 2102 1112 2156 partem

204 2163 359 2209 sortis
380 2168 669 2209 sanctorum
688 2166 742 2210 in
760 2163 949 2211 lumine
963 2158 1010 2225 d,

273 2232 352 2275 13.
374 2231 457 2287 qui
477 2231 664 2289 eripuit
682 2245 777 2277 nos
799 2232 860 2277 de
881 2236 1106 2289 potesta-

202 2302 254 2344 te
273 2300 612 2357 tenebrarum,
627 2300 1007 2345 ettranstulitin
1022 2314 1108 2346 re-

202 2379 356 2423 gnum
373 2365 494 2410 Filii
513 2365 799 2411 dilectionis
820 2380 958 2425 suae,

271 2434 352 2477 14.
399 2432 453 2477 in
497 2446 596 2489 quo
634 2433 872 2480 habemus
907 2433 1108 2480 redem-

200 2500 429 2557 ptionem
447 2513 539 2556 per
558 2500 855 2557 sanguinem
875 2500 1002 2559 ejus,
1021 2514 1108 2547 re-

198 2567 491 2612 missionem
512 2571 860 2624 peccatorum3

269 2636 350 2678 15.
387 2634 472 2689 qui
491 2636 568 2679 est
586 2634 783 2692 imago⁶
812 2635 910 2681 Dei
927 2635 1107 2681 invisi-

202 2700 335 2758 bilis,
357 2692 769 2759 primogenitusf
779 2702 943 2748 omnis
963 2716 1107 2749 crea-

199 2774 346 2813 turae
355 2774 401 2812 ἕ.

268 2836 350 2878 16.
389 2834 641 2887 Quoniam
677 2835 730 2880 in
767 2835 878 2892 ipso
907 2836 1108 2881 condita

197 2904 320 2947 sunt
338 2902 577 2947 universa
605 2901 659 2946 in
679 2902 838 2947 coelis
859 2905 909 2948 et
927 2903 980 2947 in
999 2904 1106 2947 ter-

247 2987 264 3007 ⁶·
279 2979 391 3027 Eph.
410 2984 446 3019 1.
465 2984 524 3015 17.
543 2982 601 3015 18.
648 2978 670 3005 ‘l
685 2978 778 3015 Act.
799 2983 858 3021 26,
878 2983 935 3017 18.
984 2987 1000 3007 θ
1016 2980 1106 3018 Joh.

198 3030 262 3070 14,
281 3031 319 3063 9.
367 3023 394 3057 -f
409 3026 476 3062 Pa.
493 3028 556 3069 88,
574 3027 636 3080 28.
681 3030 707 3060 ἔ
724 3026 852 3073 Apoc.
869 3032 906 3069 1,
925 3030 982 3063 17.

314 3171 428 3227 cap.
456 3171 496 3214 Ι.

1187 302 1263 348 ra,
1292 291 1509 338 visibilia
1547 296 1598 339 et
1641 295 1944 357 invisibilia,
1982 302 2091 346 sive

1187 357 1386 416 throni,
1418 359 1527 406 sive
1554 361 1951 425 dominationes,
1981 368 2089 414 sive

1185 423 1524 486 principatus,
1556 428 1663 475 sive
1691 434 1994 490 potestaten
2030 447 2088 480 o-

1185 492 1321 536 mnia
1340 505 1431 549 per
1458 493 1619 551 ipsum
1638 498 1690 542 et
1714 497 1765 542 in
1788 499 1900 556 ipso
1922 507 2091 547 creata

1188 551 1371 616 sunth3

1253 627 1331 670 17.
1370 627 1547 684 etipse
1568 631 1647 674 est
1664 633 1781 677 ante
1802 632 2018 694 omnesi,
2040 640 2090 682 et

1187 693 1357 738 omnia
1375 693 1430 739 in
1448 695 1560 752 ipso
1582 700 1831 744 constant.

1255 774 1335 817 18.
1371 774 1440 820 Et
1458 775 1565 832 ipse
1587 780 1663 822 est
1683 782 1831 835 caput
1860 785 2088 838 corporis

1185 838 1446 886 Ecclesiae
1458 833 1497 900 ι’,
1536 845 1621 900 qui
1658 848 1736 890 est
1771 846 2089 908 principium,

1187 903 1579 964 primogenitusl
1598 925 1664 957 ex
1684 914 1923 972 mortuis3
1952 919 2007 962 ut
2026 919 2093 962 sit

1185 973 1239 1018 in
1252 975 1481 1022 omnibus
1501 977 1607 1034 ipe
1616 979 1879 1036 primatum
1891 985 2086 1030 tenens.
2171 987 2177 994 '

1254 1059 1334 1102 19.
1373 1059 1502 1112 Quia
1538 1061 1590 1106 in
1628 1063 1739 1118 ipso
1770 1066 2087 1126 complacuit,

1187 1137 1388 1171 omnem
1432 1126 1843 1184 plenitudinemm
1888 1135 2087 1181 inhabi-

1183 1195 1313 1249 tare,

1252 1260 1334 1302 20.
1380 1261 1434 1305 et
1470 1274 1559 1317 per
1598 1275 1711 1308 eum
1752 1268 2087 1315 reconciliare

1186 1325 1392 1370 omnian
1409 1326 1463 1371 in
1484 1328 1660 1388 ipsum,
1683 1333 1949 1387 pacificans
1962 1342 1983 1364 ⁰
1996 1350 2085 1392 per

1183 1393 1481 1450 sanguinem
1502 1397 1663 1442 crucis
1686 1398 1813 1458 ejus,
1834 1402 1943 1447 sive
1960 1416 2087 1458 quae

1183 1459 1236 1505 in
1256 1460 1425 1519 terris,
1438 1461 1547 1508 sive
1560 1476 1686 1519 quae
1707 1465 1759 1511 in
1780 1468 1939 1514 coelis
1952 1475 2083 1516 sunt.

1250 1545 1330 1590 21.
1374 1545 1443 1590 Et
1479 1559 1571 1592 vos
1616 1563 1726 1594 cum
1766 1553 1943 1598 essetis
1989 1554 2084 1600 ali-

1182 1612 1380 1667 quando
1402 1613 1609 1660 alienati
1619 1621 1666 1674 Ρ,
1689 1619 1739 1662 et
1757 1617 1947 1666 inimici
1966 1635 2085 1668 sen-

1181 1691 1239 1723 su
1260 1678 1311 1722 in
1334 1680 1569 1736 operibus
1587 1683 1757 1729 malis:

1250 1762 1329 1805 22.
1365 1775 1500 1808 nunc
1521 1767 1684 1810 autem
1704 1770 2087 1816 reconciliavit‘l

1181 1827 1234 1870 in
1256 1841 1469 1885 corpore
1500 1832 1664 1878 carnis
1696 1834 1805 1890 eJ'us
1836 1849 1925 1892 per
1944 1851 2083 1882 mor-

1180 1896 1297 1952 tem,
1321 1895 1561 1941 exhibere
1584 1910 1673 1943 vos
1695 1904 1896 1946 sanctos
1919 1907 1970 1948 et
1990 1905 2082 1948 im-

1178 1960 1454 2007 maculatos
1511 1966 1561 2008 et
1616 1966 2084 2024 irreprehensibiles

1179 2042 1351 2075 coram
1367 2030 1479 2087 ipso
1494 2045 1509 2087 ς

1246 2115 1325 2160 23.
1372 2115 1416 2159 si
1452 2118 1617 2161 tamen
1655 2122 1959 2174 permanetis
1973 2129 1994 2151 r
2031 2124 2083 2169 in

1176 2180 1271 2227 fide
1291 2182 1503 2239 fundati,
1526 2186 1577 2228 et
1596 2186 1819 2247 stabiles,
1834 2192 1885 2234 et
1902 2189 2083 2236 immo-

1177 2248 1303 2294 biles
1332 2262 1363 2293 a
1392 2262 1480 2306 spe
1507 2250 1806 2313 Evangelii,
1840 2258 1972 2313 quod
1991 2272 2081 2304 au-

1176 2315 1336 2373 distis,
1376 2317 1507 2373 quod
1545 2320 1887 2375 praedicatum
1926 2328 2003 2370 est
2028 2327 2081 2369 in

1174 2383 1415 2429 universa
1434 2389 1681 2444 creatura,
1703 2401 1829 2443 quae
1850 2392 1939 2436 sub
1962 2404 2081 2437 coe-

1174 2449 1226 2495 lo
1250 2453 1342 2507 est,
1365 2451 1507 2506 cujus
1528 2452 1689 2498 factus
1708 2467 1817 2499 sum
1838 2470 1933 2512 ego
1947 2459 2080 2503 Pau-

1173 2516 1253 2561 lus
1272 2517 1518 2563 minister.

1244 2602 1321 2645 24.
1362 2600 1459 2653 Qui
1487 2614 1623 2647 nunc
1654 2603 1848 2659 gaudeo
1882 2606 1934 2649 in
1964 2620 2079 2663 pas·

1175 2666 1402 2713 sionibus
1431 2680 1524 2724 pro
1554 2669 1723 2727 vobis,
1754 2673 1805 2715 et
1832 2672 2078 2730 adimpleo

1175 2746 1252 2793 ea,
1274 2748 1402 2791 quae
1422 2734 1604 2781 desunt
1620 2736 1911 2791 passionum
1932 2742 2079 2788 Chri-

1219 2840 1238 2867 1.
1256 2842 1347 2877 JOh·
1366 2847 1413 2884 l,
1440 2846 1476 2878 3·
1526 2841 1618 2878 Act·
1639 2847 1706 2886 1⁷5
1724 2848 1784 2883 m·
1834 2842 1848 2871 ἰ
1866 2846 1953 2885 ³0¹..
1974 2856 2017 2892 l,
2045 2858 2078 2889 l·

1173 2893 1233 2931 17,
1252 2892 1289 2925 5.
1337 2886 1359 2915 ⁷⁶
1376 2888 1483 2935 Eph.
1504 2892 1542 2929 1,
1563 2892 1623 2924 22.
1641 2894 1700 2928 23.
1748 2890 1763 2918 1
1780 2897 1800 2928 1
1822 2893 1910 2933 Cor.
1932 2900 1997 2939 15,
2017 2902 2077 2934 20.

1174 2942 1205 2960 ⁷¹⁸
1225 2934 1273 2971 cs.
1292 2939 1338 2976 2,
1357 2939 1393 2971 9.
1443 2941 1464 2959 ²⁸
1480 2940 1501 2971 1
1520 2934 1613 2971 Joh.
1631 2940 1675 2978 2,
1695 2941 1733 2973 2.
1782 2946 1799 2965 ⁰
1815 2940 1923 2989 Eph.
1952 2948 1994 2985 2,
2016 2949 2077 2979 14.

1174 2983 1231 3017 15.
1281 2988 1303 3013 Ρ
1323 2979 1427 3027 Eph.
1447 2984 1621 3023 2,12.13.
1669 2990 1687 3017 ⁴1
1702 2984 1809 3032 Eph.
1829 2991 1865 3030 2,
1886 2993 1939 3025 16.
1991 2998 2005 3014 ¹·
2028 2988 2078 3027 cf.

1175 3041 1207 3064 c.
1226 3031 1263 3069 2,
1280 3029 1320 3061 4.
1340 3038 1425 3073 sqq.

555 3175 595 3215 6.
629 3186 689 3214 ex
713 3186 767 3215 ea
797 3186 882 3226 qua
913 3174 1104 3216 audistis
1137 3176 1225 3216 die.
1283 3177 1323 3217 9.
1354 3177 1400 3216 in
1421 3179 1663 3230 agnitione.
1725 3186 1790 3224 10.
1822 3189 2074 3225 crescentes

197 3229 392 3273 scientia
423 3229 568 3281 (deest
592 3230 677 3282 in).
745 3233 812 3270 12.
844 3234 1030 3281 agentes
1059 3230 1188 3271 Patri
1220 3232 1297 3283 qui
1330 3231 1487 3283 dignos
1516 3248 1593 3277 vos
1621 3236 1735 3279 fecit
1762 3239 1906 3290 (deest
1931 3239 2066 3291 Deo).

199 3290 270 3328 14.
303 3284 480 3327 Desunt
503 3284 641 3326 verba
668 3298 752 3339 per
780 3287 1042 3335 sanguinem
1071 3285 1169 3337 ejus
1192 3287 1336 3342 (quod
1350 3286 1461 3331 haec
1480 3290 1646 3334 absunt
1664 3307 1695 3333 a
1716 3291 1875 3335 Codice
1900 3300 2075 3343 nostro,

195 3341 377 3384 nullam
394 3337 532 3382 habet
555 3339 650 3382 vim
670 3344 724 3383 elo
762 3340 1002 3390 maticam,
1026 3339 1067 3384 si
1093 3341 1267 3409 quidem
1293 3356 1389 3387 non
1416 3358 1507 3387 uno
1537 3345 1624 3390 hoc
1651 3349 1751 3391 loco
1780 3362 1833 3389 ea
1861 3348 2077 3391 doctrina

193 3400 509 3451 superstructa
535 3400 601 3437 est
624 3396 675 3437 in
743 3428 754 3437 .
783 3396 876 3450 T.).

937 3402 1002 3439 15.
1036 3400 1364 3452 primogenitus
1393 3402 1510 3443 omni
1540 3408 1747 3445 creatura
1782 3404 2074 3459 (eleganter).

199 3456 267 3495 16.
301 3452 422 3504 quia.
490 3452 555 3491 19.
596 3450 814 3494 habitare.
881 3456 950 3495 20.
987 3452 1273 3497 reconciliari
1306 3454 1616 3512 (aliquantum
1644 3456 1803 3501 dubiae
1834 3464 1985 3503 tamen
2011 3468 2079 3504 cst

195 3506 456 3564 scripturae
472 3503 623 3549 illudi
639 3506 832 3563 finale).
