2376 3925
834 179 1118 233 LUcAs.
1191 181 1361 232 CAP.
1397 182 1481 232 24.

221 285 279 330 et
297 281 482 328 videte!
506 284 624 340 quia
642 284 845 341 spiritus
862 297 1065 330 carnem
1080 284 1131 330 et

221 363 345 396 ossa
362 363 468 396 non
486 350 663 410 habet,
694 351 823 397 sicut
846 365 928 397 me
946 350 1128 397 videtis

217 417 425 464 habere.

289 486 372 531 40.
406 483 599 530 Etcum
608 483 703 530 hoc
716 483 943 545 dixisset,
954 487 1128 532 osten-

220 552 295 597 dit
314 551 389 598 eis
410 564 588 596 manus
609 553 659 597 et
674 551 844 609 pedes.

285 620 370 664 41.
399 618 577 665 Adhuc
595 619 880 665 autemillis
898 631 1003 664 non
1015 632 1129 665 cre-

221 686 476 746 dentibus,
490 687 541 731 et
556 685 849 733 mirantibus
869 699 992 745 prae
1004 699 1129 744 gau-

220 752 326 813 dio,
366 753 523 799 dixit:
560 753 767 800 Habetis
803 753 886 800 hic
922 753 1128 813 aliquid,

219 821 356 878 quod
374 820 737 866 manducetur‘.¹

290 889 371 932 42.
404 888 471 933 At
499 887 577 933 illi
605 887 900 934 obtulerunt
935 887 983 934 ei
1010 901 1129 946 par-

220 957 329 1000 tem
344 954 494 1012 piscis
513 954 617 1001 assi
636 956 687 1000 et
705 955 876 1001 favum
894 954 1076 1000 mellis.

294 1022 373 1067 43.
393 1021 460 1068 Et
470 1036 582 1068 cum
590 1022 943 1068 manducasset
958 1035 1130 1067 coram

226 1089 330 1147 eis,
350 1102 547 1135 sumens
572 1088 841 1148 reliquias,
874 1089 1009 1135 dedit
1038 1089 1128 1134 eis.

291 1157 372 1201 44.
407 1156 474 1202 Et
494 1156 620 1202 dixit
637 1156 702 1202 ad
720 1169 837 1202 eos:
856 1157 996 1202 Haec
1014 1158 1132 1201 sunt

222 1225 408 1282 verba,
435 1237 561 1280 quae
578 1223 779 1270 locutus
807 1236 915 1270 sum
934 1222 996 1269 ad
1016 1235 1128 1282 vos,

222 1305 340 1338 cum
404 1290 561 1337 adhuc
612 1304 776 1337 essem
811 1318 819 1328 =
839 1291 1128 1347 vobiscum3

220 1357 467 1416 quoniam
524 1371 735 1405 necesse
789 1360 866 1405 est
930 1357 1134 1415 impleri

222 1425 415 1484 omnia,
436 1438 562 1483 quae
582 1427 771 1483 scripta
798 1427 917 1471 sunt
942 1424 995 1471 in
1014 1424 1130 1484 lege

218 1492 421 1553 Moysi,
449 1495 502 1538 et
531 1493 826 1553 Prophetis,
850 1495 901 1538 et
918 1491 1130 1538 Psalmis

222 1560 287 1606 de
306 1572 403 1605 me.

290 1628 373 1672 45.
409 1628 555 1673 Tunc
573 1626 771 1684 aperuit
788 1625 891 1671 illis
911 1637 1131 1684 sensum,

218 1695 279 1740 ut
294 1692 646 1752 intelligerent
665 1692 966 1748 Scripturas.

287 1763 371 1806 46.
406 1761 477 1806 Et
498 1759 627 1804 dixit
646 1759 744 1804 eis:
780 1757 1029 1810 Quoniam
1062 1758 1133 1803 sic

218 1829 470 1886 scriptum
507 1827 612 1883 est,
668 1827 720 1870 et
759 1824 833 1871 sic
870 1826 1137 1881 oportebat

220 1895 483 1941 Christum
518 1892 651 1950 pati,
704 1893 755 1938 et
797 1904 1069 1949 resurgere
1106 1904 1136 1936 a

216 1962 437 2011 mortuis
457 1959 611 2007 tertia
630 1958 727 2019 die,

2001 183 2100 233 141

1262 285 1344 329 47.
1383 286 1434 330 et
1477 285 1760 343 praedicari
1804 285 1860 330 in
1893 285 2100 332 nomine

1196 349 1307 408 ejus
1319 351 1680 409 poenitentiam
1691 355 1742 398 et
1749 351 2102 398 remissionem

1194 420 1518 476 peccatorum
1535 419 1590 464 in
1609 432 1781 465 omnes
1802 421 1997 480 gentes,
2017 419 2099 465 in-

1197 485 1499 544 cipientibus
1516 488 1578 532 ab
1595 485 1922 545 lerosolyma.

1261 570 1345 614 48.
1388 569 1529 614 Vos⁰
1573 571 1742 617 autem
1784 571 1940 616 testes
1979 570 2101 616 estis

1196 636 1393 682 horum.

1261 705 1344 749 49.
1383 703 1450 748 Et
1465 715 1560 762 ego
1587 702 1734 749 mitto
1763 703 2102 760 promissum?

1195 770 1360 816 Patris
1378 771 1477 816 mei
1495 770 1549 816 in
1569 783 1678 815 vos.
1713 771 1820 815 Vos
1841 771 2006 816 autem
2019 783 2100 816 se-

1199 837 1312 883 dete
1330 837 1385 883 in
1405 837 1606 883 civitate
1617 842 1657 897 ⁹,
1679 837 2002 894 quoadusque
2021 837 2102 883 in-

1200 904 1420 950 duamini
1438 905 1625 950 virtute
1646 917 1714 951 ex
1731 903 1852 950 alto.

1266 989 1347 1034 50.
1383 987 1576 1035 Eduxit
1595 991 1762 1034 autem
1781 1000 1871 1035 eos
1889 988 2031 1034 foras
2050 987 2106 1033 in

1196 1055 1489 1101 Bethaniam
1504 1087 1519 1115 ,
1550 1057 1604 1102 et
1632 1055 1843 1102 elevatis
1873 1055 2104 1102 manibus

1196 1123 1302 1169 suis
1323 1123 1584 1169 benedixit
1602 1123 1691 1168 eis.

1267 1208 1348 1252 51.
1381 1205 1450 1252 Et
1459 1206 1648 1252 factum
1659 1207 1752 1264 est,
1766 1204 1882 1250 dum
1892 1205 2104 1252 benedi-

1199 1276 1338 1320 ceret
1355 1273 1486 1332 illis,
1513 1272 1727 1319 recessit
1744 1274 1805 1318 ab
1827 1273 1927 1330 eis,
1959 1274 2009 1318 et
2025 1272 2103 1319 fe·-

1197 1343 1402 1387 rebatur
1416 1346 1437 1370 r
1454 1340 1510 1386 in
1530 1339 1743 1386 coelum.

1266 1426 1345 1470 52.
1381 1424 1450 1471 Et
1466 1423 1568 1482 ipsi
1595 1423 1864 1470 adorantes
1883 1421 2110 1480 regressi

1197 1495 1317 1539 sunt
1357 1493 1411 1538 in
1444 1490 1720 1548 Ierusalem
1766 1504 1879 1537 cum
1921 1487 2105 1548 gaudio

1197 1573 1401 1618 magno.

1267 1641 1348 1686 53.
1382 1638 1451 1685 Et
1469 1641 1642 1686 crant-³
1670 1650 1868 1696 semper
1895 1637 1950 1683 in
1976 1639 2108 1684 tem-

1202 1706 1316 1765 plo,
1351 1705 1616 1752 laudantes
1665 1707 1716 1751 et
1750 1703 2106 1785 benedicentes

1202 1772 1380 1819 Deum.
1449 1773 1624 1818 Amen.

1249 1878 1526 1922 110h.1,.1
1573 1864 2051 1920 »10h.1416.«Act'.

1201 1929 1458 1975 4.,.·.21q
1522 1924 1650 1961 *Mar
1675 1927 1781 1969 .16,
1807 1921 2036 1960 19.Act.1

1202 1973 1740 2017 At11246⁵42

339 2128 453 2183 Cap.
483 2124 665 2169 XXIV.
732 2130 802 2169 44.
844 2124 1001 2169 Ornia.
1031 2124 1091 2167 ad
1118 2137 1212 2167 vos.
1281 2126 1350 2165 48.
1394 2122 1506 2166 estis
1536 2124 1690 2165 testes.
1751 2121 1820 2162 49.
1851 2120 1899 2163 in
1918 2131 1974 2161 vo
2005 2118 2103 2173 (sic,

215 2190 347 2231 deest
364 2185 407 2240 s)
422 2199 435 2235 3
454 2182 565 2227 ibid.
581 2183 805 2226 virtutem.
