2376 3925
319 165 545 242 Episvr.
585 188 798 240 mum
837 189 932 238 An
973 186 1419 238 εοιιιΝἸῊιοε
1457 189 1522 238 11.
1564 189 1715 240 CAP.
1738 190 1787 240 9.
1812 191 1890 240 ιο.
1976 191 2091 244 291.

178 298 286 339 tate
310 291 782 339 communicationis
803 291 857 336 in
877 289 1022 348 illos,
1046 293 1098 335 et
1165 290 1281 334 stiW
1300 303 1355 335 se
1376 303 1514 348 esse,
1544 292 1641 337 hoc
1672 293 1864 350 cogitet
1893 294 2074 340 iterum

181 363 234 406 in
258 374 463 417 omnes;
1163 357 1295 414 apud
1324 371 1408 414 se3
1448 357 1563 414 quia
1592 359 1722 405 sicut
1748 361 1856 417 ipse
1888 361 2075 407 Christi

251 431 332 472 14.
370 428 494 473 etin
525 427 750 484 ipsorum
780 423 1094 470 obsecratio·
1163 428 1257 482 est,
1278 424 1349 468 ita
1372 426 1550 470 etnos.

178 509 245 540 ne
269 508 362 552 pro
386 495 559 552 vobis,
591 493 980 540 desiderantium
1002 504 1094 536 vos

177 565 394 619 propter
424 562 728 608 eminentem
757 559 970 616 gratiam
1000 559 1094 604 Dei

178 631 230 675 in
259 630 420 674 vobis.

249 701 330 741 15.
370 696 568 740 Gratias
582 695 690 740 Deo
713 707 866 751 super
886 695 1093 740 inenar-

173 765 328 810 rabili
351 762 486 808 dono
509 763 635 821 ejus.

484 883 654 934 CAP.
717 881 785 930 X.

175 970 248 1010 De
281 965 476 1021 apostoli
507 968 761 1020 potestate,
802 969 848 1004 et
877 964 924 1004 in
956 974 1091 1005 causa

329 1022 497 1063 Christi
520 1018 758 1062 exantlato
780 1018 950 1060 labore.

246 1103 292 1144 1.
329 1101 441 1156 Ipse
469 1095 763 1153 autem'ego
784 1095 970 1141 Paulus
999 1097 1090 1140 ob-

175 1180 326 1214 secro
369 1179 489 1222 vos,
528 1177 621 1222 per
657 1162 1091 1208 mansuetudinem

175 1239 230 1280 et
251 1233 544 1279 modestiam
564 1231 767 1288 Christi,
781 1230 867 1286 qui
886 1231 938 1274 in
960 1230 1090 1275 facie

173 1303 376 1358 quidem
414 1299 616 1344 humilis
657 1312 763 1343 sum
803 1298 938 1342 inter
976 1309 1090 1357 vos,

173 1373 360 1416 absens
381 1370 547 1413 autem
565 1365 762 1411 confido
785 1365 839 1410 in
861 1364 1003 1412 vobis
1015 1363 1048 1409 ἦ

247 1439 292 1480 2.
331 1437 474 1492 Rogo
495 1437 663 1480 autem
693 1445 812 1491 vos,
842 1446 908 1478 ne
937 1445 1089 1489 prae-

171 1517 296 1550 sens
317 1503 554 1560 audeam,
585 1514 676 1559 per
697 1514 805 1546 eam
827 1499 1089 1546 confiden-

172 1573 322 1628 tiam,
372 1583 470 1627 qua
508 1569 772 1616 existimor
810 1567 997 1613 audere
1036 1567 1089 1612 in

171 1638 438 1695 quosdam,
494 1637 581 1692 qui
633 1635 941 1680 arbitrantur
993 1646 1089 1679 nos

168 1713 428 1762 tamquam
457 1702 730 1748 secundum
759 1714 962 1746 carnem
982 1714 1088 1745 am-

167 1773 422 1820 bulemus.

243 1843 290 1885 3.
331 1840 390 1883 Ιιι
427 1849 580 1883 carne
610 1834 744 1880 enim
775 1833 1088 1881 ambulantes

167 1921 281 1954 non
293 1904 570 1952 secundum
587 1915 788 1948 carnem
803 1901 1088 1947 militamus.

241 1978 288 2021 4.
319 1976 445 2019 Nam
461 1984 600 2018 arma
619 1971 828 2017 militiae
849 1973 1091 2016 nostraeu

168 2057 282 2089 non
316 2041 541 2088 carnalia
569 2041 712 2097 sunt,
743 2039 831 2084 sed
859 2038 1090 2095 potentia

168 2114 286 2157 Deo
320 2109 380 2155 ad
419 2107 814 2154 destructionem
843 2106 1086 2151 munitio-

169 2192 314 2234 num,
337 2176 552 2223 consilia
571 2175 904 2232 destruentes,

243 2250 290 2291 5.
329 2247 379 2290 et
418 2257 617 2289 omnem
646 2242 960 2287 altitudinem
991 2255 1084 2287 ex-

169 2313 442 2360 tollentem
470 2325 524 2356 se
553 2309 795 2355 adversus
824 2309 1085 2355 scientiam

168 2381 299 2439 Dei,
333 2380 454 2425 etin
485 2378 824 2435 captivitatem
843 2377 1084 2434 redigen-

168 2454 251 2495 tes
284 2460 484 2493 omnem
509 2444 822 2491 intellectum
850 2444 904 2490 in
935 2446 1084 2491 obse-

170 2516 344 2573 quium
367 2513 571 2571 Christi,

241 2586 288 2627 6.
331 2582 453 2628 etin
471 2582 708 2639 promptu
737 2575 982 2625 habentes
1004 2578 1084 2624 ul-

171 2651 296 2698 cisci
321 2663 521 2695 omnem
538 2648 951 2705 inobedientiam,
974 2660 1086 2693 cum

168 2719 380 2777 impleta
399 2716 554 2763 fuerit
572 2717 741 2761 vestra
762 2714 1065 2761 obedientia.

239 2788 286 2831 7.
310 2785 452 2838 Quae
470 2782 746 2829 secundum
759 2782 934 2827 faciem
950 2783 1084 2840 sunt,

171 2854 344 2899 videte
356 2852 400 2897 ⁹!
417 2851 471 2898 Si
485 2850 593 2907 quis
607 2851 735 2896 confi
743 2849 813 2894 dit
827 2850 923 2895 sibi
937 2848 1085 2894 Chri-

217 2954 234 2975 ?
255 2962 292 2984 v.
319 2953 380 2985 10.
423 2952 445 2983 1
465 2946 558 2983 Cor.
576 2947 626 2987 4,
653 2947 712 2982 18.
742 2954 829 2993 sqq.
879 2952 900 2970 '⁴
916 2944 1027 2992 Eph.
1044 2948 1082 2988 6,

169 3000 227 3033 13.
277 3003 296 3020 ⁹
316 3007 351 3030 c.
369 2998 408 3035 ⁵,
427 2997 489 3031 16.

286 3142 400 3196 Cap.
432 3140 519 3182 IX.
582 3145 647 3183 14.
681 3146 728 3183 et
755 3142 954 3196 ipsorum
987 3142 1300 3184 observatione
1320 3139 1444 3194 (sic).
1532 3138 1594 3182 X.

1230 494 1275 535 8.
1312 493 1439 536 Nam
1476 494 1527 537 et
1564 492 1606 537 si
1640 492 1851 549 amplius
1880 490 2070 550 aliquid

1161 557 1411 615 gloriatus
1441 560 1587 604 fuero
1621 559 1680 604 de
1700 562 1950 616 potestate
1970 573 2068 606 no-

1160 629 1292 684 stra,
1324 639 1470 681 quam
1500 625 1635 672 dedit
1654 627 1802 672 nobis
1822 628 2067 674 Dominus

1159 693 1212 737 in
1234 692 1664 751 aedificationem,
1696 695 1747 738 et
1778 695 1956 741 nonin
1977 696 2065 741 de-

1160 761 1491 806 structionem
1526 763 1769 819 vestram3
1808 774 1915 808 non
1948 776 2066 808 eru-

1160 829 1374 873 bescam.

1228 897 1273 939 9.
1310 895 1373 939 Ut
1425 896 1593 941 autem
1645 907 1752 940 non
1806 895 2067 942 existimer

1158 965 1406 1018 tamquam
1433 965 1630 1008 terrere
1650 975 1743 1009 vos
1763 976 1855 1021 per
1875 963 2066 1021 episto-

1157 1029 1262 1086 las3

1226 1098 1307 1142 10.
1332 1095 1567 1152 quoniam
1580 1097 1779 1153 quidem
1800 1097 2065 1157 epistolae,

1157 1164 1417 1221 inquiunt,
1449 1177 1631 1221 graves
1662 1167 1779 1209 sunt
1808 1168 1858 1210 et
1876 1166 2065 1222 fortes3

1158 1231 1447 1288 praesentia
1476 1233 1642 1276 autem
1672 1232 1903 1289 corporis
1924 1233 2065 1278 infir-

1155 1312 1255 1356 ma,
1278 1300 1329 1344 et
1348 1311 1514 1342 sermo
1536 1299 1955 1357 contemptibilis;

1227 1367 1307 1410 11.
1344 1366 1441 1410 hoc
1462 1365 1678 1424 cogitet,
1714 1366 1797 1422 qui
1818 1367 2065 1423 ejusmodi

1158 1435 1254 1491 cst,
1278 1433 1396 1489 quia
1415 1432 1587 1489 quales
1609 1445 1777 1478 sumus
1801 1435 1959 1479 verbo
1977 1447 2067 1490 per

1158 1501 1418 1558 epistolas,
1432 1503 1684 1560 absentes,
1697 1499 1824 1547 tales
1846 1503 1898 1548 et
1915 1514 2064 1559 prae-

1157 1571 1327 1614 sentes
1347 1568 1401 1612 in
1421 1569 1573 1615 facto.

1225 1647 1305 1690 12.
1343 1646 1458 1689 Nou
1488 1644 1623 1690 enim
1652 1645 1890 1690 audemus
1924 1645 2062 1690 inse-

1156 1725 1293 1768 rere,
1314 1714 1401 1756 aut
1423 1725 1718 1768 comparare
1739 1725 1833 1756 nos
1855 1713 2061 1768 quibus-

1159 1777 1288 1835 dam,
1311 1779 1394 1834 qui
1416 1791 1469 1824 se
1491 1779 1629 1835 ipsos
1651 1779 2035 1824 commendant-³
2048 1794 2062 1834 3

1159 1845 1247 1890 sed
1284 1845 1381 1901 ipsi
1418 1845 1472 1890 in
1504 1845 1651 1890 nobis
1689 1847 1890 1890 nosmet
1925 1847 2063 1902 ipsos

1157 1912 1451 1971 metientes,
1492 1914 1543 1956 et
1570 1915 1920 1970 comparantes
1943 1927 2064 1958 nos—

1156 1983 1258 2026 met
1277 1981 1415 2037 ipsos
1436 1980 1599 2025 nobis.

1226 2050 1305 2093 13.
1342 2048 1449 2093 Nos
1470 2051 1636 2093 autem
1655 2060 1762 2093 non
1782 2048 1835 2093 in
1854 2048 2065 2095 immen-

1155 2130 1265 2161 sum
1286 2115 1644 2174 gloriabimur,
1676 2116 1765 2161 sed
1794 2116 2067 2162 secundum

1152 2197 1440 2229 mensuram
1472 2183 1707 2243 regulae,
1739 2197 1835 2240 qua
1861 2198 2065 2229 mensus

1154 2255 1232 2298 est
1262 2252 1410 2297 nobis
1438 2252 1605 2309 Deus,
1641 2264 1928 2297 mensuram
1947 2266 2065 2310 per-

1152 2320 1384 2377 tingendi
1404 2332 1562 2375 usque
1584 2318 1646 2364 ad
1667 2331 1775 2364 vos.

1222 2402 1301 2445 14.
1337 2400 1455 2445 Non
1485 2400 1620 2445 enim
1650 2399 1791 2455 quasi
1818 2412 1924 2444 non
1946 2412 2063 2455 per-

1152 2468 1409 2525 tingentes
1430 2468 1493 2513 ad
1516 2480 1606 2511 vos
1621 2496 1634 2523 ,
1657 2479 1809 2522 super
1829 2466 2064 2511 extendi-

1152 2548 1263 2580 mus
1284 2548 1379 2579 nos
1394 2548 1407 2590 ς
1424 2547 1579 2589 usque
1600 2532 1662 2577 ad
1679 2546 1768 2577 vos
1790 2533 1923 2578 enim
1945 2546 2063 2589 per·

1155 2602 1385 2647 venimus
1406 2601 1457 2645 in
1477 2598 1765 2657 Evangelio
1787 2598 1987 2646 Christi.

1222 2684 1303 2727 15.
1340 2682 1455 2727 Non
1487 2681 1539 2726 in
1570 2680 1867 2725 immensum
1901 2680 2064 2737 glori-

1153 2752 1297 2795 antes
1326 2749 1379 2795 in
1410 2748 1591 2794 alienis
1611 2746 1895 2804 laboribus3
1924 2761 2063 2805 spem

1154 2820 1321 2863 autem
1356 2816 1598 2862 habentes
1636 2814 1910 2861 crescentis
1947 2816 2062 2862 fidei

1156 2888 1355 2930 vestrae
1366 2914 1381 2943 ,
1410 2883 1470 2942 iu&
1486 2882 1630 2928 vobis
1647 2883 1959 2940 magnificari
1979 2897 2062 2929 se-

1199 2999 1231 3018 “1
1251 2996 1273 3027 1
1294 2992 1385 3028 Cor.
1405 2995 1441 3033 1,
1460 2993 1519 3027 12.
1570 2998 1597 3016 ³
1616 3003 1650 3027 c.
1669 2995 1706 3034 3,
1725 2996 1759 3028 1.

1658 3145 1695 3182 1.
1728 3143 1802 3194 qui
1823 3142 1870 3183 in
1889 3142 2055 3183 faciem

169 3200 352 3252 quidem
378 3196 558 3238 humilis
580 3198 699 3239 iuter
717 3211 796 3238 vos
817 3199 961 3251 (deest
978 3198 1113 3249 sum).
1173 3202 1214 3238 2.
1245 3197 1369 3248 Rogo
1390 3203 1538 3238 autem
1558 3209 1613 3238 na
1637 3196 1781 3249 (deest
1797 3200 1897 3251 vos)
1915 3212 1926 3244 ;
1948 3196 2053 3238 ibid.

174 3256 248 3309 qui
271 3254 548 3295 arbitrantur
566 3258 613 3294 ec
638 3258 863 3307 tamquam
893 3253 1135 3294 secundum
1165 3264 1345 3293 carnem
1376 3250 1651 3294 ambulemus
1676 3254 1759 3305 (et,
1780 3266 1857 3294 car
1874 3258 1979 3294 sunt
1998 3253 2056 3293 ab

171 3310 271 3352 alia
291 3322 433 3350 manu
453 3307 656 3364 (antiqua.
715 3308 853 3351 Prior
879 3307 1000 3351 enim
1028 3307 1261 3363 scriptura
1278 3306 1514 3349 intercidit
1532 3309 1586 3349 ob
1604 3307 1830 3363 foramen
1850 3308 1899 3349 in
1919 3320 2055 3348 mem-

171 3367 338 3412 brana,
352 3363 536 3420 favilla
545 3363 721 3419 forsan
744 3365 952 3405 lucernae
974 3364 1197 3419 (Μαρια).
1257 3368 1299 3404 4.
1332 3378 1419 3405 non
1438 3362 1639 3405 carnalia
1659 3364 1736 3405 sed
1752 3366 1896 3415 (deest
1912 3368 2053 3409 sunt).

173 3425 214 3462 ἵ.
252 3423 288 3463 si
326 3422 426 3473 quis
457 3421 650 3461 confidet
726 3424 766 3462 9.
800 3435 881 3475 per
912 3420 1148 3475 epistulas.
1211 3424 1276 3460 10.
1309 3417 1686 3473 epistulae-‚ibim
1710 3424 1755 3458 et.
1776 3419 1909 3459 fortis
1932 3418 2055 3468 (sic).

178 3482 244 3518 11.
279 3490 360 3530 per
399 3474 633 3529 epistulas.
708 3480 772 3517 13.
816 3474 1108 3527 gloriabimur
1145 3476 1387 3517 secundum
1430 3476 1571 3524 (deest
1608 3475 1709 3525 sed)
1728 3489 1739 3521 ς
1780 3473 1888 3516 ibid.
1927 3487 2055 3526 quam

175 3546 358 3574 mensus
375 3536 467 3579 est3
486 3530 595 3573 ibid.
621 3532 744 3573 Deus
767 3532 1050 3587 pertingendi
1071 3545 1210 3584 usque
1231 3533 1373 3582 (deest
1392 3531 1679 3580 mensuram)-
