2376 3925
284 181 351 232 68

286 279 721 341 gubutdiscipulos
742 291 881 339 suos,
904 279 1077 326 dicens
1098 280 1196 326 eis:

214 397 223 406 ,
288 350 451 405 Quem
469 361 551 394 me
570 347 743 393 dicunt
760 359 874 392 esse
893 347 1157 394 hominem⁸

355 435 435 480 28.
474 431 573 484 Qui
599 429 975 488 responderunt
992 430 1095 490 illi,
1120 429 1198 476 di-

288 499 775 548 eenteszlounnem⁶
796 498 1086 558 Baptistam,
1110 497 1200 543 alii

285 567 476 625 Elium,
507 565 595 611 alii
624 579 751 612 vero
782 566 927 623 quasi
950 579 1107 612 unum
1136 565 1198 611 de

288 633 567 694 prophetis.

356 704 437 748 29.
474 703 619 748 Tunc
639 699 763 746 dicit
780 698 909 746 illis:
941 701 1047 745 Vos
1068 713 1196 746 vero

289 783 439 828 quem
465 782 547 815 me
576 782 689 814 esse
727 767 925 813 dicitis?
961 768 1198 825 Respon-

290 837 414 884 dens
432 837 641 894 Petrus,
674 835 747 882 uit
766 835 839 880 ei:
872 836 952 882 Tu
972 849 1026 882 es
1048 836 1198 882 Chri-

289 903 421 951 stus!

356 973 437 1018 30.
471 971 541 1016 Et
576 961 953 1018 comminamus
990 972 1069 1018 est
1103 971 1198 1032 eis,

288 1054 355 1086 ne
375 1039 457 1085 cui
476 1038 703 1085 dicerent
722 1037 783 1084 de
801 1037 912 1084 illo.

356 1108 437 1152 31.
471 1105 542 1151 Et
582 1105 793 1164 coepite
846 1106 1031 1152 docere
1088 1119 1197 1166 eos,

289 1173 527 1230 quoniam
554 1175 759 1232 oportet
773 1173 960 1220 Filium
977 1174 1199 1220 hominis

289 1242 394 1300 pati
412 1240 586 1299 multa,
610 1243 661 1287 et
678 1242 945 1299 reprobari
962 1255 993 1288 a
1012 1243 1199 1289 Senio-

288 1310 428 1355 ribus
441 1340 455 1367 ‚
478 1310 529 1354 et
546 1323 577 1354 a
595 1309 800 1356 summis
822 1310 1197 1365 Sacerdotibus,

290 1380 343 1421 et
362 1375 567 1436 Scribis,
590 1379 642 1422 et
661 1377 851 1436 occidi3
884 1380 936 1424 et
961 1379 1078 1435 post
1094 1378 1199 1423 tres

292 1444 398 1489 dies
416 1456 704 1502 resurgere.

360 1511 440 1555 32.
467 1510 537 1556 Et
555 1509 721 1567 palam
732 1513 943 1557 verbum
952 1510 1203 1567 loqueba-

290 1581 387 1622 tur.
456 1577 527 1622 Et
544 1577 927 1636 apprehendens
960 1591 1073 1624 eum
1097 1578 1199 1624 Pe-

290 1647 417 1704 trus,
440 1644 608 1702 coepit
625 1636 930 1703 increpareh
950 1659 1078 1691 eum.

360 1731 441 1776 33.
480 1728 580 1782 Qui
599 1741 907 1789 conversus,
940 1731 992 1776 et
1016 1728 1198 1778 videns

293 1796 567 1855 discipulos
586 1811 735 1857 suos,
762 1797 1092 1844 comminutus
1122 1800 1202 1844 est

291 1867 464 1924 Petro,
504 1865 705 1912 dicens:
742 1864 883 1912 Vade
918 1866 1061 1912 retro
1097 1879 1198 1925 me,

294 1933 469 1979 satana
480 1927 518 1979 ’Ἰ
532 1933 771 1991 quoniam
784 1946 891 1980 non
902 1932 1055 1992 sapis,
1070 1946 1199 1991 quae

295 2000 395 2048 Dei
414 2003 549 2060 sunt,
588 2002 679 2047 sed
714 2014 843 2057 quae
881 2003 1000 2047 sunt
1034 2000 1202 2047 homi-

291 2082 427 2117 num.

361 2135 440 2178 34.
476 2132 545 2179 Et
582 2134 866 2179 convocata
902 2134 1050 2179 turba
1088 2148 1201 2181 cuin

294 2198 551 2257 discipulis
571 2200 703 2259 suis,
726 2199 856 2245 dixit
874 2200 974 2246 eis:
1006 2199 1063 2247 si
1088 2202 1200 2259 quis

292 2266 405 2313 vult
448 2280 528 2313 me
566 2268 710 2324 sequi
719 2297 743 2363 ἲ
778 2268 995 2326 deneget
1022 2270 1202 2317 ‘semet

292 2336 472 2393 ipsum,
494 2335 545 2381 et
561 2334 711 2382 tollat
752 2348 950 2383 crucem
969 2348 1127 2397 suam,
1149 2340 1203 2384 et

296 2404 535 2460 sequatur
552 2416 648 2450 me.

362 2472 442 2517 35.
465 2471 564 2523 Qui
578 2462 974 2518 enimlvoluerit
985 2471 1202 2519 animam

295 2551 436 2584 suum
454 2538 647 2585 salvam
662 2539 851 2598 facere,
862 2539 1041 2597 perdet
1060 2553 1200 2599 eam3

295 2605 381 2662 qui
398 2609 567 2653 autem
582 2605 860 2665 perdiderit
878 2606 1096 2653 animam
1113 2620 1202 2654 su·-

296 2685 375 2717 am
392 2676 601 2732 propter
628 2688 735 2734 me,
767 2675 819 2721 et
844 2674 1201 2735 Evangelium,

297 2737 489 2785 salvum
506 2742 663 2789 faciet
681 2756 807 2789 eam.

366 2806 446 2850 36.
484 2808 615 2860 Quid
634 2812 770 2858 enim
790 2809 1020 2870 proderit
1036 2809 1203 2857 homi-

847 175 1204 229 MARCUS.

1277 173 1446 228 CAP.
1483 175 1534 224 8.
1553 171 1606 223 9.

1336 280 1418 324 37.
1451 279 1552 323 Aut
1565 277 1684 334 quid
1697 276 1834 323 dubit
1857 277 2012 322 homo
2034 289 2176 324 eom-

1265 345 1560 392 mututionis
1579 357 1676 405 pro
1695 343 1862 390 anima
1881 345 2008 390 suu?

1335 415 1414 458 38.
1453 412 1552 465 Qui
1609 412 1746 457 enim
1795 423 1878 458 me
1929 413 2179 460 confusus

1267 480 1437 539 fuerit,
1459 483 1510 525 et
1527 481 1686 525 verba
1703 492 1843 538 mea,
1871 479 1928 525 in
1957 493 2179 538 genera-

1266 548 1407 594 tione
1425 548 1525 592 ἰείη
1543 546 1772 592 adultera
1794 549 1845 593 et
1861 547 2178 606 peccatrice3

1267 617 1318 662 et
1343 615 1506 661 Filius
1534 614 1753 660 hominis
1787 615 2182 662 confundetur*¹⁸

1267 697 1404 742 eum,
1435 695 1547 728 cum
1565 680 1806 729 veneritn
1821 682 1878 728 in
1899 681 2067 740 gloria
2083 696 2178 742 pa-

1267 751 1360 797 tris
1381 751 1462 798 sui
1483 763 1595 796 cum
1613 749 1811 808 angelis
1835 751 2044 796 sanctis.

1336 821 1416 865 39.
1451 819 1520 864 Et
1539 818 1734 864 dicebat
1753 817 1882 863 illis:
1917 819 2080 865 Amen
2099 818 2179 864 di-

1267 899 1330 934 eo
1349 887 1514 946 vobis,
1526 886 1644 943 qnia
1661 887 1780 930 sunt
1797 885 1999 942 quidam
2017 886 2079 932 de
2096 886 2179 933 hic

1268 955 1514 1001 stantibus
1536 984 1550 1013 ‚
1605 953 1692 1010 qui
1743 966 1853 998 non
1905 956 2181 1012 gustabunt

1266 1025 1499 1081 mortem,
1521 1021 1683 1068 donec
1705 1020 1943 1068 videantv
1959 1034 2176 1081 regnum

1266 1091 1383 1151 Dei,
1404 1089 1620 1137 veniens
1639 1088 1695 1134 in
1713 1089 1920 1135 virtute.

1554 1253 1725 1306 CAP.
1791 1253 1885 1304 IX.

1267 1354 1404 1398 Jesus
1423 1355 1783 1407 transfiguretur.
1813 1352 1968 1396 Elium
1993 1355 2174 1397 venisse

1269 1412 1578 1460 demonstran
1609 1411 1790 1453 surdum
1808 1421 1861 1450 nc
1887 1414 2058 1452 mutum
2079 1412 2175 1465 spi-

1267 1467 1404 1508 ritum
1451 1463 1602 1518 ejicit;
1647 1465 1768 1508 mala
1802 1476 1881 1507 sua
1927 1466 2174 1518 praedicit.

1268 1522 1378 1570 Quis
1415 1521 1735 1577 discipulorum
1768 1519 1909 1572 major
1936 1520 2025 1563 siti
2064 1521 2176 1564 Am-

1267 1577 1518 1632 putandum
1567 1589 1745 1626 munus,
1791 1575 1922 1630 pedis
1959 1580 2009 1618 et
2048 1577 2176 1620 oculi

1586 1631 1860 1676 scandalum.

1335 1729 1382 1772 1.
1415 1727 1525 1773 PEt
1558 1729 1677 1785 post
1704 1727 1808 1774 dies
1836 1739 1934 1773 sex
1961 1729 2175 1774 assumit

1266 1795 1415 1842 Iesus
1450 1795 1681 1854 Petrum,
1723 1796 1775 1841 et
1808 1795 2082 1854 Jacobum,
2121 1799 2176 1842 et

1266 1863 1543 1920 Joennem3
1573 1863 1624 1909 et
1651 1862 1788 1909 ducit
1813 1861 1932 1909 illos
1950 1863 2005 1908 in
2022 1876 2172 1910 mon-

1265 1931 1368 1977 tem
1388 1930 1646 1978 excelsum
1665 1943 1894 1977 seorsum
1924 1929 2090 1991 solos,
2120 1933 2174 1977 et

1266 2000 1436 2044 transii
1443 2001 1648 2055 guretus
1670 2001 1747 2044 est
1765 2011 1937 2044 coram
1953 1998 2092 2057 ipsis.

1336 2067 1381 2111 2.
1417 2066 1486 2111 Et
1532 2066 1835 2112 vestimentu
1880 2066 1992 2123 ejus
2038 2068 2172 2114 facta

1268 2136 1386 2180 sunt
1404 2132 1747 2194 splendentia,
1779 2135 1831 2179 et
1857 2133 2070 2181 candida
2087 2135 2172 2180 ni-

1265 2200 1360 2246 mis
1389 2199 1533 2247 velut
1560 2201 1679 2261 nix,
1709 2200 1878 2258 qualia
1909 2201 2036 2247 fullo
2065 2215 2174 2247 non

1267 2270 1438 2328 potest
1455 2281 1607 2326 super
1633 2270 1825 2316 terram
1853 2268 2066 2316 candida
2091 2271 2174 2317 fa-

1270 2350 1402 2383 cere.

1335 2406 1382 2449 3.
1417 2404 1485 2450 Et
1513 2403 1745 2461 apparuit
1769 2403 1872 2451 illis
1897 2404 2039 2453 Elius
2063 2419 2178 2451 cum

1268 2473 1481 2530 Moyse3
1517 2474 1570 2518 et
1597 2475 1745 2518 erant
1771 2472 2039 2529 loquentes
2064 2488 2179 2519 eum

1268 2540 1405 2585 Iesu.
2053 2536 2060 2541 ’

1335 2608 1383 2652 4.
1418 2606 1486 2652 Et
1511 2606 1828 2665 respondens
1854 2609 2063 2667 Petrus,
2104 2610 2180 2653 ait

1269 2674 1417 2719 Iesu:
1443 2675 1620 2721 Rabbi!
1649 2677 1836 2721 bonum
1863 2678 1940 2722 est
1966 2689 2064 2721 nos
2093 2675 2178 2721 hic

1272 2754 1412 2800 esse,
1454 2744 1506 2787 et
1533 2742 1774 2789 faciamus
1807 2743 1907 2789 tria
1933 2744 2175 2790 taberna-

1272 2808 1400 2868 cula,
1423 2810 1538 2857 Tibi
1556 2823 1727 2870 unum,
1750 2812 1802 2856 et
1813 2811 1984 2871 Moysi
2001 2824 2178 2869 unum,

298 2872 369 2931 ni,
391 2872 436 2919 si
454 2871 679 2923 lucretur
696 2879 937 2926 mundum
950 2879 1130 2938 totum,
1154 2879 1206 2925 et
1273 2879 1324 2923 et
1341 2876 1486 2924 Eliee
1505 2890 1674 2924 unum.

300 2939 653 2987 detrimentum
662 2946 858 2993 animae
881 2959 1001 2993 suae
1020 2946 1204 2993 faciat?

344 3056 361 3076 θ
378 3046 525 3086 Matth.
545 3051 607 3091 14,
625 3053 660 3087 2.
688 3048 734 3099 ..f
752 3065 783 3091 c.
802 3059 839 3097 9,
857 3058 895 3093 8.
942 3061 969 3090 e
986 3054 1132 3093 Matth.
1144 3057 1204 3097 16,

298 3100 356 3133 21.
386 3092 515 3131 ²⁸·Joh.
534 3099 592 3137 n,
612 3098 651 3133 8.
683 3103 697 3122 ι
713 3102 737 3133 2
753 3099 989 3146 Reg.19‚22.
1021 3099 1043 3129 k
1058 3100 1193 3138 Manli

299 3147 359 3184 lo,
375 3144 434 3180 38.
454 3153 513 3189 sq.
561 3140 576 3168 ι
590 3140 681 3181 soh.
699 3148 758 3189 12,
776 3149 832 3184 23.

1341 2948 1387 2991 5.
1421 2946 1539 2991 Non
1560 2946 1694 2991 enim
1713 2944 1930 3005 sciebat,
1960 2944 2080 3005 qnid
2099 2944 2180 2991 di-

1319 3054 1513 3091 ¹¹⁸Msuh.
1549 3058 1611 3096 10,
1646 3058 1704 3093 33.
1799 3056 1986 3092 *Mann-
2020 3058 2086 3099 20,
2118 3060 2182 3095 81.

1275 3106 1292 3126 ⁰
1307 3100 1452 3138 Mauh.
1481 3104 1541 3143 26,
1565 3104 1627 3139 64.
1673 3108 1698 3135 Ρ
1715 3112 1756 3139 v.
1780 3106 1924 3149 1—12.
1947 3099 2099 3139 Mauh.
2119 3106 2180 3143 1⁷.

1193 3152 1208 3166 ·
1273 3150 1419 3185 1—13.
1443 3146 1545 3183 Luc.
1563 3151 1602 3189 9,
1619 3150 1778 3186 28-36

416 3290 530 3346 Gap.
560 3290 694 3334 vm.
772 3295 842 3336 29.
876 3292 1027 3336 dicitis
1065 3308 1180 3338 esse.
1257 3298 1328 3337 31.
1361 3295 1524 3338 docere
1561 3293 1694 3347 illos;
1730 3295 1841 3340 ibid.
1880 3295 2023 3339 multu
2059 3300 2178 3352 pnti-

302 3351 371 3390 ³4.
402 3354 511 3404 post
545 3361 617 3390 me
654 3350 807 3401 sequi3
844 3347 953 3391 ibid.
993 3349 1187 3402 deneget
1221 3364 1270 3394 se
1305 3351 1468 3406 ipsum.

1554 3355 1622 3395 35.
1675 3350 1848 3395 salvum
1884 3364 1984 3395 eun
2020 3353 2183 3397 faciet.

302 3406 373 3445 ³6.
424 3404 741 3447 detrimentum
776 3404 920 3445 faciet
957 3404 1133 3446 animae
1170 3418 1293 3447 suae.
1367 3408 1438 3449 37.
1485 3408 1889 3451 commutationem.
1963 3412 2034 3453 38.
2080 3422 2185 3453 meu

302 3460 453 3500 verbe.

305 3516 345 3553 4.
378 3513 450 3555 hie
467 3528 550 3557 nos
564 3528 678 3558 esse-

580 3456 670 3501 IX.
737 3462 779 3500 2.
819 3457 1111 3513 splendentia
1136 3462 1358 3512 candidu
1393 3461 1505 3506 ibui.
1536 3476 1670 3519 super
1696 3468 1864 3507 terrun
1891 3478 1981 3507 non
2007 3470 2180 3520 potest.
