<?xml version="1.0" encoding="UTF-8"?>
<!DOCTYPE html PUBLIC "-//W3C//DTD XHTML 1.0 Transitional//EN"
    "http://www.w3.org/TR/xhtml1/DTD/xhtml1-transitional.dtd">
<html xmlns="http://www.w3.org/1999/xhtml" xml:lang="en" lang="en">
 <head>
  <title>
</title>
<meta http-equiv="Content-Type" content="text/html;charset=utf-8" />
  <meta name='ocr-system' content='tesseract 3.04.00' />
  <meta name='ocr-capabilities' content='ocr_page ocr_carea ocr_par ocr_line ocrx_word'/>
</head>
<body>
  <div class='ocr_page' id='page_1' title='image "./novumtestamentu01flecgoog_0393.png"; bbox 0 0 2376 3925; ppageno 0'>
   <div class='ocr_carea' id='block_1_1' title="bbox 345 154 1855 215">
    <p class='ocr_par' dir='ltr' id='par_1_1' title="bbox 345 154 1855 215">
     <span class='ocr_line' id='line_1_1' title="bbox 345 154 1855 215; baseline 0.007 -11"><span class='ocrx_word' id='word_1_1' title='bbox 345 154 568 206; x_wconf 77' lang='lat' dir='ltr'><strong>EPIST.</strong></span> <span class='ocrx_word' id='word_1_2' title='bbox 606 156 822 208; x_wconf 85' lang='lat' dir='ltr'>PAULI</span> <span class='ocrx_word' id='word_1_3' title='bbox 856 158 951 209; x_wconf 79' lang='lat' dir='ltr'><strong>AD</strong></span> <span class='ocrx_word' id='word_1_4' title='bbox 989 158 1441 211; x_wconf 73' lang='lat' dir='ltr'><strong>THESSALON.</strong></span> <span class='ocrx_word' id='word_1_5' title='bbox 1479 164 1519 211; x_wconf 92' lang='lat'><strong>1.</strong></span> <span class='ocrx_word' id='word_1_6' title='bbox 1560 164 1711 213; x_wconf 82' lang='lat' dir='ltr'><strong>cAP.</strong></span> <span class='ocrx_word' id='word_1_7' title='bbox 1735 164 1782 213; x_wconf 72' lang='lat'><strong>4.</strong></span> <span class='ocrx_word' id='word_1_8' title='bbox 1808 166 1855 215; x_wconf 86' lang='lat'><strong>5.</strong></span> 
     </span>
    </p>
   </div>
   <div class='ocr_carea' id='block_1_2' title="bbox 1967 168 2069 218">
    <p class='ocr_par' dir='ltr' id='par_1_2' title="bbox 1967 168 2069 218">
     <span class='ocr_line' id='line_1_2' title="bbox 1967 168 2069 218; baseline 0.01 -1"><span class='ocrx_word' id='word_1_9' title='bbox 1967 168 2069 218; x_wconf 77' lang='lat'><strong>325</strong></span> 
     </span>
    </p>
   </div>
   <div class='ocr_carea' id='block_1_3' title="bbox 188 228 2071 251">
    <p class='ocr_par' dir='ltr' id='par_1_3' title="bbox 188 228 2071 251">
     <span class='ocr_line' id='line_1_3' title="bbox 188 228 2071 251; baseline 0 3674"><span class='ocrx_word' id='word_1_10' title='bbox 188 228 2071 251; x_wconf 95' lang='lat' dir='ltr'><strong> </strong></span> 
     </span>
    </p>
   </div>
   <div class='ocr_carea' id='block_1_4' title="bbox 163 257 1094 2049">
    <p class='ocr_par' dir='ltr' id='par_1_4' title="bbox 185 257 1094 371">
     <span class='ocr_line' id='line_1_4' title="bbox 186 257 1094 317; baseline 0.007 -16"><span class='ocrx_word' id='word_1_11' title='bbox 186 258 270 313; x_wconf 83' lang='lat' dir='ltr'><strong>qui</strong></span> <span class='ocrx_word' id='word_1_12' title='bbox 289 257 416 303; x_wconf 75' lang='lat' dir='ltr'><strong>foris</strong></span> <span class='ocrx_word' id='word_1_13' title='bbox 437 262 576 316; x_wconf 86' lang='lat' dir='ltr'><strong>sunt3</strong></span> <span class='ocrx_word' id='word_1_14' title='bbox 609 262 660 303; x_wconf 87' lang='lat' dir='ltr'><strong>et</strong></span> <span class='ocrx_word' id='word_1_15' title='bbox 687 258 874 305; x_wconf 89' lang='lat' dir='ltr'><strong>nullius</strong></span> <span class='ocrx_word' id='word_1_16' title='bbox 904 262 1094 317; x_wconf 87' lang='lat' dir='ltr'><strong>aliquid</strong></span> 
     </span>
     <span class='ocr_line' id='line_1_5' title="bbox 185 324 498 371; baseline 0 -2"><span class='ocrx_word' id='word_1_17' title='bbox 185 324 498 371; x_wconf 86' lang='lat' dir='ltr'><strong>desideretis.</strong></span> 
     </span>
    </p>

    <p class='ocr_par' dir='ltr' id='par_1_5' title="bbox 180 391 1093 651">
     <span class='ocr_line' id='line_1_6' title="bbox 251 391 1092 452; baseline 0.008 -18"><span class='ocrx_word' id='word_1_18' title='bbox 251 392 334 435; x_wconf 83' lang='lat'><strong>12.</strong></span> <span class='ocrx_word' id='word_1_19' title='bbox 369 391 614 437; x_wconf 76' lang='lat' dir='ltr'>Nolumus</span> <span class='ocrx_word' id='word_1_20' title='bbox 634 394 798 439; x_wconf 85' lang='lat' dir='ltr'><strong>autem</strong></span> <span class='ocrx_word' id='word_1_21' title='bbox 821 406 914 439; x_wconf 87' lang='lat' dir='ltr'><strong>vos</strong></span> <span class='ocrx_word' id='word_1_22' title='bbox 939 394 1092 452; x_wconf 80' lang='lat' dir='ltr'><strong>igno-</strong></span> 
     </span>
     <span class='ocr_line' id='line_1_7' title="bbox 185 458 1089 521; baseline 0.006 -18"><span class='ocrx_word' id='word_1_23' title='bbox 185 471 320 516; x_wconf 87' lang='lat' dir='ltr'><strong>rare,</strong></span> <span class='ocrx_word' id='word_1_24' title='bbox 339 458 551 504; x_wconf 80' lang='lat' dir='ltr'><strong>fratres!</strong></span> <span class='ocrx_word' id='word_1_25' title='bbox 585 460 645 505; x_wconf 91' lang='lat' dir='ltr'><strong>de</strong></span> <span class='ocrx_word' id='word_1_26' title='bbox 676 460 1089 521; x_wconf 73' lang='lat' dir='ltr'><strong>dormientibus¹⁴‚</strong></span> 
     </span>
     <span class='ocr_line' id='line_1_8' title="bbox 180 526 1093 585; baseline 0.005 -15"><span class='ocrx_word' id='word_1_27' title='bbox 180 528 238 571; x_wconf 90' lang='lat' dir='ltr'><strong>ut</strong></span> <span class='ocrx_word' id='word_1_28' title='bbox 277 539 381 571; x_wconf 89' lang='lat' dir='ltr'><strong>non</strong></span> <span class='ocrx_word' id='word_1_29' title='bbox 430 526 824 585; x_wconf 78' lang='lat' dir='ltr'><strong>contristemini,</strong></span> <span class='ocrx_word' id='word_1_30' title='bbox 874 529 1006 574; x_wconf 88' lang='lat' dir='ltr'><strong>sicut</strong></span> <span class='ocrx_word' id='word_1_31' title='bbox 1043 533 1093 575; x_wconf 88' lang='lat' dir='ltr'><strong>et</strong></span> 
     </span>
     <span class='ocr_line' id='line_1_9' title="bbox 182 594 1004 651; baseline 0.004 -13"><span class='ocrx_word' id='word_1_32' title='bbox 182 594 391 651; x_wconf 88' lang='lat' dir='ltr'><strong>caeteri,</strong></span> <span class='ocrx_word' id='word_1_33' title='bbox 415 594 500 649; x_wconf 91' lang='lat' dir='ltr'><strong>qui</strong></span> <span class='ocrx_word' id='word_1_34' title='bbox 521 607 658 650; x_wconf 86' lang='lat' dir='ltr'><strong>spem</strong></span> <span class='ocrx_word' id='word_1_35' title='bbox 678 607 783 640; x_wconf 91' lang='lat' dir='ltr'><strong>non</strong></span> <span class='ocrx_word' id='word_1_36' title='bbox 803 595 1004 641; x_wconf 89' lang='lat' dir='ltr'><strong>habent.</strong></span> 
     </span>
    </p>

    <p class='ocr_par' dir='ltr' id='par_1_6' title="bbox 175 660 1089 920">
     <span class='ocr_line' id='line_1_10' title="bbox 249 660 1088 720; baseline 0.006 -17"><span class='ocrx_word' id='word_1_37' title='bbox 249 662 330 705; x_wconf 83' lang='lat'><strong>13.</strong></span> <span class='ocrx_word' id='word_1_38' title='bbox 354 661 409 706; x_wconf 88' lang='lat' dir='ltr'><strong>Si</strong></span> <span class='ocrx_word' id='word_1_39' title='bbox 429 660 560 705; x_wconf 88' lang='lat' dir='ltr'><strong>enim</strong></span> <span class='ocrx_word' id='word_1_40' title='bbox 577 661 842 720; x_wconf 88' lang='lat' dir='ltr'><strong>credimus,</strong></span> <span class='ocrx_word' id='word_1_41' title='bbox 855 663 990 718; x_wconf 90' lang='lat' dir='ltr'><strong>quod</strong></span> <span class='ocrx_word' id='word_1_42' title='bbox 1000 664 1088 709; x_wconf 85' lang='lat' dir='ltr'><strong>Je-</strong></span> 
     </span>
     <span class='ocr_line' id='line_1_11' title="bbox 178 729 1087 789; baseline 0.006 -18"><span class='ocrx_word' id='word_1_43' title='bbox 178 741 266 772; x_wconf 80' lang='lat' dir='ltr'><strong>sus</strong></span> <span class='ocrx_word' id='word_1_44' title='bbox 298 729 526 773; x_wconf 87' lang='lat' dir='ltr'><strong>mortuus</strong></span> <span class='ocrx_word' id='word_1_45' title='bbox 557 732 658 788; x_wconf 87' lang='lat' dir='ltr'><strong>est,</strong></span> <span class='ocrx_word' id='word_1_46' title='bbox 696 732 748 774; x_wconf 89' lang='lat' dir='ltr'><strong>et</strong></span> <span class='ocrx_word' id='word_1_47' title='bbox 771 731 1087 789; x_wconf 85' lang='lat' dir='ltr'><strong>resurrexit;</strong></span> 
     </span>
     <span class='ocr_line' id='line_1_12' title="bbox 176 794 1089 854; baseline 0.005 -15"><span class='ocrx_word' id='word_1_48' title='bbox 176 796 250 839; x_wconf 88' lang='lat' dir='ltr'><strong>ita</strong></span> <span class='ocrx_word' id='word_1_49' title='bbox 270 797 323 839; x_wconf 91' lang='lat' dir='ltr'><strong>et</strong></span> <span class='ocrx_word' id='word_1_50' title='bbox 345 794 482 840; x_wconf 79' lang='lat' dir='ltr'><strong>Deus</strong></span> <span class='ocrx_word' id='word_1_51' title='bbox 512 808 628 854; x_wconf 84' lang='lat' dir='ltr'><strong>eos,</strong></span> <span class='ocrx_word' id='word_1_52' title='bbox 659 797 745 852; x_wconf 90' lang='lat' dir='ltr'><strong>qui</strong></span> <span class='ocrx_word' id='word_1_53' title='bbox 776 796 1089 844; x_wconf 89' lang='lat' dir='ltr'><strong>dormierunt</strong></span> 
     </span>
     <span class='ocr_line' id='line_1_13' title="bbox 175 862 976 920; baseline 0.002 -13"><span class='ocrx_word' id='word_1_54' title='bbox 175 875 272 919; x_wconf 89' lang='lat' dir='ltr'><strong>per</strong></span> <span class='ocrx_word' id='word_1_55' title='bbox 291 862 479 920; x_wconf 87' lang='lat' dir='ltr'><strong>Jesum,</strong></span> <span class='ocrx_word' id='word_1_56' title='bbox 499 862 713 909; x_wconf 75' lang='lat' dir='ltr'><strong>adducet</strong></span> <span class='ocrx_word' id='word_1_57' title='bbox 732 877 842 909; x_wconf 89' lang='lat' dir='ltr'><strong>cum</strong></span> <span class='ocrx_word' id='word_1_58' title='bbox 863 877 924 909; x_wconf 88' lang='lat' dir='ltr'><strong>eo</strong></span> <span class='ocrx_word' id='word_1_59' title='bbox 936 872 976 910; x_wconf 63' lang='grc' dir='ltr'><strong>ν.</strong></span> 
     </span>
    </p>

    <p class='ocr_par' dir='ltr' id='par_1_7' title="bbox 169 930 1087 1254">
     <span class='ocr_line' id='line_1_14' title="bbox 245 930 1087 977; baseline 0.005 -4"><span class='ocrx_word' id='word_1_60' title='bbox 245 932 326 973; x_wconf 80' lang='grc'><strong>14.</strong></span> <span class='ocrx_word' id='word_1_61' title='bbox 355 930 464 976; x_wconf 88' lang='lat' dir='ltr'><strong>Hoc</strong></span> <span class='ocrx_word' id='word_1_62' title='bbox 487 930 619 976; x_wconf 88' lang='lat' dir='ltr'><strong>enim</strong></span> <span class='ocrx_word' id='word_1_63' title='bbox 639 931 784 976; x_wconf 84' lang='lat' dir='ltr'><strong>vobis</strong></span> <span class='ocrx_word' id='word_1_64' title='bbox 806 931 1013 977; x_wconf 76' lang='lat' dir='ltr'><strong>dicimus</strong></span> <span class='ocrx_word' id='word_1_65' title='bbox 1032 932 1087 977; x_wconf 89' lang='lat' dir='ltr'><strong>in</strong></span> 
     </span>
     <span class='ocr_line' id='line_1_15' title="bbox 170 997 1085 1057; baseline 0.003 -16"><span class='ocrx_word' id='word_1_66' title='bbox 170 999 334 1043; x_wconf 83' lang='lat' dir='ltr'><strong>verbo</strong></span> <span class='ocrx_word' id='word_1_67' title='bbox 354 997 584 1055; x_wconf 86' lang='lat' dir='ltr'><strong>Domini,</strong></span> <span class='ocrx_word' id='word_1_68' title='bbox 617 998 732 1053; x_wconf 85' lang='lat' dir='ltr'><strong>quia</strong></span> <span class='ocrx_word' id='word_1_69' title='bbox 752 1011 847 1044; x_wconf 92' lang='lat' dir='ltr'><strong>nos</strong></span> <span class='ocrx_word' id='word_1_70' title='bbox 860 1029 874 1057; x_wconf 93' lang='lat'><strong>,</strong></span> <span class='ocrx_word' id='word_1_71' title='bbox 902 998 988 1055; x_wconf 90' lang='lat' dir='ltr'><strong>qui</strong></span> <span class='ocrx_word' id='word_1_72' title='bbox 1008 1000 1085 1044; x_wconf 81' lang='lat' dir='ltr'><strong>vi-</strong></span> 
     </span>
     <span class='ocr_line' id='line_1_16' title="bbox 170 1064 1084 1121; baseline 0.003 -13"><span class='ocrx_word' id='word_1_73' title='bbox 170 1065 366 1121; x_wconf 77' lang='lat' dir='ltr'><strong>vimus,</strong></span> <span class='ocrx_word' id='word_1_74' title='bbox 395 1064 482 1120; x_wconf 91' lang='lat' dir='ltr'><strong>qui</strong></span> <span class='ocrx_word' id='word_1_75' title='bbox 509 1064 701 1110; x_wconf 77' lang='lat' dir='ltr'><strong>residui</strong></span> <span class='ocrx_word' id='word_1_76' title='bbox 730 1078 898 1111; x_wconf 80' lang='lat' dir='ltr'><strong>sumus</strong></span> <span class='ocrx_word' id='word_1_77' title='bbox 919 1066 972 1111; x_wconf 86' lang='lat' dir='ltr'><strong>in</strong></span> <span class='ocrx_word' id='word_1_78' title='bbox 995 1067 1084 1111; x_wconf 86' lang='lat' dir='ltr'><strong>ad-</strong></span> 
     </span>
     <span class='ocr_line' id='line_1_17' title="bbox 171 1130 1084 1189; baseline 0.005 -15"><span class='ocrx_word' id='word_1_79' title='bbox 171 1133 384 1177; x_wconf 75' lang='lat' dir='ltr'><strong>ventum</strong></span> <span class='ocrx_word' id='word_1_80' title='bbox 401 1130 635 1189; x_wconf 87' lang='lat' dir='ltr'><strong>Domini,</strong></span> <span class='ocrx_word' id='word_1_81' title='bbox 657 1144 763 1175; x_wconf 90' lang='lat' dir='ltr'><strong>non</strong></span> <span class='ocrx_word' id='word_1_82' title='bbox 782 1133 1084 1189; x_wconf 85' lang='lat' dir='ltr'><strong>praevenie-</strong></span> 
     </span>
     <span class='ocr_line' id='line_1_18' title="bbox 169 1198 920 1254; baseline 0.004 -11"><span class='ocrx_word' id='word_1_83' title='bbox 169 1212 286 1243; x_wconf 79' lang='lat' dir='ltr'><strong>mus</strong></span> <span class='ocrx_word' id='word_1_84' title='bbox 299 1204 335 1225; x_wconf 63' lang='grc' dir='ltr'><em>Ψ</em></span> <span class='ocrx_word' id='word_1_85' title='bbox 353 1211 462 1254; x_wconf 83' lang='lat' dir='ltr'><strong>eos,</strong></span> <span class='ocrx_word' id='word_1_86' title='bbox 485 1198 572 1254; x_wconf 87' lang='lat' dir='ltr'><strong>qui</strong></span> <span class='ocrx_word' id='word_1_87' title='bbox 591 1198 920 1246; x_wconf 82' lang='lat' dir='ltr'><strong>dormierunt.</strong></span> 
     </span>
    </p>

    <p class='ocr_par' dir='ltr' id='par_1_8' title="bbox 163 1266 1086 1592">
     <span class='ocr_line' id='line_1_19' title="bbox 246 1266 1082 1323; baseline 0.005 -14"><span class='ocrx_word' id='word_1_88' title='bbox 246 1268 326 1310; x_wconf 88' lang='lat'><strong>15.</strong></span> <span class='ocrx_word' id='word_1_89' title='bbox 366 1266 616 1319; x_wconf 75' lang='lat' dir='ltr'><strong>Quoniam</strong></span> <span class='ocrx_word' id='word_1_90' title='bbox 635 1266 743 1323; x_wconf 88' lang='lat' dir='ltr'><strong>ipse</strong></span> <span class='ocrx_word' id='word_1_91' title='bbox 761 1267 1009 1313; x_wconf 75' lang='lat' dir='ltr'><strong>Dominus</strong></span> <span class='ocrx_word' id='word_1_92' title='bbox 1029 1268 1082 1313; x_wconf 89' lang='lat' dir='ltr'><strong>in</strong></span> 
     </span>
     <span class='ocr_line' id='line_1_20' title="bbox 163 1334 1086 1393; baseline 0.003 -16"><span class='ocrx_word' id='word_1_93' title='bbox 163 1334 345 1391; x_wconf 78' lang='lat' dir='ltr'><strong>jussu,</strong></span> <span class='ocrx_word' id='word_1_94' title='bbox 369 1334 491 1378; x_wconf 90' lang='lat' dir='ltr'><strong>etin</strong></span> <span class='ocrx_word' id='word_1_95' title='bbox 512 1346 638 1378; x_wconf 83' lang='lat' dir='ltr'><strong>voce</strong></span> <span class='ocrx_word' id='word_1_96' title='bbox 669 1334 1000 1393; x_wconf 78' lang='lat' dir='ltr'><strong>Archangeli,</strong></span> <span class='ocrx_word' id='word_1_97' title='bbox 1034 1338 1086 1382; x_wconf 88' lang='lat' dir='ltr'><strong>et</strong></span> 
     </span>
     <span class='ocr_line' id='line_1_21' title="bbox 169 1400 1080 1461; baseline 0.004 -17"><span class='ocrx_word' id='word_1_98' title='bbox 169 1402 226 1445; x_wconf 89' lang='lat' dir='ltr'><strong>in</strong></span> <span class='ocrx_word' id='word_1_99' title='bbox 247 1402 367 1446; x_wconf 90' lang='lat' dir='ltr'><strong>tuba</strong></span> <span class='ocrx_word' id='word_1_100' title='bbox 385 1400 482 1445; x_wconf 87' lang='lat' dir='ltr'><strong>Dei</strong></span> <span class='ocrx_word' id='word_1_101' title='bbox 502 1400 771 1447; x_wconf 83' lang='lat' dir='ltr'><strong>descendet</strong></span> <span class='ocrx_word' id='word_1_102' title='bbox 790 1402 850 1447; x_wconf 89' lang='lat' dir='ltr'><strong>de</strong></span> <span class='ocrx_word' id='word_1_103' title='bbox 871 1403 1080 1461; x_wconf 62' lang='lat' dir='ltr'><strong>coelo-&#39;3</strong></span> 
     </span>
     <span class='ocr_line' id='line_1_22' title="bbox 169 1468 1078 1529; baseline 0.003 -16"><span class='ocrx_word' id='word_1_104' title='bbox 169 1470 224 1513; x_wconf 86' lang='lat' dir='ltr'><strong>et</strong></span> <span class='ocrx_word' id='word_1_105' title='bbox 252 1468 469 1526; x_wconf 90' lang='lat' dir='ltr'><strong>mortui,</strong></span> <span class='ocrx_word' id='word_1_106' title='bbox 508 1468 594 1524; x_wconf 89' lang='lat' dir='ltr'><strong>qui</strong></span> <span class='ocrx_word' id='word_1_107' title='bbox 621 1468 676 1512; x_wconf 90' lang='lat' dir='ltr'><strong>in</strong></span> <span class='ocrx_word' id='word_1_108' title='bbox 714 1469 916 1515; x_wconf 83' lang='lat' dir='ltr'><strong>Christo</strong></span> <span class='ocrx_word' id='word_1_109' title='bbox 946 1472 1078 1529; x_wconf 89' lang='lat' dir='ltr'><strong>sunt,</strong></span> 
     </span>
     <span class='ocr_line' id='line_1_23' title="bbox 167 1535 629 1592; baseline 0.002 -13"><span class='ocrx_word' id='word_1_110' title='bbox 167 1536 448 1592; x_wconf 81' lang='lat' dir='ltr'><strong>resurgent</strong></span> <span class='ocrx_word' id='word_1_111' title='bbox 466 1535 629 1591; x_wconf 87' lang='lat' dir='ltr'><strong>primi.</strong></span> 
     </span>
    </p>

    <p class='ocr_par' dir='ltr' id='par_1_9' title="bbox 163 1602 1080 1914">
     <span class='ocr_line' id='line_1_24' title="bbox 240 1602 1077 1662; baseline 0.005 -17"><span class='ocrx_word' id='word_1_112' title='bbox 240 1603 323 1645; x_wconf 85' lang='grc'><strong>16.</strong></span> <span class='ocrx_word' id='word_1_113' title='bbox 359 1602 557 1647; x_wconf 90' lang='lat' dir='ltr'><strong>Deinde</strong></span> <span class='ocrx_word' id='word_1_114' title='bbox 585 1613 709 1659; x_wconf 87' lang='lat' dir='ltr'><strong>nos,</strong></span> <span class='ocrx_word' id='word_1_115' title='bbox 740 1603 826 1658; x_wconf 86' lang='lat' dir='ltr'><strong>qui</strong></span> <span class='ocrx_word' id='word_1_116' title='bbox 844 1602 1077 1662; x_wconf 84' lang='lat' dir='ltr'><strong>vivimus,</strong></span> 
     </span>
     <span class='ocr_line' id='line_1_25' title="bbox 165 1668 1079 1727; baseline 0.002 -14"><span class='ocrx_word' id='word_1_117' title='bbox 165 1669 256 1725; x_wconf 89' lang='lat' dir='ltr'><strong>qui</strong></span> <span class='ocrx_word' id='word_1_118' title='bbox 277 1668 638 1726; x_wconf 81' lang='lat' dir='ltr'><strong>relinquimur,</strong></span> <span class='ocrx_word' id='word_1_119' title='bbox 661 1668 808 1727; x_wconf 81' lang='lat' dir='ltr'><strong>simul</strong></span> <span class='ocrx_word' id='word_1_120' title='bbox 827 1670 1079 1725; x_wconf 81' lang='lat' dir='ltr'><strong>rapiemur</strong></span> 
     </span>
     <span class='ocr_line' id='line_1_26' title="bbox 164 1734 1079 1781; baseline -0.001 0"><span class='ocrx_word' id='word_1_121' title='bbox 164 1750 281 1781; x_wconf 89' lang='lat' dir='ltr'><strong>cum</strong></span> <span class='ocrx_word' id='word_1_122' title='bbox 305 1735 406 1780; x_wconf 90' lang='lat' dir='ltr'><strong>illis</strong></span> <span class='ocrx_word' id='word_1_123' title='bbox 427 1734 480 1778; x_wconf 91' lang='lat' dir='ltr'><strong>in</strong></span> <span class='ocrx_word' id='word_1_124' title='bbox 499 1734 712 1779; x_wconf 80' lang='lat' dir='ltr'><strong>nubibus</strong></span> <span class='ocrx_word' id='word_1_125' title='bbox 725 1736 921 1780; x_wconf 88' lang='lat' dir='ltr'><strong>obviam</strong></span> <span class='ocrx_word' id='word_1_126' title='bbox 933 1737 1079 1781; x_wconf 89' lang='lat' dir='ltr'><strong>Chri-</strong></span> 
     </span>
     <span class='ocr_line' id='line_1_27' title="bbox 163 1799 1080 1859; baseline 0 -11"><span class='ocrx_word' id='word_1_127' title='bbox 163 1807 248 1849; x_wconf 83' lang='lat' dir='ltr'><strong>sto</strong></span> <span class='ocrx_word' id='word_1_128' title='bbox 287 1802 340 1845; x_wconf 89' lang='lat' dir='ltr'><strong>in</strong></span> <span class='ocrx_word' id='word_1_129' title='bbox 369 1802 515 1857; x_wconf 68' lang='lat' dir='ltr'><strong>aera,</strong></span> <span class='ocrx_word' id='word_1_130' title='bbox 554 1803 605 1845; x_wconf 93' lang='lat' dir='ltr'><strong>et</strong></span> <span class='ocrx_word' id='word_1_131' title='bbox 633 1799 705 1845; x_wconf 90' lang='lat' dir='ltr'><strong>sic</strong></span> <span class='ocrx_word' id='word_1_132' title='bbox 738 1814 935 1859; x_wconf 88' lang='lat' dir='ltr'><strong>semper</strong></span> <span class='ocrx_word' id='word_1_133' title='bbox 970 1816 1080 1848; x_wconf 89' lang='lat' dir='ltr'><strong>cum</strong></span> 
     </span>
     <span class='ocr_line' id='line_1_28' title="bbox 163 1867 662 1914; baseline -0.006 0"><span class='ocrx_word' id='word_1_134' title='bbox 163 1868 397 1914; x_wconf 90' lang='lat' dir='ltr'><strong>Domino</strong></span> <span class='ocrx_word' id='word_1_135' title='bbox 420 1867 662 1912; x_wconf 81' lang='lat' dir='ltr'><strong>erimusy.</strong></span> 
     </span>
    </p>

    <p class='ocr_par' dir='ltr' id='par_1_10' title="bbox 165 1933 1076 2049">
     <span class='ocr_line' id='line_1_29' title="bbox 238 1933 1076 1991; baseline 0.002 -11"><span class='ocrx_word' id='word_1_136' title='bbox 238 1938 320 1980; x_wconf 76' lang='lat'><strong>17.</strong></span> <span class='ocrx_word' id='word_1_137' title='bbox 357 1936 530 1991; x_wconf 84' lang='lat' dir='ltr'><strong>ltaque</strong></span> <span class='ocrx_word' id='word_1_138' title='bbox 571 1933 906 1981; x_wconf 79' lang='lat' dir='ltr'><strong>consolamini</strong></span> <span class='ocrx_word' id='word_1_139' title='bbox 941 1936 1076 1982; x_wconf 88' lang='lat' dir='ltr'><strong>invi-</strong></span> 
     </span>
     <span class='ocr_line' id='line_1_30' title="bbox 165 2002 690 2049; baseline -0.002 0"><span class='ocrx_word' id='word_1_140' title='bbox 165 2019 281 2049; x_wconf 88' lang='lat' dir='ltr'><strong>cem</strong></span> <span class='ocrx_word' id='word_1_141' title='bbox 304 2004 354 2048; x_wconf 90' lang='lat' dir='ltr'><strong>in</strong></span> <span class='ocrx_word' id='word_1_142' title='bbox 380 2002 544 2049; x_wconf 86' lang='lat' dir='ltr'><strong>verbis</strong></span> <span class='ocrx_word' id='word_1_143' title='bbox 565 2002 690 2049; x_wconf 90' lang='lat' dir='ltr'><strong>istis.</strong></span> 
     </span>
    </p>
   </div>
   <div class='ocr_carea' id='block_1_5' title="bbox 473 2101 774 2174">
    <p class='ocr_par' dir='ltr' id='par_1_11' title="bbox 473 2101 774 2174">
     <span class='ocr_line' id='line_1_31' title="bbox 473 2101 774 2174; baseline -0.007 -22"><span class='ocrx_word' id='word_1_144' title='bbox 473 2101 642 2174; x_wconf 69' lang='grc' dir='ltr'><strong>οᾼι).</strong></span> <span class='ocrx_word' id='word_1_145' title='bbox 708 2101 774 2153; x_wconf 82' lang='grc' dir='ltr'><strong>ν.</strong></span> 
     </span>
    </p>
   </div>
   <div class='ocr_carea' id='block_1_6' title="bbox 163 2184 1077 2343">
    <p class='ocr_par' dir='ltr' id='par_1_12' title="bbox 163 2184 1077 2343">
     <span class='ocr_line' id='line_1_32' title="bbox 163 2184 1077 2237; baseline 0 -11"><span class='ocrx_word' id='word_1_146' title='bbox 163 2186 255 2226; x_wconf 80' lang='lat' dir='ltr'><strong>Est</strong></span> <span class='ocrx_word' id='word_1_147' title='bbox 276 2186 472 2226; x_wconf 81' lang='lat' dir='ltr'><strong>incertus</strong></span> <span class='ocrx_word' id='word_1_148' title='bbox 491 2188 538 2226; x_wconf 88' lang='lat' dir='ltr'><strong>et</strong></span> <span class='ocrx_word' id='word_1_149' title='bbox 557 2186 821 2237; x_wconf 83' lang='lat' dir='ltr'><strong>repentinus</strong></span> <span class='ocrx_word' id='word_1_150' title='bbox 841 2184 938 2226; x_wconf 86' lang='lat' dir='ltr'><strong>dies</strong></span> <span class='ocrx_word' id='word_1_151' title='bbox 951 2184 1077 2236; x_wconf 84' lang='lat' dir='ltr'><strong>judi-</strong></span> 
     </span>
     <span class='ocr_line' id='line_1_33' title="bbox 164 2239 1077 2293; baseline 0 -12"><span class='ocrx_word' id='word_1_152' title='bbox 164 2242 243 2281; x_wconf 86' lang='lat' dir='ltr'><strong>cii.</strong></span> <span class='ocrx_word' id='word_1_153' title='bbox 309 2241 376 2282; x_wconf 84' lang='lat' dir='ltr'><strong>De</strong></span> <span class='ocrx_word' id='word_1_154' title='bbox 398 2239 564 2281; x_wconf 81' lang='lat' dir='ltr'><strong>officiis</strong></span> <span class='ocrx_word' id='word_1_155' title='bbox 586 2252 691 2292; x_wconf 76' lang='lat' dir='ltr'><strong>erga</strong></span> <span class='ocrx_word' id='word_1_156' title='bbox 710 2239 959 2293; x_wconf 77' lang='lat' dir='ltr'><strong>praesides,</strong></span> <span class='ocrx_word' id='word_1_157' title='bbox 981 2241 1077 2281; x_wconf 85' lang='lat' dir='ltr'><strong>fra-</strong></span> 
     </span>
     <span class='ocr_line' id='line_1_34' title="bbox 477 2295 766 2343; baseline -0.014 -6"><span class='ocrx_word' id='word_1_158' title='bbox 477 2300 585 2343; x_wconf 86' lang='lat' dir='ltr'><strong>tres,</strong></span> <span class='ocrx_word' id='word_1_159' title='bbox 609 2295 766 2336; x_wconf 86' lang='lat' dir='ltr'><strong>Deum.</strong></span> 
     </span>
    </p>
   </div>
   <div class='ocr_carea' id='block_1_7' title="bbox 160 2371 1077 2899">
    <p class='ocr_par' dir='ltr' id='par_1_13' title="bbox 160 2371 1077 2564">
     <span class='ocr_line' id='line_1_35' title="bbox 237 2371 1077 2442; baseline 0.002 -27"><span class='ocrx_word' id='word_1_160' title='bbox 237 2374 284 2415; x_wconf 86' lang='lat'><strong>1.</strong></span> <span class='ocrx_word' id='word_1_161' title='bbox 328 2371 404 2416; x_wconf 93' lang='lat' dir='ltr'><strong>De</strong></span> <span class='ocrx_word' id='word_1_162' title='bbox 445 2371 754 2428; x_wconf 88' lang='lat' dir='ltr'><strong>temporibus</strong></span> <span class='ocrx_word' id='word_1_163' title='bbox 793 2373 959 2442; x_wconf 65' lang='lat' dir='ltr'><strong>autem</strong></span> <span class='ocrx_word' id='word_1_164' title='bbox 973 2402 987 2429; x_wconf 87' lang='lat'><strong>,</strong></span> <span class='ocrx_word' id='word_1_165' title='bbox 1027 2375 1077 2417; x_wconf 88' lang='lat' dir='ltr'><strong>et</strong></span> 
     </span>
     <span class='ocr_line' id='line_1_36' title="bbox 161 2438 1075 2498; baseline 0 -14"><span class='ocrx_word' id='word_1_166' title='bbox 161 2439 468 2484; x_wconf 70' lang='lat' dir='ltr'><strong>momenti-2</strong></span> <span class='ocrx_word' id='word_1_167' title='bbox 482 2469 496 2498; x_wconf 92' lang='lat'><strong>,</strong></span> <span class='ocrx_word' id='word_1_168' title='bbox 526 2440 727 2497; x_wconf 80' lang='lat' dir='ltr'><strong>fratres,</strong></span> <span class='ocrx_word' id='word_1_169' title='bbox 749 2451 854 2484; x_wconf 90' lang='lat' dir='ltr'><strong>non</strong></span> <span class='ocrx_word' id='word_1_170' title='bbox 873 2438 1075 2496; x_wconf 84' lang='lat' dir='ltr'><strong>indige-</strong></span> 
     </span>
     <span class='ocr_line' id='line_1_37' title="bbox 160 2506 798 2564; baseline 0 -13"><span class='ocrx_word' id='word_1_171' title='bbox 160 2507 250 2564; x_wconf 79' lang='lat' dir='ltr'><strong>tis,</strong></span> <span class='ocrx_word' id='word_1_172' title='bbox 275 2510 328 2551; x_wconf 91' lang='lat' dir='ltr'><strong>ut</strong></span> <span class='ocrx_word' id='word_1_173' title='bbox 347 2506 618 2552; x_wconf 79' lang='lat' dir='ltr'><strong>scribamus</strong></span> <span class='ocrx_word' id='word_1_174' title='bbox 639 2506 798 2551; x_wconf 85' lang='lat' dir='ltr'><strong>vobis.</strong></span> 
     </span>
    </p>

    <p class='ocr_par' dir='ltr' id='par_1_14' title="bbox 162 2572 1074 2764">
     <span class='ocr_line' id='line_1_38' title="bbox 236 2572 1073 2632; baseline 0.001 -15"><span class='ocrx_word' id='word_1_175' title='bbox 236 2575 284 2618; x_wconf 80' lang='lat'><strong>2.</strong></span> <span class='ocrx_word' id='word_1_176' title='bbox 321 2573 422 2629; x_wconf 89' lang='lat' dir='ltr'><strong>lpsi</strong></span> <span class='ocrx_word' id='word_1_177' title='bbox 449 2573 583 2619; x_wconf 88' lang='lat' dir='ltr'><strong>enim</strong></span> <span class='ocrx_word' id='word_1_178' title='bbox 612 2573 881 2630; x_wconf 82' lang='lat' dir='ltr'><strong>diligenter</strong></span> <span class='ocrx_word' id='word_1_179' title='bbox 917 2572 1073 2632; x_wconf 86' lang='lat' dir='ltr'><strong>scitis,</strong></span> 
     </span>
     <span class='ocr_line' id='line_1_39' title="bbox 162 2640 1074 2701; baseline 0.002 -17"><span class='ocrx_word' id='word_1_180' title='bbox 162 2641 286 2696; x_wconf 87' lang='lat' dir='ltr'><strong>quia</strong></span> <span class='ocrx_word' id='word_1_181' title='bbox 306 2640 643 2701; x_wconf 86' lang='lat' dir='ltr'><strong>diesDomini,</strong></span> <span class='ocrx_word' id='word_1_182' title='bbox 657 2640 787 2686; x_wconf 87' lang='lat' dir='ltr'><strong>sicut</strong></span> <span class='ocrx_word' id='word_1_183' title='bbox 802 2642 884 2686; x_wconf 81' lang='lat' dir='ltr'><strong>fur</strong></span> <span class='ocrx_word' id='word_1_184' title='bbox 903 2641 958 2686; x_wconf 88' lang='lat' dir='ltr'><strong>in</strong></span> <span class='ocrx_word' id='word_1_185' title='bbox 977 2653 1074 2686; x_wconf 87' lang='lat' dir='ltr'><strong>no-</strong></span> 
     </span>
     <span class='ocr_line' id='line_1_40' title="bbox 165 2707 604 2764; baseline -0.002 -11"><span class='ocrx_word' id='word_1_186' title='bbox 165 2711 268 2764; x_wconf 90' lang='lat' dir='ltr'><strong>cte,</strong></span> <span class='ocrx_word' id='word_1_187' title='bbox 289 2707 360 2752; x_wconf 86' lang='lat' dir='ltr'><strong>ita</strong></span> <span class='ocrx_word' id='word_1_188' title='bbox 382 2708 552 2753; x_wconf 84' lang='lat' dir='ltr'><strong>veniet</strong></span> <span class='ocrx_word' id='word_1_189' title='bbox 563 2714 604 2752; x_wconf 64' lang='grc' dir='ltr'><strong>α.</strong></span> 
     </span>
    </p>

    <p class='ocr_par' dir='ltr' id='par_1_15' title="bbox 163 2774 1076 2899">
     <span class='ocr_line' id='line_1_41' title="bbox 236 2774 1076 2833; baseline -0.001 -14"><span class='ocrx_word' id='word_1_190' title='bbox 236 2775 284 2819; x_wconf 83' lang='grc'><strong>3.</strong></span> <span class='ocrx_word' id='word_1_191' title='bbox 323 2776 446 2820; x_wconf 89' lang='lat' dir='ltr'><strong>Cum</strong></span> <span class='ocrx_word' id='word_1_192' title='bbox 465 2774 596 2819; x_wconf 91' lang='lat' dir='ltr'><strong>enim</strong></span> <span class='ocrx_word' id='word_1_193' title='bbox 618 2774 864 2820; x_wconf 82' lang='lat' dir='ltr'><strong>dixerint:</strong></span> <span class='ocrx_word' id='word_1_194' title='bbox 885 2787 1003 2833; x_wconf 81' lang='lat' dir='ltr'><strong>pax,</strong></span> <span class='ocrx_word' id='word_1_195' title='bbox 1025 2775 1076 2819; x_wconf 92' lang='lat' dir='ltr'><strong>et</strong></span> 
     </span>
     <span class='ocr_line' id='line_1_42' title="bbox 163 2839 1074 2899; baseline -0.002 -11"><span class='ocrx_word' id='word_1_196' title='bbox 163 2839 434 2888; x_wconf 79' lang='lat' dir='ltr'><strong>securitas!</strong></span> <span class='ocrx_word' id='word_1_197' title='bbox 447 2843 567 2886; x_wconf 88' lang='lat' dir='ltr'><strong>tunc</strong></span> <span class='ocrx_word' id='word_1_198' title='bbox 585 2842 880 2899; x_wconf 87' lang='lat' dir='ltr'><strong>repentinus</strong></span> <span class='ocrx_word' id='word_1_199' title='bbox 893 2841 966 2887; x_wconf 91' lang='lat' dir='ltr'><strong>eis</strong></span> <span class='ocrx_word' id='word_1_200' title='bbox 987 2855 1074 2886; x_wconf 87' lang='lat' dir='ltr'><strong>su-</strong></span> 
     </span>
    </p>
   </div>
   <div class='ocr_carea' id='block_1_8' title="bbox 157 2936 1072 3164">
    <p class='ocr_par' dir='ltr' id='par_1_16' title="bbox 157 2936 1072 3164">
     <span class='ocr_line' id='line_1_43' title="bbox 210 2936 1071 2980; baseline -0.002 -6"><span class='ocrx_word' id='word_1_201' title='bbox 210 2946 232 2962; x_wconf 75' lang='lat'><strong>¹²</strong></span> <span class='ocrx_word' id='word_1_202' title='bbox 250 2942 272 2972; x_wconf 97' lang='grc'><strong>1</strong></span> <span class='ocrx_word' id='word_1_203' title='bbox 293 2937 380 2974; x_wconf 88' lang='lat' dir='ltr'><strong>Cor.</strong></span> <span class='ocrx_word' id='word_1_204' title='bbox 404 2939 460 2980; x_wconf 89' lang='grc'><strong>15,</strong></span> <span class='ocrx_word' id='word_1_205' title='bbox 480 2939 537 2975; x_wconf 89' lang='grc'><strong>18.</strong></span> <span class='ocrx_word' id='word_1_206' title='bbox 584 2944 605 2962; x_wconf 72' lang='lat'><strong>¹³</strong></span> <span class='ocrx_word' id='word_1_207' title='bbox 624 2942 644 2973; x_wconf 90' lang='lat'><strong>1</strong></span> <span class='ocrx_word' id='word_1_208' title='bbox 665 2936 754 2973; x_wconf 86' lang='lat' dir='ltr'><strong>Cor.</strong></span> <span class='ocrx_word' id='word_1_209' title='bbox 774 2939 818 2978; x_wconf 86' lang='grc'><strong>6,</strong></span> <span class='ocrx_word' id='word_1_210' title='bbox 839 2939 896 2973; x_wconf 83' lang='grc'><strong>14.</strong></span> <span class='ocrx_word' id='word_1_211' title='bbox 926 2940 991 2978; x_wconf 86' lang='grc'><strong>15,</strong></span> <span class='ocrx_word' id='word_1_212' title='bbox 1011 2940 1071 2973; x_wconf 83' lang='lat'><strong>23.</strong></span> 
     </span>
     <span class='ocr_line' id='line_1_44' title="bbox 159 2981 1072 3027; baseline -0.001 -8"><span class='ocrx_word' id='word_1_213' title='bbox 159 2983 286 3019; x_wconf 83' lang='lat' dir='ltr'><strong>Rom.</strong></span> <span class='ocrx_word' id='word_1_214' title='bbox 304 2985 352 3027; x_wconf 82' lang='lat'><strong>8,</strong></span> <span class='ocrx_word' id='word_1_215' title='bbox 371 2987 428 3020; x_wconf 87' lang='grc'><strong>11.</strong></span> <span class='ocrx_word' id='word_1_216' title='bbox 477 2990 508 3008; x_wconf 75' lang='lat'><strong>¹⁰</strong></span> <span class='ocrx_word' id='word_1_217' title='bbox 527 2987 548 3020; x_wconf 89' lang='lat'><strong>1</strong></span> <span class='ocrx_word' id='word_1_218' title='bbox 569 2983 660 3018; x_wconf 84' lang='lat' dir='ltr'><strong>Cor.</strong></span> <span class='ocrx_word' id='word_1_219' title='bbox 681 2987 747 3024; x_wconf 86' lang='grc'><strong>15,</strong></span> <span class='ocrx_word' id='word_1_220' title='bbox 775 2988 834 3019; x_wconf 88' lang='grc'><strong>51.</strong></span> <span class='ocrx_word' id='word_1_221' title='bbox 885 2989 912 3007; x_wconf 69' lang='lat'><strong>⁴·</strong></span> <span class='ocrx_word' id='word_1_222' title='bbox 927 2981 1072 3018; x_wconf 77' lang='lat' dir='ltr'><strong>Matth.</strong></span> 
     </span>
     <span class='ocr_line' id='line_1_45' title="bbox 157 3027 1071 3076; baseline -0.004 -8"><span class='ocrx_word' id='word_1_223' title='bbox 157 3035 226 3072; x_wconf 81' lang='lat'><strong>2⁵,</strong></span> <span class='ocrx_word' id='word_1_224' title='bbox 246 3033 306 3067; x_wconf 88' lang='grc'><strong>31.</strong></span> <span class='ocrx_word' id='word_1_225' title='bbox 339 3034 361 3066; x_wconf 89' lang='grc'><strong>1</strong></span> <span class='ocrx_word' id='word_1_226' title='bbox 383 3029 474 3066; x_wconf 87' lang='lat' dir='ltr'><strong>Cor.</strong></span> <span class='ocrx_word' id='word_1_227' title='bbox 491 3034 558 3072; x_wconf 89' lang='grc'><strong>15,</strong></span> <span class='ocrx_word' id='word_1_228' title='bbox 585 3033 646 3066; x_wconf 96' lang='grc'><strong>51.</strong></span> <span class='ocrx_word' id='word_1_229' title='bbox 675 3040 762 3076; x_wconf 79' lang='lat' dir='ltr'><strong>sqq.</strong></span> <span class='ocrx_word' id='word_1_230' title='bbox 790 3027 920 3072; x_wconf 81' lang='lat' dir='ltr'><strong>Apoc.</strong></span> <span class='ocrx_word' id='word_1_231' title='bbox 949 3033 1016 3070; x_wconf 90' lang='grc'><strong>10,</strong></span> <span class='ocrx_word' id='word_1_232' title='bbox 1036 3033 1071 3064; x_wconf 88' lang='grc'><strong>7.</strong></span> 
     </span>
     <span class='ocr_line' id='line_1_46' title="bbox 159 3075 1071 3118; baseline -0.003 -6"><span class='ocrx_word' id='word_1_233' title='bbox 159 3086 186 3112; x_wconf 68' lang='lat' dir='ltr'><em>Y</em></span> <span class='ocrx_word' id='word_1_234' title='bbox 209 3089 244 3112; x_wconf 86' lang='lat' dir='ltr'><strong>c.</strong></span> <span class='ocrx_word' id='word_1_235' title='bbox 265 3080 302 3117; x_wconf 88' lang='grc'><strong>5,</strong></span> <span class='ocrx_word' id='word_1_236' title='bbox 322 3081 380 3114; x_wconf 93' lang='grc'><strong>10.</strong></span> <span class='ocrx_word' id='word_1_237' title='bbox 411 3075 499 3113; x_wconf 81' lang='lat' dir='ltr'><strong>Joh.</strong></span> <span class='ocrx_word' id='word_1_238' title='bbox 518 3080 577 3118; x_wconf 83' lang='lat'><strong>12,</strong></span> <span class='ocrx_word' id='word_1_239' title='bbox 595 3079 654 3114; x_wconf 84' lang='lat'><strong>26.</strong></span> <span class='ocrx_word' id='word_1_240' title='bbox 673 3079 734 3116; x_wconf 83' lang='lat'><strong>14,</strong></span> <span class='ocrx_word' id='word_1_241' title='bbox 753 3080 790 3112; x_wconf 86' lang='grc'><strong>3.</strong></span> <span class='ocrx_word' id='word_1_242' title='bbox 821 3075 937 3110; x_wconf 84' lang='lat' dir='ltr'><strong>Rom.</strong></span> <span class='ocrx_word' id='word_1_243' title='bbox 956 3077 992 3116; x_wconf 88' lang='lat'><strong>8,</strong></span> <span class='ocrx_word' id='word_1_244' title='bbox 1013 3079 1071 3111; x_wconf 85' lang='grc'><strong>17.</strong></span> 
     </span>
     <span class='ocr_line' id='line_1_47' title="bbox 160 3119 1072 3164; baseline -0.004 -4"><span class='ocrx_word' id='word_1_245' title='bbox 160 3132 178 3148; x_wconf 71' lang='lat'><em>²</em></span> <span class='ocrx_word' id='word_1_246' title='bbox 202 3122 350 3160; x_wconf 75' lang='lat' dir='ltr'><strong>Matth.</strong></span> <span class='ocrx_word' id='word_1_247' title='bbox 369 3126 439 3163; x_wconf 69' lang='lat'><strong>24,</strong></span> <span class='ocrx_word' id='word_1_248' title='bbox 457 3126 517 3160; x_wconf 83' lang='lat'><strong>36.</strong></span> <span class='ocrx_word' id='word_1_249' title='bbox 550 3121 642 3159; x_wconf 75' lang='lat' dir='ltr'><strong>Act.</strong></span> <span class='ocrx_word' id='word_1_250' title='bbox 660 3126 705 3164; x_wconf 85' lang='grc'><strong>1,</strong></span> <span class='ocrx_word' id='word_1_251' title='bbox 724 3125 760 3159; x_wconf 83' lang='grc'><strong>7.</strong></span> <span class='ocrx_word' id='word_1_252' title='bbox 807 3128 828 3148; x_wconf 78' lang='lat'>⁸</span> <span class='ocrx_word' id='word_1_253' title='bbox 846 3119 989 3158; x_wconf 71' lang='lat' dir='ltr'><strong>Matth.</strong></span> <span class='ocrx_word' id='word_1_254' title='bbox 1007 3123 1072 3163; x_wconf 78' lang='lat'><strong>24,</strong></span> 
     </span>
    </p>
   </div>
   <div class='ocr_carea' id='block_1_9' title="bbox 158 3172 394 3206">
    <p class='ocr_par' dir='ltr' id='par_1_17' title="bbox 158 3172 394 3206">
     <span class='ocr_line' id='line_1_48' title="bbox 158 3172 394 3206; baseline -0.013 0"><span class='ocrx_word' id='word_1_255' title='bbox 158 3174 224 3206; x_wconf 81' lang='lat'><strong>43.</strong></span> <span class='ocrx_word' id='word_1_256' title='bbox 245 3173 313 3205; x_wconf 83' lang='lat'><strong>44.</strong></span> <span class='ocrx_word' id='word_1_257' title='bbox 332 3172 394 3205; x_wconf 92' lang='grc'><strong>50.</strong></span> 
     </span>
    </p>
   </div>
   <div class='ocr_carea' id='block_1_10' title="bbox 165 3315 557 3426">
    <p class='ocr_par' dir='ltr' id='par_1_18' title="bbox 165 3315 557 3426">
     <span class='ocr_line' id='line_1_49' title="bbox 286 3315 511 3370; baseline -0.009 -14"><span class='ocrx_word' id='word_1_258' title='bbox 286 3317 399 3370; x_wconf 78' lang='lat' dir='ltr'><strong>Cap.</strong></span> <span class='ocrx_word' id='word_1_259' title='bbox 429 3315 511 3356; x_wconf 82' lang='lat' dir='ltr'><strong>lv.</strong></span> 
     </span>
     <span class='ocr_line' id='line_1_50' title="bbox 165 3371 557 3426; baseline -0.005 -11"><span class='ocrx_word' id='word_1_260' title='bbox 165 3374 273 3415; x_wconf 81' lang='lat' dir='ltr'><strong>istis</strong></span> <span class='ocrx_word' id='word_1_261' title='bbox 301 3375 448 3424; x_wconf 74' lang='lat' dir='ltr'><strong>(deest</strong></span> <span class='ocrx_word' id='word_1_262' title='bbox 473 3371 557 3426; x_wconf 88' lang='lat' dir='ltr'><strong>in).</strong></span> 
     </span>
    </p>
   </div>
   <div class='ocr_carea' id='block_1_11' title="bbox 590 3315 1113 3368">
    <p class='ocr_par' dir='ltr' id='par_1_19' title="bbox 590 3315 1113 3368">
     <span class='ocr_line' id='line_1_51' title="bbox 590 3315 1113 3368; baseline -0.004 -9"><span class='ocrx_word' id='word_1_263' title='bbox 590 3320 656 3359; x_wconf 85' lang='lat'><strong>11.</strong></span> <span class='ocrx_word' id='word_1_264' title='bbox 691 3316 950 3358; x_wconf 70' lang='lat' dir='ltr'><strong>desider-itis</strong></span> <span class='ocrx_word' id='word_1_265' title='bbox 990 3315 1113 3368; x_wconf 71' lang='lat' dir='ltr'><strong>(sic)-</strong></span> 
     </span>
    </p>
   </div>
   <div class='ocr_carea' id='block_1_12' title="bbox 1159 264 2066 657">
    <p class='ocr_par' dir='ltr' id='par_1_20' title="bbox 1159 264 2066 657">
     <span class='ocr_line' id='line_1_52' title="bbox 1161 264 2066 324; baseline 0.01 -18"><span class='ocrx_word' id='word_1_266' title='bbox 1161 264 1427 319; x_wconf 86' lang='lat' dir='ltr'><strong>perveniet</strong></span> <span class='ocrx_word' id='word_1_267' title='bbox 1463 264 1713 324; x_wconf 87' lang='lat' dir='ltr'><strong>interitus,</strong></span> <span class='ocrx_word' id='word_1_268' title='bbox 1753 268 1883 313; x_wconf 80' lang='lat' dir='ltr'><strong>sicut</strong></span> <span class='ocrx_word' id='word_1_269' title='bbox 1918 270 2066 315; x_wconf 90' lang='lat' dir='ltr'><strong>dolor</strong></span> 
     </span>
     <span class='ocr_line' id='line_1_53' title="bbox 1160 330 2065 441; baseline 0.009 -66"><span class='ocrx_word' id='word_1_270' title='bbox 1160 330 1213 375; x_wconf 87' lang='lat' dir='ltr'><strong>in</strong></span> <span class='ocrx_word' id='word_1_271' title='bbox 1228 332 1382 441; x_wconf 65' lang='lat' dir='ltr'><strong>¹ubtero</strong></span> <span class='ocrx_word' id='word_1_272' title='bbox 1420 331 1646 391; x_wconf 85' lang='lat' dir='ltr'><strong>habenti,</strong></span> <span class='ocrx_word' id='word_1_273' title='bbox 1677 337 1730 379; x_wconf 88' lang='lat' dir='ltr'><strong>et</strong></span> <span class='ocrx_word' id='word_1_274' title='bbox 1756 348 1861 381; x_wconf 90' lang='lat' dir='ltr'><strong>non</strong></span> <span class='ocrx_word' id='word_1_275' title='bbox 1883 337 2065 395; x_wconf 79' lang='lat' dir='ltr'><strong>effugi-</strong></span> 
     </span>
     <span class='ocr_line' id='line_1_54' title="bbox 1161 411 2064 524; baseline 0.01 -16"><span class='ocrx_word' id='word_1_276' title='bbox 1161 411 1294 509; x_wconf 47' lang='lat' dir='ltr'><strong>en4..</strong></span> <span class='ocrx_word' id='word_1_277' title='bbox 1316 465 1422 509; x_wconf 90' lang='lat' dir='ltr'><strong>Vos</strong></span> <span class='ocrx_word' id='word_1_278' title='bbox 1472 468 1637 510; x_wconf 86' lang='lat' dir='ltr'><strong>autem</strong></span> <span class='ocrx_word' id='word_1_279' title='bbox 1651 497 1665 524; x_wconf 86' lang='lat'><strong>,</strong></span> <span class='ocrx_word' id='word_1_280' title='bbox 1712 469 1918 515; x_wconf 80' lang='lat' dir='ltr'><strong>fratres!</strong></span> <span class='ocrx_word' id='word_1_281' title='bbox 1958 484 2064 516; x_wconf 90' lang='lat' dir='ltr'><strong>non</strong></span> 
     </span>
     <span class='ocr_line' id='line_1_55' title="bbox 1160 530 2062 596; baseline 0.009 -20"><span class='ocrx_word' id='word_1_282' title='bbox 1160 531 1281 576; x_wconf 77' lang='lat' dir='ltr'><strong>estis</strong></span> <span class='ocrx_word' id='word_1_283' title='bbox 1303 530 1353 575; x_wconf 91' lang='lat' dir='ltr'><strong>in</strong></span> <span class='ocrx_word' id='word_1_284' title='bbox 1374 532 1623 589; x_wconf 79' lang='lat' dir='ltr'><strong>tenebris,</strong></span> <span class='ocrx_word' id='word_1_285' title='bbox 1644 536 1700 579; x_wconf 93' lang='lat' dir='ltr'><strong>ut</strong></span> <span class='ocrx_word' id='word_1_286' title='bbox 1720 548 1809 581; x_wconf 90' lang='lat' dir='ltr'><strong>vos</strong></span> <span class='ocrx_word' id='word_1_287' title='bbox 1831 537 1937 583; x_wconf 86' lang='lat' dir='ltr'><strong>dies</strong></span> <span class='ocrx_word' id='word_1_288' title='bbox 1958 538 2062 596; x_wconf 90' lang='lat' dir='ltr'><strong>illa,</strong></span> 
     </span>
     <span class='ocr_line' id='line_1_56' title="bbox 1159 600 1987 657; baseline 0.01 -15"><span class='ocrx_word' id='word_1_289' title='bbox 1159 600 1407 654; x_wconf 76' lang='lat' dir='ltr'><strong>tamquam</strong></span> <span class='ocrx_word' id='word_1_290' title='bbox 1428 601 1509 644; x_wconf 81' lang='lat' dir='ltr'><strong>fur</strong></span> <span class='ocrx_word' id='word_1_291' title='bbox 1520 606 1557 657; x_wconf 77' lang='lat'><strong>⁶,</strong></span> <span class='ocrx_word' id='word_1_292' title='bbox 1580 603 1987 657; x_wconf 85' lang='lat' dir='ltr'><strong>comprehendat.</strong></span> 
     </span>
    </p>
   </div>
   <div class='ocr_carea' id='block_1_13' title="bbox 1145 680 2063 2012">
    <p class='ocr_par' dir='ltr' id='par_1_21' title="bbox 1157 680 2061 871">
     <span class='ocr_line' id='line_1_57' title="bbox 1225 680 2061 731; baseline 0.01 -8"><span class='ocrx_word' id='word_1_293' title='bbox 1225 681 1271 723; x_wconf 84' lang='lat'><strong>5.</strong></span> <span class='ocrx_word' id='word_1_294' title='bbox 1308 681 1495 725; x_wconf 85' lang='lat' dir='ltr'><strong>Omnes</strong></span> <span class='ocrx_word' id='word_1_295' title='bbox 1525 680 1659 725; x_wconf 88' lang='lat' dir='ltr'><strong>enim</strong></span> <span class='ocrx_word' id='word_1_296' title='bbox 1686 695 1779 727; x_wconf 89' lang='lat' dir='ltr'><strong>vos</strong></span> <span class='ocrx_word' id='word_1_297' title='bbox 1809 683 1899 729; x_wconf 84' lang='lat' dir='ltr'><strong>filii</strong></span> <span class='ocrx_word' id='word_1_298' title='bbox 1937 686 2061 731; x_wconf 83' lang='lat' dir='ltr'><strong>lucis</strong></span> 
     </span>
     <span class='ocr_line' id='line_1_58' title="bbox 1158 741 2061 805; baseline 0.011 -16"><span class='ocrx_word' id='word_1_299' title='bbox 1158 745 1297 804; x_wconf 85' lang='lat' dir='ltr'><strong>estis,</strong></span> <span class='ocrx_word' id='word_1_300' title='bbox 1338 748 1389 792; x_wconf 87' lang='lat' dir='ltr'><strong>et</strong></span> <span class='ocrx_word' id='word_1_301' title='bbox 1416 747 1505 792; x_wconf 87' lang='lat' dir='ltr'><strong>filii</strong></span> <span class='ocrx_word' id='word_1_302' title='bbox 1544 741 1709 805; x_wconf 70' lang='lat' dir='ltr'><strong>dicid3</strong></span> <span class='ocrx_word' id='word_1_303' title='bbox 1748 762 1855 795; x_wconf 89' lang='lat' dir='ltr'><strong>non</strong></span> <span class='ocrx_word' id='word_1_304' title='bbox 1893 764 2061 799; x_wconf 72' lang='lat' dir='ltr'><strong>sumus</strong></span> 
     </span>
     <span class='ocr_line' id='line_1_59' title="bbox 1157 814 1883 871; baseline 0.008 -15"><span class='ocrx_word' id='word_1_305' title='bbox 1157 814 1340 871; x_wconf 77' lang='lat' dir='ltr'><strong>noctis,</strong></span> <span class='ocrx_word' id='word_1_306' title='bbox 1362 828 1525 871; x_wconf 90' lang='lat' dir='ltr'><strong>neque</strong></span> <span class='ocrx_word' id='word_1_307' title='bbox 1545 817 1883 863; x_wconf 83' lang='lat' dir='ltr'><strong>tenebrarum.</strong></span> 
     </span>
    </p>

    <p class='ocr_par' dir='ltr' id='par_1_22' title="bbox 1153 881 2063 1061">
     <span class='ocr_line' id='line_1_60' title="bbox 1225 881 2063 938; baseline 0.011 -14"><span class='ocrx_word' id='word_1_308' title='bbox 1225 882 1270 924; x_wconf 83' lang='lat'><strong>6.</strong></span> <span class='ocrx_word' id='word_1_309' title='bbox 1306 881 1465 938; x_wconf 85' lang='lat' dir='ltr'><strong>Igitur</strong></span> <span class='ocrx_word' id='word_1_310' title='bbox 1484 895 1592 926; x_wconf 88' lang='lat' dir='ltr'><strong>non</strong></span> <span class='ocrx_word' id='word_1_311' title='bbox 1612 882 1913 931; x_wconf 78' lang='lat' dir='ltr'><strong>dormiamus</strong></span> <span class='ocrx_word' id='word_1_312' title='bbox 1935 887 2063 933; x_wconf 83' lang='lat' dir='ltr'><strong>sicut</strong></span> 
     </span>
     <span class='ocr_line' id='line_1_61' title="bbox 1155 948 2061 1012; baseline 0.01 -21"><span class='ocrx_word' id='word_1_313' title='bbox 1155 949 1207 992; x_wconf 93' lang='lat' dir='ltr'><strong>et</strong></span> <span class='ocrx_word' id='word_1_314' title='bbox 1228 948 1438 1006; x_wconf 86' lang='lat' dir='ltr'><strong>caeteri,</strong></span> <span class='ocrx_word' id='word_1_315' title='bbox 1473 949 1562 995; x_wconf 85' lang='lat' dir='ltr'><strong>sed</strong></span> <span class='ocrx_word' id='word_1_316' title='bbox 1580 950 1871 1012; x_wconf 80' lang='lat' dir='ltr'><strong>vigilemus,</strong></span> <span class='ocrx_word' id='word_1_317' title='bbox 1906 956 1957 999; x_wconf 92' lang='lat' dir='ltr'><strong>et</strong></span> <span class='ocrx_word' id='word_1_318' title='bbox 1976 967 2061 999; x_wconf 87' lang='grc' dir='ltr'><strong>ιο-</strong></span> 
     </span>
     <span class='ocr_line' id='line_1_62' title="bbox 1153 1014 1441 1061; baseline 0.01 -3"><span class='ocrx_word' id='word_1_319' title='bbox 1153 1014 1252 1059; x_wconf 87' lang='lat' dir='ltr'><strong>brii</strong></span> <span class='ocrx_word' id='word_1_320' title='bbox 1274 1015 1441 1061; x_wconf 81' lang='lat' dir='ltr'><strong>simus.</strong></span> 
     </span>
    </p>

    <p class='ocr_par' dir='ltr' id='par_1_23' title="bbox 1152 1082 2059 1261">
     <span class='ocr_line' id='line_1_63' title="bbox 1220 1082 2059 1145; baseline 0.011 -20"><span class='ocrx_word' id='word_1_321' title='bbox 1220 1083 1267 1125; x_wconf 73' lang='lat'><strong>7.</strong></span> <span class='ocrx_word' id='word_1_322' title='bbox 1307 1083 1405 1136; x_wconf 75' lang='lat' dir='ltr'><strong>Qui</strong></span> <span class='ocrx_word' id='word_1_323' title='bbox 1434 1082 1568 1128; x_wconf 90' lang='lat' dir='ltr'><strong>enim</strong></span> <span class='ocrx_word' id='word_1_324' title='bbox 1598 1084 1875 1145; x_wconf 89' lang='lat' dir='ltr'><strong>dormiunt,</strong></span> <span class='ocrx_word' id='word_1_325' title='bbox 1907 1092 2059 1134; x_wconf 89' lang='lat' dir='ltr'><strong>nocte</strong></span> 
     </span>
     <span class='ocr_line' id='line_1_64' title="bbox 1153 1146 2058 1213; baseline 0.01 -21"><span class='ocrx_word' id='word_1_326' title='bbox 1153 1146 1433 1206; x_wconf 79' lang='lat' dir='ltr'><strong>dormiunt3</strong></span> <span class='ocrx_word' id='word_1_327' title='bbox 1469 1154 1521 1195; x_wconf 87' lang='lat' dir='ltr'><strong>et</strong></span> <span class='ocrx_word' id='word_1_328' title='bbox 1545 1152 1630 1207; x_wconf 90' lang='lat' dir='ltr'><strong>qui</strong></span> <span class='ocrx_word' id='word_1_329' title='bbox 1659 1153 1786 1198; x_wconf 87' lang='lat' dir='ltr'><strong>ebrii</strong></span> <span class='ocrx_word' id='word_1_330' title='bbox 1806 1158 1938 1213; x_wconf 81' lang='lat' dir='ltr'><strong>sunt,</strong></span> <span class='ocrx_word' id='word_1_331' title='bbox 1960 1169 2058 1201; x_wconf 91' lang='lat' dir='ltr'><strong>no-</strong></span> 
     </span>
     <span class='ocr_line' id='line_1_65' title="bbox 1152 1216 1529 1261; baseline 0.003 -1"><span class='ocrx_word' id='word_1_332' title='bbox 1152 1219 1231 1261; x_wconf 84' lang='lat' dir='ltr'><strong>cte</strong></span> <span class='ocrx_word' id='word_1_333' title='bbox 1252 1216 1379 1261; x_wconf 88' lang='lat' dir='ltr'><strong>ebrii</strong></span> <span class='ocrx_word' id='word_1_334' title='bbox 1398 1220 1529 1261; x_wconf 88' lang='lat' dir='ltr'><strong>sunt.</strong></span> 
     </span>
    </p>

    <p class='ocr_par' dir='ltr' id='par_1_24' title="bbox 1149 1284 2057 1542">
     <span class='ocr_line' id='line_1_66' title="bbox 1219 1284 2055 1348; baseline 0.008 -21"><span class='ocrx_word' id='word_1_335' title='bbox 1219 1284 1267 1328; x_wconf 89' lang='lat'><strong>8.</strong></span> <span class='ocrx_word' id='word_1_336' title='bbox 1304 1284 1411 1328; x_wconf 89' lang='lat' dir='ltr'><strong>Nos</strong></span> <span class='ocrx_word' id='word_1_337' title='bbox 1432 1287 1623 1344; x_wconf 87' lang='lat' dir='ltr'><strong>autem,</strong></span> <span class='ocrx_word' id='word_1_338' title='bbox 1644 1285 1729 1341; x_wconf 89' lang='lat' dir='ltr'><strong>qui</strong></span> <span class='ocrx_word' id='word_1_339' title='bbox 1751 1286 1849 1331; x_wconf 90' lang='lat' dir='ltr'><strong>diei</strong></span> <span class='ocrx_word' id='word_1_340' title='bbox 1868 1300 2055 1348; x_wconf 87' lang='lat' dir='ltr'><strong>sumus,</strong></span> 
     </span>
     <span class='ocr_line' id='line_1_67' title="bbox 1151 1350 2056 1409; baseline 0.008 -15"><span class='ocrx_word' id='word_1_341' title='bbox 1151 1350 1310 1395; x_wconf 88' lang='lat' dir='ltr'><strong>sobrii</strong></span> <span class='ocrx_word' id='word_1_342' title='bbox 1338 1351 1517 1409; x_wconf 81' lang='lat' dir='ltr'><strong>simus,</strong></span> <span class='ocrx_word' id='word_1_343' title='bbox 1548 1352 1741 1397; x_wconf 79' lang='lat' dir='ltr'><strong>induti⁶</strong></span> <span class='ocrx_word' id='word_1_344' title='bbox 1768 1353 1979 1400; x_wconf 90' lang='lat' dir='ltr'><strong>loricam</strong></span> <span class='ocrx_word' id='word_1_345' title='bbox 1998 1358 2056 1401; x_wconf 76' lang='lat' dir='ltr'><strong>fi-</strong></span> 
     </span>
     <span class='ocr_line' id='line_1_68' title="bbox 1150 1417 2057 1480; baseline 0.007 -19"><span class='ocrx_word' id='word_1_346' title='bbox 1150 1417 1233 1462; x_wconf 88' lang='lat' dir='ltr'><strong>dei</strong></span> <span class='ocrx_word' id='word_1_347' title='bbox 1251 1420 1303 1462; x_wconf 90' lang='lat' dir='ltr'><strong>et</strong></span> <span class='ocrx_word' id='word_1_348' title='bbox 1321 1418 1577 1465; x_wconf 82' lang='lat' dir='ltr'><strong>charitatis</strong></span> <span class='ocrx_word' id='word_1_349' title='bbox 1589 1449 1605 1478; x_wconf 90' lang='lat'><strong>,</strong></span> <span class='ocrx_word' id='word_1_350' title='bbox 1635 1422 1686 1465; x_wconf 91' lang='lat' dir='ltr'><strong>et</strong></span> <span class='ocrx_word' id='word_1_351' title='bbox 1706 1420 1899 1477; x_wconf 84' lang='lat' dir='ltr'><strong>galeam</strong></span> <span class='ocrx_word' id='word_1_352' title='bbox 1919 1436 2057 1480; x_wconf 87' lang='lat' dir='ltr'><strong>spem</strong></span> 
     </span>
     <span class='ocr_line' id='line_1_69' title="bbox 1149 1484 1354 1542; baseline 0.01 -14"><span class='ocrx_word' id='word_1_353' title='bbox 1149 1484 1354 1542; x_wconf 82' lang='lat' dir='ltr'><strong>salutis3</strong></span> 
     </span>
    </p>

    <p class='ocr_par' dir='ltr' id='par_1_25' title="bbox 1145 1554 2054 1813">
     <span class='ocr_line' id='line_1_70' title="bbox 1217 1554 2054 1612; baseline 0.01 -17"><span class='ocrx_word' id='word_1_354' title='bbox 1217 1554 1263 1595; x_wconf 88' lang='grc'><strong>9.</strong></span> <span class='ocrx_word' id='word_1_355' title='bbox 1318 1554 1557 1608; x_wconf 85' lang='lat' dir='ltr'><strong>quoniam</strong></span> <span class='ocrx_word' id='word_1_356' title='bbox 1598 1567 1705 1599; x_wconf 89' lang='lat' dir='ltr'><strong>non</strong></span> <span class='ocrx_word' id='word_1_357' title='bbox 1753 1556 1923 1612; x_wconf 87' lang='lat' dir='ltr'><strong>posuit</strong></span> <span class='ocrx_word' id='word_1_358' title='bbox 1959 1570 2054 1603; x_wconf 88' lang='lat' dir='ltr'><strong>nos</strong></span> 
     </span>
     <span class='ocr_line' id='line_1_71' title="bbox 1145 1618 2054 1680; baseline 0.009 -18"><span class='ocrx_word' id='word_1_359' title='bbox 1145 1618 1283 1663; x_wconf 86' lang='lat' dir='ltr'><strong>Deus</strong></span> <span class='ocrx_word' id='word_1_360' title='bbox 1305 1619 1358 1664; x_wconf 90' lang='lat' dir='ltr'><strong>in</strong></span> <span class='ocrx_word' id='word_1_361' title='bbox 1386 1620 1539 1679; x_wconf 85' lang='lat' dir='ltr'><strong>iram,</strong></span> <span class='ocrx_word' id='word_1_362' title='bbox 1569 1620 1729 1666; x_wconf 89' lang='lat' dir='ltr'><strong>sedin</strong></span> <span class='ocrx_word' id='word_1_363' title='bbox 1759 1624 2054 1680; x_wconf 84' lang='lat' dir='ltr'><strong>acquisitio-</strong></span> 
     </span>
     <span class='ocr_line' id='line_1_72' title="bbox 1146 1686 2053 1743; baseline 0.009 -15"><span class='ocrx_word' id='word_1_364' title='bbox 1146 1697 1264 1729; x_wconf 90' lang='lat' dir='ltr'><strong>nem</strong></span> <span class='ocrx_word' id='word_1_365' title='bbox 1300 1686 1475 1732; x_wconf 80' lang='lat' dir='ltr'><strong>salutis</strong></span> <span class='ocrx_word' id='word_1_366' title='bbox 1512 1700 1603 1743; x_wconf 88' lang='lat' dir='ltr'><strong>per</strong></span> <span class='ocrx_word' id='word_1_367' title='bbox 1639 1687 1911 1736; x_wconf 88' lang='lat' dir='ltr'><strong>Dominum</strong></span> <span class='ocrx_word' id='word_1_368' title='bbox 1954 1704 2053 1736; x_wconf 89' lang='lat' dir='ltr'><strong>no-</strong></span> 
     </span>
     <span class='ocr_line' id='line_1_73' title="bbox 1147 1754 1785 1813; baseline 0.006 -18"><span class='ocrx_word' id='word_1_369' title='bbox 1147 1754 1305 1796; x_wconf 90' lang='lat' dir='ltr'><strong>strum</strong></span> <span class='ocrx_word' id='word_1_370' title='bbox 1322 1754 1353 1796; x_wconf 84' lang='lat' dir='ltr'>J</span> <span class='ocrx_word' id='word_1_371' title='bbox 1358 1766 1495 1798; x_wconf 86' lang='lat' dir='ltr'><strong>esum</strong></span> <span class='ocrx_word' id='word_1_372' title='bbox 1517 1754 1785 1813; x_wconf 84' lang='lat' dir='ltr'><strong>Christum,</strong></span> 
     </span>
    </p>

    <p class='ocr_par' dir='ltr' id='par_1_26' title="bbox 1145 1819 2053 2012">
     <span class='ocr_line' id='line_1_74' title="bbox 1216 1819 2051 1881; baseline 0.008 -19"><span class='ocrx_word' id='word_1_373' title='bbox 1216 1819 1295 1862; x_wconf 86' lang='lat'><strong>10.</strong></span> <span class='ocrx_word' id='word_1_374' title='bbox 1316 1820 1401 1874; x_wconf 90' lang='lat' dir='ltr'><strong>qui</strong></span> <span class='ocrx_word' id='word_1_375' title='bbox 1419 1822 1645 1865; x_wconf 89' lang='lat' dir='ltr'><strong>mortuus</strong></span> <span class='ocrx_word' id='word_1_376' title='bbox 1668 1824 1745 1865; x_wconf 80' lang='lat' dir='ltr'><strong>est</strong></span> <span class='ocrx_word' id='word_1_377' title='bbox 1764 1834 1855 1878; x_wconf 88' lang='lat' dir='ltr'><strong>pro</strong></span> <span class='ocrx_word' id='word_1_378' title='bbox 1876 1824 2051 1881; x_wconf 82' lang='lat' dir='ltr'><strong>nobis3</strong></span> 
     </span>
     <span class='ocr_line' id='line_1_75' title="bbox 1148 1885 2053 1945; baseline 0.008 -17"><span class='ocrx_word' id='word_1_379' title='bbox 1148 1886 1203 1929; x_wconf 92' lang='lat' dir='ltr'><strong>ut</strong></span> <span class='ocrx_word' id='word_1_380' title='bbox 1230 1885 1338 1930; x_wconf 88' lang='lat' dir='ltr'><strong>sive</strong></span> <span class='ocrx_word' id='word_1_381' title='bbox 1373 1886 1663 1945; x_wconf 87' lang='lat' dir='ltr'><strong>vigilemus,</strong></span> <span class='ocrx_word' id='word_1_382' title='bbox 1694 1888 1802 1933; x_wconf 89' lang='lat' dir='ltr'><strong>sive</strong></span> <span class='ocrx_word' id='word_1_383' title='bbox 1833 1888 2053 1935; x_wconf 88' lang='lat' dir='ltr'><strong>dormia-</strong></span> 
     </span>
     <span class='ocr_line' id='line_1_76' title="bbox 1145 1942 2031 2012; baseline 0.006 -15"><span class='ocrx_word' id='word_1_384' title='bbox 1145 1966 1255 1998; x_wconf 90' lang='lat' dir='ltr'><strong>mus</strong></span> <span class='ocrx_word' id='word_1_385' title='bbox 1266 1942 1319 2012; x_wconf 89' lang='lat' dir='ltr'><strong>s,</strong></span> <span class='ocrx_word' id='word_1_386' title='bbox 1342 1951 1489 1998; x_wconf 89' lang='lat' dir='ltr'><strong>simul</strong></span> <span class='ocrx_word' id='word_1_387' title='bbox 1508 1967 1619 1999; x_wconf 91' lang='lat' dir='ltr'><strong>cum</strong></span> <span class='ocrx_word' id='word_1_388' title='bbox 1637 1953 1728 2000; x_wconf 89' lang='lat' dir='ltr'><strong>illo</strong></span> <span class='ocrx_word' id='word_1_389' title='bbox 1750 1955 2031 2003; x_wconf 58' lang='lat' dir='ltr'><strong>vivamus&amp;</strong></span> 
     </span>
    </p>
   </div>
   <div class='ocr_carea' id='block_1_14' title="bbox 1142 2035 2053 2696">
    <p class='ocr_par' dir='ltr' id='par_1_27' title="bbox 1143 2035 2053 2227">
     <span class='ocr_line' id='line_1_77' title="bbox 1215 2035 2053 2092; baseline 0.008 -15"><span class='ocrx_word' id='word_1_390' title='bbox 1215 2035 1294 2078; x_wconf 91' lang='lat'><strong>11.</strong></span> <span class='ocrx_word' id='word_1_391' title='bbox 1330 2035 1545 2092; x_wconf 86' lang='lat' dir='ltr'><strong>Propter</strong></span> <span class='ocrx_word' id='word_1_392' title='bbox 1566 2035 1700 2091; x_wconf 90' lang='lat' dir='ltr'><strong>quod</strong></span> <span class='ocrx_word' id='word_1_393' title='bbox 1719 2038 2053 2084; x_wconf 82' lang='lat' dir='ltr'><strong>consolamini</strong></span> 
     </span>
     <span class='ocr_line' id='line_1_78' title="bbox 1144 2100 2052 2158; baseline 0.007 -13"><span class='ocrx_word' id='word_1_394' title='bbox 1144 2100 1391 2158; x_wconf 82' lang='lat' dir='ltr'><strong>invicem3</strong></span> <span class='ocrx_word' id='word_1_395' title='bbox 1447 2105 1499 2147; x_wconf 90' lang='lat' dir='ltr'><strong>et</strong></span> <span class='ocrx_word' id='word_1_396' title='bbox 1550 2101 1807 2150; x_wconf 83' lang='lat' dir='ltr'><strong>aedificate</strong></span> <span class='ocrx_word' id='word_1_397' title='bbox 1861 2105 2052 2152; x_wconf 87' lang='lat' dir='ltr'><strong>alteru-</strong></span> 
     </span>
     <span class='ocr_line' id='line_1_79' title="bbox 1143 2169 1713 2227; baseline 0.005 -14"><span class='ocrx_word' id='word_1_398' title='bbox 1143 2171 1293 2227; x_wconf 86' lang='lat' dir='ltr'><strong>trum,</strong></span> <span class='ocrx_word' id='word_1_399' title='bbox 1315 2169 1445 2214; x_wconf 84' lang='lat' dir='ltr'><strong>sicut</strong></span> <span class='ocrx_word' id='word_1_400' title='bbox 1464 2172 1513 2215; x_wconf 89' lang='lat' dir='ltr'><strong>et</strong></span> <span class='ocrx_word' id='word_1_401' title='bbox 1532 2171 1713 2216; x_wconf 87' lang='lat' dir='ltr'><strong>facitis.</strong></span> 
     </span>
    </p>

    <p class='ocr_par' dir='ltr' id='par_1_28' title="bbox 1142 2237 2052 2495">
     <span class='ocr_line' id='line_1_80' title="bbox 1213 2237 2052 2298; baseline 0.007 -19"><span class='ocrx_word' id='word_1_402' title='bbox 1213 2238 1293 2280; x_wconf 87' lang='lat'><strong>12.</strong></span> <span class='ocrx_word' id='word_1_403' title='bbox 1328 2237 1582 2294; x_wconf 75' lang='lat' dir='ltr'><strong>Rogamus</strong></span> <span class='ocrx_word' id='word_1_404' title='bbox 1603 2240 1769 2283; x_wconf 88' lang='lat' dir='ltr'><strong>autem</strong></span> <span class='ocrx_word' id='word_1_405' title='bbox 1798 2252 1917 2298; x_wconf 88' lang='lat' dir='ltr'><strong>vos,</strong></span> <span class='ocrx_word' id='word_1_406' title='bbox 1946 2242 2052 2285; x_wconf 81' lang='lat' dir='ltr'><strong>fra-</strong></span> 
     </span>
     <span class='ocr_line' id='line_1_81' title="bbox 1142 2302 2050 2363; baseline 0.004 -15"><span class='ocrx_word' id='word_1_407' title='bbox 1142 2302 1272 2348; x_wconf 89' lang='lat' dir='ltr'><strong>tres!</strong></span> <span class='ocrx_word' id='word_1_408' title='bbox 1307 2307 1362 2349; x_wconf 92' lang='lat' dir='ltr'><strong>ut</strong></span> <span class='ocrx_word' id='word_1_409' title='bbox 1390 2305 1639 2350; x_wconf 84' lang='lat' dir='ltr'><strong>noveritis</strong></span> <span class='ocrx_word' id='word_1_410' title='bbox 1663 2318 1780 2363; x_wconf 86' lang='lat' dir='ltr'><strong>eos,</strong></span> <span class='ocrx_word' id='word_1_411' title='bbox 1802 2306 1885 2361; x_wconf 90' lang='lat' dir='ltr'><strong>qui</strong></span> <span class='ocrx_word' id='word_1_412' title='bbox 1905 2307 2050 2352; x_wconf 88' lang='lat' dir='ltr'><strong>labo-</strong></span> 
     </span>
     <span class='ocr_line' id='line_1_82' title="bbox 1142 2371 2049 2429; baseline 0.003 -15"><span class='ocrx_word' id='word_1_413' title='bbox 1142 2374 1261 2415; x_wconf 85' lang='lat' dir='ltr'><strong>rant</strong></span> <span class='ocrx_word' id='word_1_414' title='bbox 1278 2371 1412 2416; x_wconf 91' lang='lat' dir='ltr'><strong>inter</strong></span> <span class='ocrx_word' id='word_1_415' title='bbox 1435 2385 1553 2429; x_wconf 80' lang='lat' dir='ltr'><strong>vos,</strong></span> <span class='ocrx_word' id='word_1_416' title='bbox 1576 2375 1625 2416; x_wconf 88' lang='lat' dir='ltr'><strong>et</strong></span> <span class='ocrx_word' id='word_1_417' title='bbox 1644 2375 1885 2428; x_wconf 77' lang='lat' dir='ltr'><strong>praesunt</strong></span> <span class='ocrx_word' id='word_1_418' title='bbox 1907 2375 2049 2419; x_wconf 83' lang='lat' dir='ltr'><strong>vobis</strong></span> 
     </span>
     <span class='ocr_line' id='line_1_83' title="bbox 1142 2437 1888 2495; baseline 0.003 -14"><span class='ocrx_word' id='word_1_419' title='bbox 1142 2437 1198 2481; x_wconf 85' lang='lat' dir='ltr'><strong>in</strong></span> <span class='ocrx_word' id='word_1_420' title='bbox 1213 2437 1453 2495; x_wconf 88' lang='lat' dir='ltr'><strong>Domino,</strong></span> <span class='ocrx_word' id='word_1_421' title='bbox 1475 2440 1525 2483; x_wconf 90' lang='lat' dir='ltr'><strong>et</strong></span> <span class='ocrx_word' id='word_1_422' title='bbox 1541 2441 1751 2483; x_wconf 88' lang='lat' dir='ltr'><strong>monent</strong></span> <span class='ocrx_word' id='word_1_423' title='bbox 1772 2451 1888 2494; x_wconf 71' lang='grc' dir='ltr'><strong>νοις</strong></span> 
     </span>
    </p>

    <p class='ocr_par' dir='ltr' id='par_1_29' title="bbox 1142 2503 2050 2696">
     <span class='ocr_line' id='line_1_84' title="bbox 1213 2503 2049 2551; baseline 0.004 -3"><span class='ocrx_word' id='word_1_424' title='bbox 1213 2506 1294 2549; x_wconf 86' lang='grc'><strong>13.</strong></span> <span class='ocrx_word' id='word_1_425' title='bbox 1333 2507 1385 2548; x_wconf 89' lang='lat' dir='ltr'><strong>ut</strong></span> <span class='ocrx_word' id='word_1_426' title='bbox 1403 2504 1630 2549; x_wconf 80' lang='lat' dir='ltr'><strong>habeatis</strong></span> <span class='ocrx_word' id='word_1_427' title='bbox 1650 2503 1767 2548; x_wconf 87' lang='lat' dir='ltr'><strong>illos</strong></span> <span class='ocrx_word' id='word_1_428' title='bbox 1788 2505 2049 2551; x_wconf 88' lang='lat' dir='ltr'><strong>abundan-</strong></span> 
     </span>
     <span class='ocr_line' id='line_1_85' title="bbox 1143 2571 2050 2628; baseline 0.003 -13"><span class='ocrx_word' id='word_1_429' title='bbox 1143 2571 1243 2615; x_wconf 88' lang='lat' dir='ltr'><strong>tius</strong></span> <span class='ocrx_word' id='word_1_430' title='bbox 1262 2571 1314 2615; x_wconf 91' lang='lat' dir='ltr'><strong>in</strong></span> <span class='ocrx_word' id='word_1_431' title='bbox 1339 2571 1581 2616; x_wconf 81' lang='lat' dir='ltr'><strong>charitate</strong></span> <span class='ocrx_word' id='word_1_432' title='bbox 1610 2575 1817 2628; x_wconf 88' lang='lat' dir='ltr'><strong>propter</strong></span> <span class='ocrx_word' id='word_1_433' title='bbox 1839 2584 1965 2628; x_wconf 89' lang='lat' dir='ltr'><strong>opus</strong></span> <span class='ocrx_word' id='word_1_434' title='bbox 1985 2573 2050 2617; x_wconf 88' lang='lat' dir='ltr'><strong>il-</strong></span> 
     </span>
     <span class='ocr_line' id='line_1_86' title="bbox 1142 2631 2014 2696; baseline 0.003 -14"><span class='ocrx_word' id='word_1_435' title='bbox 1142 2638 1310 2683; x_wconf 90' lang='lat' dir='ltr'><strong>lorum</strong></span> <span class='ocrx_word' id='word_1_436' title='bbox 1320 2631 1374 2695; x_wconf 76' lang='lat'><strong>&#39;¹3</strong></span> <span class='ocrx_word' id='word_1_437' title='bbox 1398 2651 1571 2696; x_wconf 86' lang='lat' dir='ltr'><strong>pacem</strong></span> <span class='ocrx_word' id='word_1_438' title='bbox 1591 2637 1769 2684; x_wconf 87' lang='lat' dir='ltr'><strong>habete</strong></span> <span class='ocrx_word' id='word_1_439' title='bbox 1794 2651 1905 2683; x_wconf 91' lang='lat' dir='ltr'><strong>cum</strong></span> <span class='ocrx_word' id='word_1_440' title='bbox 1924 2640 2014 2685; x_wconf 86' lang='lat' dir='ltr'><strong>eis.</strong></span> 
     </span>
    </p>
   </div>
   <div class='ocr_carea' id='block_1_15' title="bbox 1139 2718 2051 2977">
    <p class='ocr_par' dir='ltr' id='par_1_30' title="bbox 1139 2718 2051 2977">
     <span class='ocr_line' id='line_1_87' title="bbox 1213 2718 2049 2776; baseline 0.005 -14"><span class='ocrx_word' id='word_1_441' title='bbox 1213 2720 1293 2763; x_wconf 77' lang='lat'><strong>14.</strong></span> <span class='ocrx_word' id='word_1_442' title='bbox 1335 2718 1589 2774; x_wconf 86' lang='lat' dir='ltr'><strong>Rogamus</strong></span> <span class='ocrx_word' id='word_1_443' title='bbox 1609 2719 1775 2762; x_wconf 86' lang='lat' dir='ltr'><strong>autem</strong></span> <span class='ocrx_word' id='word_1_444' title='bbox 1796 2731 1913 2776; x_wconf 84' lang='lat' dir='ltr'><strong>vos,</strong></span> <span class='ocrx_word' id='word_1_445' title='bbox 1944 2722 2049 2766; x_wconf 81' lang='lat' dir='ltr'><strong>fra-</strong></span> 
     </span>
     <span class='ocr_line' id='line_1_88' title="bbox 1142 2784 2047 2843; baseline 0.004 -13"><span class='ocrx_word' id='word_1_446' title='bbox 1142 2784 1269 2832; x_wconf 85' lang='lat' dir='ltr'><strong>tres!</strong></span> <span class='ocrx_word' id='word_1_447' title='bbox 1300 2785 1541 2841; x_wconf 86' lang='lat' dir='ltr'><strong>corripite</strong></span> <span class='ocrx_word' id='word_1_448' title='bbox 1560 2784 1816 2839; x_wconf 88' lang='lat' dir='ltr'><strong>inquietos</strong></span> <span class='ocrx_word' id='word_1_449' title='bbox 1830 2816 1843 2843; x_wconf 89' lang='lat'>‚</span> <span class='ocrx_word' id='word_1_450' title='bbox 1862 2800 2047 2834; x_wconf 47' lang='lat' dir='ltr'><strong>conso*</strong></span> 
     </span>
     <span class='ocr_line' id='line_1_89' title="bbox 1139 2851 2051 2910; baseline 0.005 -14"><span class='ocrx_word' id='word_1_451' title='bbox 1139 2851 1315 2898; x_wconf 85' lang='lat' dir='ltr'><strong>lamini</strong></span> <span class='ocrx_word' id='word_1_452' title='bbox 1333 2851 1696 2910; x_wconf 86' lang='lat' dir='ltr'><strong>pusillanimes,</strong></span> <span class='ocrx_word' id='word_1_453' title='bbox 1710 2853 1946 2910; x_wconf 83' lang='lat' dir='ltr'><strong>suscipite</strong></span> <span class='ocrx_word' id='word_1_454' title='bbox 1970 2856 2051 2900; x_wconf 91' lang='lat' dir='ltr'><strong>in-</strong></span> 
     </span>
     <span class='ocr_line' id='line_1_90' title="bbox 1142 2919 2046 2977; baseline 0.002 -13"><span class='ocrx_word' id='word_1_455' title='bbox 1142 2922 1331 2977; x_wconf 80' lang='lat' dir='ltr'><strong>firmos,</strong></span> <span class='ocrx_word' id='word_1_456' title='bbox 1344 2919 1594 2976; x_wconf 83' lang='lat' dir='ltr'><strong>patientes</strong></span> <span class='ocrx_word' id='word_1_457' title='bbox 1606 2921 1769 2965; x_wconf 85' lang='lat' dir='ltr'><strong>estote</strong></span> <span class='ocrx_word' id='word_1_458' title='bbox 1781 2921 1841 2966; x_wconf 88' lang='lat' dir='ltr'><strong>ad</strong></span> <span class='ocrx_word' id='word_1_459' title='bbox 1856 2935 2046 2968; x_wconf 85' lang='lat' dir='ltr'><strong>omnes.</strong></span> 
     </span>
    </p>
   </div>
   <div class='ocr_carea' id='block_1_16' title="bbox 1141 3011 2045 3125">
    <p class='ocr_par' dir='ltr' id='par_1_31' title="bbox 1141 3011 2045 3125">
     <span class='ocr_line' id='line_1_91' title="bbox 1187 3011 2045 3071; baseline 0.003 -9"><span class='ocrx_word' id='word_1_460' title='bbox 1187 3027 1205 3052; x_wconf 65' lang='grc' dir='ltr'><strong>ὸ</strong></span> <span class='ocrx_word' id='word_1_461' title='bbox 1222 3026 1367 3062; x_wconf 75' lang='lat' dir='ltr'><strong>Mam..</strong></span> <span class='ocrx_word' id='word_1_462' title='bbox 1386 3029 1458 3068; x_wconf 82' lang='lat'><strong>24,</strong></span> <span class='ocrx_word' id='word_1_463' title='bbox 1485 3030 1544 3063; x_wconf 77' lang='lat'><strong>37.</strong></span> <span class='ocrx_word' id='word_1_464' title='bbox 1572 3029 1632 3064; x_wconf 82' lang='lat'><strong>38.</strong></span> <span class='ocrx_word' id='word_1_465' title='bbox 1684 3035 1699 3053; x_wconf 78' lang='lat' dir='ltr'>e</span> <span class='ocrx_word' id='word_1_466' title='bbox 1718 3011 1867 3065; x_wconf 62' lang='lat' dir='ltr'><strong>Manus</strong></span> <span class='ocrx_word' id='word_1_467' title='bbox 1890 3035 1958 3071; x_wconf 73' lang='lat'><strong>24,</strong></span> <span class='ocrx_word' id='word_1_468' title='bbox 1988 3037 2045 3065; x_wconf 55' lang='lat'><strong>4³.</strong></span> 
     </span>
     <span class='ocr_line' id='line_1_92' title="bbox 1141 3073 2045 3125; baseline 0.002 -16"><span class='ocrx_word' id='word_1_469' title='bbox 1141 3073 1161 3100; x_wconf 63' lang='grc' dir='ltr'>ἅ</span> <span class='ocrx_word' id='word_1_470' title='bbox 1178 3073 1296 3109; x_wconf 86' lang='lat' dir='ltr'><strong>Rom.</strong></span> <span class='ocrx_word' id='word_1_471' title='bbox 1316 3077 1384 3112; x_wconf 83' lang='lat'><strong>13,</strong></span> <span class='ocrx_word' id='word_1_472' title='bbox 1405 3076 1464 3108; x_wconf 84' lang='lat'><strong>12.</strong></span> <span class='ocrx_word' id='word_1_473' title='bbox 1512 3079 1528 3098; x_wconf 58' lang='grc' dir='ltr'><strong><em>ἒ</em></strong></span> <span class='ocrx_word' id='word_1_474' title='bbox 1545 3073 1651 3121; x_wconf 82' lang='lat' dir='ltr'><strong>Eph.</strong></span> <span class='ocrx_word' id='word_1_475' title='bbox 1670 3078 1716 3119; x_wconf 77' lang='grc'><strong>0,</strong></span> <span class='ocrx_word' id='word_1_476' title='bbox 1734 3082 1794 3112; x_wconf 81' lang='grc'><strong>14.</strong></span> <span class='ocrx_word' id='word_1_477' title='bbox 1817 3088 1904 3125; x_wconf 78' lang='lat' dir='ltr'><strong>sqq.</strong></span> <span class='ocrx_word' id='word_1_478' title='bbox 1952 3075 1978 3108; x_wconf 79' lang='lat' dir='ltr'><em>f</em></span> <span class='ocrx_word' id='word_1_479' title='bbox 1998 3077 2045 3112; x_wconf 84' lang='lat' dir='ltr'><strong>cf.</strong></span> 
     </span>
    </p>
   </div>
   <div class='ocr_carea' id='block_1_17' title="bbox 1141 3118 2047 3359">
    <p class='ocr_par' dir='ltr' id='par_1_32' title="bbox 1141 3118 2047 3359">
     <span class='ocr_line' id='line_1_93' title="bbox 1141 3118 2047 3170; baseline 0.001 -13"><span class='ocrx_word' id='word_1_480' title='bbox 1141 3133 1177 3158; x_wconf 87' lang='lat' dir='ltr'><strong>c·</strong></span> <span class='ocrx_word' id='word_1_481' title='bbox 1196 3123 1244 3162; x_wconf 81' lang='lat'><strong>4,</strong></span> <span class='ocrx_word' id='word_1_482' title='bbox 1270 3121 1332 3156; x_wconf 82' lang='lat'><strong>14.</strong></span> <span class='ocrx_word' id='word_1_483' title='bbox 1354 3118 1474 3154; x_wconf 82' lang='lat' dir='ltr'><strong>Rom.</strong></span> <span class='ocrx_word' id='word_1_484' title='bbox 1494 3121 1565 3163; x_wconf 84' lang='lat'><strong>14,</strong></span> <span class='ocrx_word' id='word_1_485' title='bbox 1592 3125 1627 3158; x_wconf 88' lang='grc'><strong>7.</strong></span> <span class='ocrx_word' id='word_1_486' title='bbox 1648 3132 1707 3170; x_wconf 81' lang='lat' dir='ltr'><strong>sq.</strong></span> <span class='ocrx_word' id='word_1_487' title='bbox 1754 3128 1779 3158; x_wconf 71' lang='grc' dir='ltr'><strong>ι’</strong></span> <span class='ocrx_word' id='word_1_488' title='bbox 1797 3123 1846 3159; x_wconf 76' lang='lat' dir='ltr'><strong>cf.</strong></span> <span class='ocrx_word' id='word_1_489' title='bbox 1867 3136 1899 3160; x_wconf 89' lang='lat' dir='ltr'><strong>c.</strong></span> <span class='ocrx_word' id='word_1_490' title='bbox 1918 3125 1967 3166; x_wconf 86' lang='lat'><strong>4,</strong></span> <span class='ocrx_word' id='word_1_491' title='bbox 1988 3125 2047 3159; x_wconf 83' lang='lat'><strong>16.</strong></span> 
     </span>
     <span class='ocr_line' id='line_1_94' title="bbox 1141 3162 1646 3210; baseline 0.004 -8"><span class='ocrx_word' id='word_1_492' title='bbox 1141 3165 1223 3202; x_wconf 84' lang='lat' dir='ltr'><strong>etl.</strong></span> <span class='ocrx_word' id='word_1_493' title='bbox 1244 3176 1276 3201; x_wconf 90' lang='lat' dir='ltr'><strong>c.</strong></span> <span class='ocrx_word' id='word_1_494' title='bbox 1324 3162 1345 3191; x_wconf 58' lang='grc' dir='ltr'><strong><em>ἢ</em></strong></span> <span class='ocrx_word' id='word_1_495' title='bbox 1363 3169 1384 3202; x_wconf 91' lang='lat'><strong>1</strong></span> <span class='ocrx_word' id='word_1_496' title='bbox 1403 3163 1510 3201; x_wconf 84' lang='lat' dir='ltr'><strong>Tim.</strong></span> <span class='ocrx_word' id='word_1_497' title='bbox 1531 3170 1568 3210; x_wconf 86' lang='grc'><strong>5,</strong></span> <span class='ocrx_word' id='word_1_498' title='bbox 1586 3171 1646 3204; x_wconf 87' lang='lat'><strong>17.</strong></span> 
     </span>
     <span class='ocr_line' id='line_1_95' title="bbox 1194 3316 2047 3359; baseline 0.002 -3"><span class='ocrx_word' id='word_1_499' title='bbox 1194 3318 1259 3358; x_wconf 82' lang='lat'><strong>16.</strong></span> <span class='ocrx_word' id='word_1_500' title='bbox 1293 3316 1465 3356; x_wconf 79' lang='lat' dir='ltr'><strong>obviam</strong></span> <span class='ocrx_word' id='word_1_501' title='bbox 1506 3318 1713 3359; x_wconf 87' lang='lat' dir='ltr'><strong>Domino.</strong></span> <span class='ocrx_word' id='word_1_502' title='bbox 1793 3322 1858 3359; x_wconf 79' lang='grc' dir='ltr'><strong>Π.</strong></span> <span class='ocrx_word' id='word_1_503' title='bbox 1898 3318 2047 3358; x_wconf 81' lang='lat' dir='ltr'><strong>verbis</strong></span> 
     </span>
    </p>
   </div>
   <div class='ocr_carea' id='block_1_18' title="bbox 677 3369 2048 3426">
    <p class='ocr_par' dir='ltr' id='par_1_33' title="bbox 677 3369 2048 3426">
     <span class='ocr_line' id='line_1_96' title="bbox 677 3369 2048 3426; baseline 0.001 -14"><span class='ocrx_word' id='word_1_504' title='bbox 677 3371 736 3412; x_wconf 85' lang='lat' dir='ltr'><strong>V.</strong></span> <span class='ocrx_word' id='word_1_505' title='bbox 795 3376 836 3413; x_wconf 76' lang='lat'><strong>4.</strong></span> <span class='ocrx_word' id='word_1_506' title='bbox 870 3372 967 3414; x_wconf 79' lang='lat' dir='ltr'><strong>dies</strong></span> <span class='ocrx_word' id='word_1_507' title='bbox 995 3369 1100 3421; x_wconf 80' lang='lat' dir='ltr'><strong>ille;</strong></span> <span class='ocrx_word' id='word_1_508' title='bbox 1130 3371 1239 3413; x_wconf 72' lang='lat' dir='ltr'><strong>ibid.</strong></span> <span class='ocrx_word' id='word_1_509' title='bbox 1269 3370 1658 3426; x_wconf 76' lang='lat' dir='ltr'><strong>compraehendat.</strong></span> <span class='ocrx_word' id='word_1_510' title='bbox 1717 3379 1756 3415; x_wconf 90' lang='lat'><strong>5.</strong></span> <span class='ocrx_word' id='word_1_511' title='bbox 1788 3385 1940 3415; x_wconf 80' lang='lat' dir='ltr'><strong>omnes</strong></span> <span class='ocrx_word' id='word_1_512' title='bbox 1970 3387 2048 3415; x_wconf 81' lang='lat' dir='ltr'><strong>vos</strong></span> 
     </span>
    </p>
   </div>
   <div class='ocr_carea' id='block_1_19' title="bbox 167 3424 2046 3484">
    <p class='ocr_par' dir='ltr' id='par_1_34' title="bbox 167 3424 2046 3484">
     <span class='ocr_line' id='line_1_97' title="bbox 167 3424 2046 3484; baseline 0 -14"><span class='ocrx_word' id='word_1_513' title='bbox 167 3431 316 3478; x_wconf 75' lang='lat' dir='ltr'><strong>(deest</strong></span> <span class='ocrx_word' id='word_1_514' title='bbox 335 3428 492 3480; x_wconf 86' lang='lat' dir='ltr'><strong>enim).</strong></span> <span class='ocrx_word' id='word_1_515' title='bbox 551 3430 593 3472; x_wconf 79' lang='lat'><strong>6.</strong></span> <span class='ocrx_word' id='word_1_516' title='bbox 622 3429 739 3471; x_wconf 78' lang='lat' dir='ltr'><strong>sicut</strong></span> <span class='ocrx_word' id='word_1_517' title='bbox 758 3430 896 3472; x_wconf 87' lang='lat' dir='ltr'><strong>ceteri</strong></span> <span class='ocrx_word' id='word_1_518' title='bbox 918 3431 1061 3484; x_wconf 77' lang='lat' dir='ltr'><strong>(deest</strong></span> <span class='ocrx_word' id='word_1_519' title='bbox 1080 3428 1163 3480; x_wconf 85' lang='lat' dir='ltr'><strong>et).</strong></span> <span class='ocrx_word' id='word_1_520' title='bbox 1226 3431 1278 3469; x_wconf 77' lang='lat'><strong>14</strong></span> <span class='ocrx_word' id='word_1_521' title='bbox 1323 3424 1681 3481; x_wconf 81' lang='lat' dir='ltr'><strong>pusillianimcs;</strong></span> <span class='ocrx_word' id='word_1_522' title='bbox 1701 3427 1808 3470; x_wconf 77' lang='lat' dir='ltr'><strong>ibid.</strong></span> <span class='ocrx_word' id='word_1_523' title='bbox 1830 3430 2046 3482; x_wconf 80' lang='lat' dir='ltr'><strong>suscipite</strong></span> 
     </span>
    </p>
   </div>
   <div class='ocr_carea' id='block_1_20' title="bbox 166 3483 518 3538">
    <p class='ocr_par' dir='ltr' id='par_1_35' title="bbox 166 3483 518 3538">
     <span class='ocr_line' id='line_1_98' title="bbox 166 3483 518 3538; baseline -0.009 -12"><span class='ocrx_word' id='word_1_524' title='bbox 166 3485 372 3527; x_wconf 64' lang='lat' dir='ltr'><strong>infirmus</strong></span> <span class='ocrx_word' id='word_1_525' title='bbox 395 3483 518 3538; x_wconf 68' lang='lat' dir='ltr'><strong>(sic).</strong></span> 
     </span>
    </p>
   </div>
  </div>
 </body>
</html>
