2376 3925
796 163 1165 218 MARCUS.
1238 166 1396 218 CAP.
1435 169 1486 217 7.

2023 175 2092 226 65

186 229 2095 260 Ἣ

176 257 455 309 inquinent?
516 255 911 314 syrophoenissae
944 261 1045 304 filia
1082 275 1109 304 a

177 311 443 356 Daemonio
466 311 747 413 libeglaltgfio.
766 314 903 360 Surdi
921 330 976 361 ac
994 318 1110 362 muti

250 463 301 508 1.
320 461 433 508 “Et
444 465 832 514 conveniuntad
847 480 962 514 eum
971 468 1107 515 Pha-

179 529 373 589 risaei,
407 533 463 576 et
480 531 681 588 quidam
700 533 760 580 de
782 535 990 596 Scribis,
1012 549 1107 583 ve·-

180 595 393 645 niente·
414 600 479 644 ab
498 599 844 660 lerosolymis.

250 679 300 723 2.
338 677 411 724 Et
439 693 551 725 cum
582 680 833 728 vidissent
862 684 1106 739 quosdam

181 757 255 791 ex
292 745 557 804 discipulis
598 747 709 806 ejus
758 753 1104 798 communibus

182 813 418 860 manibus
430 814 521 873 ,·id
539 818 616 860 est
627 847 642 874 ,
662 829 771 862 non
787 817 909 864 lotis
921 849 937 878 ,
956 832 1104 866 man-

184 879 376 926 ducare
395 895 573 941 panes,
594 883 1033 942 vituperaverunt.

258 959 306 1005 8.
343 961 606 1009 Pharisaei
633 965 794 1025 enim,
837 968 889 1012 et
925 979 1102 1014 omnes

182 1027 217 1073 1
218 1027 393 1089 arlaci,
420 1029 523 1076 nisi
550 1033 730 1078 crebro
750 1031 976 1080 laverint
992 1047 1103 1080 ma-

184 1108 309 1155 nus,
346 1109 455 1142 non
492 1099 827 1160 manducant,
865 1103 1101 1148 tenentes

182 1163 515 1210 traditionem
536 1167 835 1227 Seniorum3

247 1233 294 1277 4.
335 1234 389 1278 et
416 1246 449 1277 a
475 1235 589 1279 foro
620 1235 723 1280 nisi
759 1235 1098 1297 baptizentur,

182 1311 288 1344 non
301 1300 599 1359 comedunt3
614 1304 665 1347 et
675 1301 777 1348 alia
793 1304 951 1350 multa
960 1307 1097 1366 sunt,

184 1380 313 1423 quae
355 1368 541 1414 tradita
577 1372 697 1415 sunt
733 1370 836 1416 illis
867 1383 1097 1433 servare,

182 1435 517 1492 baptismata⁰
554 1436 783 1498 calicum,
825 1440 877 1484 et
909 1453 1096 1486 urceo-

180 1515 314 1561 rum,
336 1505 388 1548 et
404 1506 813 1552 aeramentorum
826 1536 841 1566 ,
863 1510 915 1553 et
932 1507 1097 1555 lecto-

180 1582 313 1615 rum.

250 1639 300 1682 5.
334 1635 403 1682 Et
420 1637 806 1698 interrogabant
832 1656 945 1688 eum
962 1643 1096 1688 Pha-

177 1703 344 1750 risaei
362 1706 414 1750 et
432 1706 658 1754 Scribae:
675 1708 843 1762 Quare
864 1708 1099 1767 discipuli

177 1771 262 1818 tui
280 1783 392 1816 non
418 1774 669 1822 ambulant
689 1777 843 1833 juxta
858 1776 1099 1822 traditio-

178 1851 302 1885 nem
327 1840 617 1902 Seniorum,
640 1843 729 1890 sed
750 1844 1097 1890 communibus

181 1907 419 1954 manibus
437 1910 741 1957 manducant
758 1911 974 1969 panem?

248 1992 299 2035 6.
335 1990 405 2035 At
438 1989 529 2037 ille
570 1993 916 2053 respondens,
967 1990 1101 2039 dixit

185 2058 285 2103 eis:
316 2057 458 2105 Bene
491 2060 821 2117 prophetavit
846 2060 1005 2106 lsaias
1036 2060 1097 2107 de

184 2125 331 2171 vobis
351 2125 663 2186 hypocritis,
694 2127 825 2174 sicut
855 2128 1098 2187 scriptum

184 2195 282 2239 est:
315 2193 581 2252 „Populus
610 2194 695 2241 hic
722 2194 870 2242 labiis
899 2210 979 2242 me
999 2196 1097 2242 ho-

182 2263 402 2319 „norat,
434 2274 527 2308 cor
546 2264 717 2310 autem
742 2276 923 2311 eorum
939 2263 1098 2322 longe

178 2329 303 2387 „est
320 2341 351 2373 a
366 2342 466 2375 me.
914 2336 925 2351 ⁸

244 2396 293 2441 ⁴1.
316 2397 415 2455 „In
425 2408 617 2443 vanum
626 2398 795 2445 autem
806 2412 887 2445 me
902 2397 1097 2458 colunt,

179 2462 465 2523 „docentes
496 2463 784 2527 doctrinas,
805 2468 858 2513 et
883 2479 1097 2525 praece-

178 2532 307 2590 „pta
322 2529 587 2578 hominum
594 2532 683 2578 P.“

248 2599 296 2641 8.
335 2597 700 2656 Relinquentes
733 2601 868 2648 enim
885 2600 1097 2647 manda-

174 2668 289 2710 tum
305 2663 430 2725 Dei,
448 2668 634 2714 tenetis
653 2669 981 2715 traditionem
999 2668 1096 2715 ho-

176 2732 375 2777 mimun
386 2762 402 2791 ,
430 2734 729 2793 baptismata
752 2750 1027 2783 urceorum
1045 2737 1100 2782 et

179 2798 422 2857 calicum
452 2803 505 2847 et
529 2802 631 2849 alia
658 2803 843 2850 similia
860 2804 939 2851 his
967 2803 1095 2850 faci-

180 2866 246 2913 tis
268 2866 441 2914 multa.

248 2946 295 2990 9.
330 2944 402 2990 Et
422 2944 623 2993 dicebat
649 2946 780 2995 illis:
810 2948 948 2995 Bene
974 2947 1097 2994 irri-

178 3014 285 3057 tum
311 3012 481 3059 facitis
520 3017 846 3074 praeceptum
880 3015 1003 3075 Dei,
1041 3016 1099 3061 ut

178 3078 511 3127 traditionem
532 3085 759 3129 vestram
776 3082 1011 3129 servetis.

248 3147 331 3193 10.
364 3149 577 3208 Moyses
597 3149 733 3197 enim
752 3150 907 3198 dixit:
947 3149 1097 3211 „Ho-

224 3262 247 3281 ¹
264 3266 302 3294 V.
320 3260 473 3295 1—23.
490 3257 638 3297 Matth.
647 3262 865 3303 15‚1·—20·
911 3266 931 3287 ⁰
946 3256 1097 3298 Mau-h·

179 3305 242 3344 23,
260 3306 320 3341 25.
367 3310 393 3337 P
412 3302 493 3341 Jen.
511 3308 574 3347 29,
592 3310 651 3345 13-

1178 281 1351 328 „nora
1385 273 1581 328 patrem
1614 274 1756 320 tuum
1793 279 1846 320 et
1879 280 2092 324 matrem

1177 336 1411 396 „tuam.“
1455 338 1548 384 Et:
1597 340 1738 399 „Qui
1763 343 2092 392 maledixerit

1177 404 1466 516 ›sffigi‘fel
1494 407 1669 469 matri,
1697 412 1864 457 morte
1893 413 2088 458 moria-

1176 500 1212 530 „
1333 504 1346 517 ⁶

1243 540 1326 584 11.
1359 540 1468 586 Vos
1499 543 1668 588 autem
1694 543 1884 592 dicitis:
1924 547 1980 594 Si
2007 548 2086 594 di-

1174 607 1317 652 xerit
1333 607 1486 654 homo
1508 608 1644 666 patri
1661 613 1749 656 aut
1766 613 1932 672 matri,
1954 616 2085 661 Cor-

1172 674 1273 719 ban
1295 672 1454 733 (quod
1473 679 1552 722 est
1571 677 1781 737 donum)
1811 681 2084 737 quodcum-

1174 753 1272 797 que
1293 753 1362 788 ex
1381 757 1480 802 me,
1499 745 1592 791 tibi
1610 746 1888 806 profuerit3

1241 821 1323 869 12.
1359 825 1412 869 et
1429 824 1564 871 ultra
1581 839 1689 872 non
1704 826 1951 875 dimittitis
1973 843 2086 876 eum

1172 888 1442 947 quidquam
1476 892 1648 940 facere
1675 895 1812 952 patri
1838 909 1961 956 suo,
1999 903 2088 943 aut

1170 958 1340 1017 matri,

1236 1025 1320 1071 13.
1354 1026 1704 1075 rescindentes
1741 1033 1955 1078 verbum
1988 1033 2087 1080 Dei

1169 1104 1262 1149 per
1293 1093 1620 1140 traditionem
1657 1100 1896 1158 vestram,
1937 1095 2086 1158 quain

1168 1159 1475 1219 tradidistis3
1507 1164 1558 1208 et
1585 1163 1768 1210 similia
1793 1165 2086 1224 hujusmodi

1166 1226 1328 1272 multa
1347 1228 1532 1274 facitis.

1239 1295 1320 1340 14.
1353 1294 1424 1341 Et
1458 1295 1716 1344 advocans
1747 1299 1932 1346 iterum
1969 1304 2080 1349 tur-
2142 1320 2149 1327 ·

1169 1362 1314 1420 bam,
1361 1361 1558 1408 dicebat
1591 1363 1722 1411 illis:
1781 1367 1963 1415 Audite
1999 1385 2080 1418 me

1166 1441 1372 1488 omnes,
1398 1431 1450 1474 et
1467 1430 1764 1490 intelligite!

1235 1499 1317 1542 15.
1353 1497 1528 1544 Nihilr
1547 1502 1624 1546 est
1655 1503 1805 1548 extra
1823 1502 2082 1550 bominem

1164 1563 1418 1611 introiens
1455 1566 1511 1611 in
1558 1581 1699 1629 eum,
1746 1570 1880 1626 quod
1917 1572 2083 1630 possit

1167 1645 1282 1677 eum
1319 1634 1681 1694 coinquinare3
1723 1637 1812 1682 sed
1850 1651 1980 1694 quae
2019 1638 2081 1684 de

1164 1697 1374 1746 homine
1386 1701 1690 1760 procedunt,
1703 1703 1794 1748 illa
1804 1707 1939 1764 sunt,
1953 1717 2082 1762 quae

1168 1767 1544 1813 communicant
1561 1768 1835 1816 hominem.

1236 1833 1317 1878 16.
1365 1834 1419 1880 Si
1457 1834 1567 1891 quis
1612 1835 1766 1882 habet
1801 1850 1950 1884 aures
1989 1851 2080 1884 au-

1166 1897 1356 1960 diendi,
1379 1898 1571 1947 audiat!

1236 1969 1318 2015 1⁷.
1352 1968 1423 2015 Et
1451 1982 1563 2015 cum
1589 1970 1858 2018 introisset
1896 1974 1952 2019 in
1986 1974 2079 2019 do-

1165 2050 1302 2083 mum
1320 2050 1350 2081 a
1368 2039 1540 2097 turba,
1562 2038 1949 2097 interrogabant
1966 2054 2082 2088 eum

1166 2104 1403 2163 discipuli
1424 2105 1535 2163 ejus
1556 2108 1865 2163 parabolam.

1235 2191 1317 2235 18.
1351 2188 1421 2235 Et
1439 2189 1510 2235 ait
1528 2189 1658 2237 illis:
1690 2192 1774 2240 Sic
1795 2196 1846 2239 et
1863 2207 1958 2240 vos
1982 2195 2080 2240 im-

1166 2258 1442 2316 prudentes
1462 2258 1617 2304 estis?
1638 2260 1755 2305 Non
1773 2260 2079 2321 intelligitis,

1167 2325 1286 2381 quia
1306 2338 1456 2370 omne
1484 2326 1806 2374 extrinsecus
1830 2329 2080 2375 introiens

1166 2392 1224 2437 in
1260 2392 1545 2452 hominem,
1595 2407 1702 2439 non
1748 2398 1919 2452 potest
1967 2408 2082 2441 eum
2127 2442 2130 2447 ,

1168 2459 1543 2506 communicare
1556 2474 1570 2518 3

1235 2529 1316 2572 19.
1342 2527 1459 2585 quia
1477 2540 1582 2573 non
1604 2528 1762 2574 intrat
1781 2529 1834 2574 in
1847 2542 1938 2575 cor
1949 2529 2078 2590 eius,

1166 2593 1258 2640 sed
1275 2595 1331 2641 in
1350 2596 1582 2641 ventrem
1596 2595 1750 2655 vadit,
1765 2601 1816 2641 et
1832 2596 1888 2641 in
1908 2610 2080 2643 seces-

1166 2675 1278 2708 sum
1297 2662 1431 2723 exit,
1465 2675 1688 2721 purgans
1710 2675 1886 2709 omnes
1907 2666 2082 2711 escas?

1233 2744 1315 2788 20.
1353 2742 1568 2788 Dicebat
1585 2744 1776 2789 autem:
1809 2743 2079 2807 Quoniam,

1165 2824 1296 2868 quae
1308 2809 1368 2856 de
1387 2809 1595 2855 homine
1615 2812 1826 2871 exeunt,
1837 2812 1928 2859 illa
1938 2829 2078 2861 com..

1164 2876 1428 2923 municant
1444 2876 1702 2923 hominem
1715 2892 1730 2935 3

1236 2945 1318 2989 21.
1355 2945 1416 2989 ab
1437 2942 1574 2989 intus
1588 2943 1722 2991 enim
1734 2946 1795 2994 de
1807 2950 1962 2998 corde
1981 2951 2077 2997 ho-

1164 3012 1359 3058 minum
1385 3010 1548 3057 malae
1579 3012 1916 3072 cogitationes
1953 3031 2077 3076 pro-

1167 3079 1370 3138 cedunt,
1392 3078 1667 3142 adulteria,
1688 3084 2074 3145 fornicationes,

1164 3145 1456 3207 homicidia,

1215 3263 1232 3290 ‘l
1249 3255 1385 3292 Exod.
1403 3260 1466 3303 20,
1485 3259 1547 3295 12.
1577 3257 1711 3297 Levit.
1724 3262 1787 3304 20,
1805 3266 1842 3299 9.
1891 3268 1909 3286 ⁷
1926 3261 2074 3299 Manui.

1166 3306 1227 3347 15,
1245 3307 1416 3342 17—20.

295 3450 411 3506 Cap·
443 3450 555 3493 vn.
624 3458 667 3497 5.
698 3455 996 3509 interrogant.
1072 3459 1115 3498 ¹1.
1150 3455 1382 3498 doctrinas
1409 3459 1674 3511 praecepta.
1744 3460 1813 3497 10.
1845 3456 1968 3509 patri
1996 3462 2075 3501 aut

180 3508 315 3550 matri
334 3510 527 3550 mortem
544 3510 775 3553 moriatur.
836 3515 905 3556 19.
938 3510 1087 3557 omiss·
1108 3511 1253 3555 vadit.
1312 3515 1382 3554 21.
1415 3511 1714 3563 cogitationes
1732 3508 1894 3553 malae.

1570 3568 1660 3613 (32
