2376 3925
410 165 670 218 AGTUS
724 163 1369 216 APOSTOLORUM.
1427 165 1592 228 CAP.
1632 166 1816 216 1213.

178 272 444 318 cesserunt
470 270 633 314 vicum
660 281 841 323 unum;
878 269 929 312 et
956 279 1081 312 con-

178 338 327 382 tinuo
349 336 577 381 discessit
595 335 819 392 Angelus
838 337 898 379 ab
920 347 998 379 eo.

251 405 330 448 11.
365 404 432 448 Et
455 404 635 448 Petrus
664 402 727 446 ad
756 415 809 446 se
827 413 1083 457 reversus,

180 471 336 517 dixit:
358 471 505 516 Nunc
525 469 631 514 scio
652 481 796 525 vere,
818 468 933 524 quia
952 467 1087 512 misit

178 538 433 584 Dominus
453 536 697 594 Angelum
720 549 890 590 suum3
912 536 962 580 et
982 534 1085 580 eri-

178 605 292 662 puit
309 618 389 649 me
420 603 480 648 de
510 617 657 648 manu
674 602 918 661 Herodis,
955 605 1007 647 et
1025 600 1085 646 de

182 672 323 717 omni
370 669 747 728 exspectatione
792 668 952 726 plebis
992 669 1085 713 Ju-

181 739 442 784 dacorum.

250 807 332 852 12.
372 803 808 859 consideransque
848 802 987 847 venit
1026 802 1087 846 ad

183 873 387 918 domum
406 871 625 928 Mariae,
655 871 828 915 matris
854 871 883 914 J
888 869 1085 926 oannis,

182 940 275 996 qui
313 939 692 996 cognominatus
734 940 809 982 est
836 939 1037 981 Marcus
1050 929 1087 993 b,

182 1007 276 1052 ubi
314 1008 454 1051 erant
488 1005 632 1051 multi
669 1004 992 1062 congregati,
1041 1005 1091 1047 et

184 1077 409 1120 orantes.

260 1141 338 1184 13.
374 1140 610 1185 Pulsante
640 1139 807 1183 autem
826 1151 887 1182 eo
910 1136 1091 1182 ostium

181 1210 401 1266 Januae,
430 1206 678 1264 processit
707 1203 874 1262 puella
910 1204 971 1250 ad
1000 1217 1090 1248 au-

189 1274 445 1331 diendum,
465 1274 667 1318 nomine
688 1273 877 1317 Rhode.

256 1343 337 1386 14.
374 1341 443 1386 Et
461 1345 511 1386 ut
539 1341 781 1398 cognovit
802 1352 976 1384 vocem
996 1339 1090 1384 Pe*

185 1410 273 1466 tri,
295 1421 417 1466 prae
444 1408 624 1465 gaudio
656 1420 760 1452 non
790 1406 988 1464 aperuit
1011 1405 1093 1462 ja·-

186 1489 357 1534 nuam,
380 1475 468 1520 sed
488 1476 623 1519 intro
646 1488 854 1520 currens
880 1473 1093 1518 nuncia-

187 1545 263 1588 vit
284 1546 418 1588 stare
436 1543 639 1588 Petrum
658 1543 775 1587 ante
790 1542 1013 1598 januam.

259 1612 340 1655 15.
376 1610 441 1654 At
477 1609 555 1654 illi
592 1609 831 1653 dixerunt
866 1607 929 1652 ad
960 1618 1093 1652 eam:

186 1677 389 1722 Insanis
403 1675 411 1721 !
425 1676 519 1720 Illa
538 1677 703 1721 autem
723 1675 1009 1731 affirmabat,
1025 1673 1095 1718 sic

188 1759 243 1790 se
264 1745 472 1789 habere.
542 1741 625 1786 Illi
644 1743 810 1785 autem
840 1740 1095 1784 dicebant:

186 1811 420 1868 Angelus
442 1809 551 1864 ejus
573 1805 671 1851 est!

256 1880 341 1923 16.
362 1877 540 1920 Petrus
562 1875 725 1918 autem
743 1871 1102 1929 perseverabat

189 1946 417 2005 pulsans.
490 1943 611 1986 Cum
658 1943 823 1986 autem
870 1937 1100 1995 aperuis-

190 2016 326 2070 sent,
348 2011 585 2057 viderunt
604 2023 733 2067 eum,
756 2010 806 2053 et
826 2009 1099 2063 obstupue-

190 2082 330 2127 runt

263 2148 345 2192 17.
381 2147 623 2191 Annuens
644 2145 810 2188 autem
838 2140 911 2186 eis
931 2153 1099 2198 manu,

190 2220 250 2261 ut
280 2215 525 2270 tacerent,
566 2210 809 2267 narravit,
847 2208 1097 2264 quomodo

189 2281 443 2327 Dominus
474 2278 735 2324 eduxisset
760 2290 873 2321 eum
904 2276 963 2319 de
986 2286 1098 2319 car-

194 2361 335 2401 cere,
357 2346 579 2402 dixitque
592 2357 604 2389 :
616 2343 864 2389 Nunciate
876 2343 907 2385 J
910 2343 1068 2386 acobo
1079 2348 1099 2369 ⁰

192 2420 246 2462 et
266 2414 505 2460 fratribus
522 2414 646 2457 haec
659 2410 745 2456 !Et
757 2421 990 2469 egressus
1010 2410 1099 2454 ab·

190 2484 255 2529 iit
274 2480 499 2529 in.alium
517 2480 699 2525 locum.

264 2550 347 2594 18.
382 2548 535 2593 Facta
554 2549 717 2593 autem
740 2544 845 2602 die,
868 2546 977 2590 erat
996 2556 1101 2589 non

192 2629 357 2676 parva
417 2613 632 2660 turbatio
704 2613 837 2658 inter
897 2610 1099 2669 milites,

194 2683 435 2742 quidnam
454 2683 638 2727 factum
657 2681 792 2725 essct
810 2678 870 2723 de
889 2679 1058 2724 Petro.

268 2752 349 2795 19.
380 2748 609 2794 Herodes
622 2750 785 2792 autem
802 2759 914 2790 cum
929 2743 1102 2799 requi-

194 2820 351 2866 sisset
369 2830 498 2873 eum,
521 2817 572 2860 et
590 2826 693 2857 non
713 2812 1007 2867 invenisset,
1022 2810 1103 2854 in-

196 2884 476 2944 quisitione
522 2883 655 2927 facta
698 2879 759 2923 de
796 2877 1102 2934 custodibus,

189 2952 349 3011 jussit
368 2963 459 2997 eos
478 2948 619 3004 duci;
650 2944 1055 3000 descendensque
1075 2956 1105 2988 a

192 3020 392 3067 Judaea
420 3018 473 3062 in
502 3018 822 3071 Caesaream,
860 3010 930 3056 ibi
965 3022 1103 3055 com-

194 3088 425 3133 moratus
446 3086 537 3129 est.

858 3182 943 3220 col.
970 3185 1018 3225 4,
1046 3187 1103 3221 10.

818 3238 835 3257 θ
854 3243 884 3265 c.
906 3233 964 3271 15.
982 3234 1040 3267 13.

246 3198 264 3218 ⁰
282 3203 321 3228 V.
341 3192 403 3227 2⁵2
441 3200 477 3224 c.
502 3192 562 3229 13,
590 3192 623 3225 5.
659 3186 726 3227 15,
752 3188 810 3223 37.

194 3242 223 3275 2
241 3237 348 3274 Tim.
368 3239 408 3277 4,
425 3240 481 3271 11.
514 3232 684 3268 Philam.
706 3235 768 3267 24.

316 3383 434 3437 Cap.
466 3378 577 3421 XII.

1954 169 2054 218 2⁰7

1218 269 1298 311 20.
1333 266 1460 311 Erat
1487 270 1651 312 autem
1687 268 1845 314 iratus
1882 270 2052 328 Tyriis

1152 336 1202 378 et
1223 334 1473 388 Sidoniis;
1505 337 1557 378 at
1583 334 1660 379 illi
1679 337 1942 382 unanimes
1963 349 2054 382 ve-

1152 402 1339 446 nerunt
1357 400 1418 444 ad
1439 415 1573 458 eum,
1607 405 1655 446 et
1674 415 1916 458 persuaso
1937 404 2054 448 Bla-

1152 470 1250 525 sto,
1272 468 1357 523 qui
1377 470 1484 512 erat
1503 481 1652 524 super
1673 469 1952 516 cubiculum
1968 484 2054 518 re-

1154 535 1248 594 gis,
1269 534 1589 591 postulabant
1606 548 1802 594 pacem,
1832 551 1892 583 eo
1924 538 2060 594 quod

1154 602 1412 648 alerentur
1431 602 1670 658 regiones
1681 615 1856 647 eorum
1867 607 1926 651 ab
1947 605 2055 649 illo.

1220 671 1302 713 21.
1324 670 1520 714 Statuto
1540 673 1705 714 autem
1720 669 2056 727 die,Herodes

1158 736 1368 781 vestitus
1406 737 1546 781 veste
1583 737 1753 793 regia,
1800 738 1930 782 sedit
1965 751 2058 794 pro

1154 803 1421 861 tribunali,
1469 806 1520 848 et
1565 803 1961 850 concionabatur
1999 805 2063 849 ad

1159 883 1267 916 eos.
1697 913 1703 920 .

1227 937 1306 980 22.
1342 936 1564 993 Populus
1612 941 1778 983 autem
1815 938 2060 983 acclama-

1157 1007 1264 1049 bat:
1286 1003 1382 1049 Dei
1404 1017 1574 1061 voces,
1595 1010 1647 1050 et
1664 1018 1770 1049 non
1788 1004 2027 1051 hominis!

1227 1073 1306 1116 23.
1346 1072 1622 1116 Confestim
1639 1076 1804 1117 autem
1815 1073 2064 1130 percussit

1160 1153 1273 1184 eum
1310 1139 1534 1195 Angelus
1570 1139 1792 1198 Domini,
1831 1153 1892 1184 eo
1931 1139 2064 1196 quod

1160 1218 1267 1250 non
1307 1205 1524 1250 dedisset
1562 1205 1811 1250 honorem
1845 1208 1974 1263 De0‚
2016 1210 2066 1252 et

1162 1273 1484 1328 consumptus
1505 1285 1536 1315 a
1553 1272 1821 1329 vermibus,
1835 1274 2064 1329 exspira-

1164 1340 1251 1384 vit.

1230 1407 1310 1451 24.
1332 1407 1546 1452 Verbum
1560 1407 1726 1451 autem
1737 1407 1942 1451 Domini
1953 1419 2064 1453 cre-

1162 1477 1350 1529 scebat,
1372 1477 1423 1518 et
1440 1473 1880 1531 multiplicabatur.

1231 1543 1310 1586 25.
1345 1541 1599 1587 Barnabas
1619 1543 1782 1586 autem
1815 1545 1864 1586 et
1885 1542 2063 1587 Saulus

1161 1607 1360 1653 reversi
1387 1611 1504 1652 sunt
1530 1611 1591 1654 ab
1619 1608 1944 1666 [erosolymis
1971 1623 2063 1654 ex-

1164 1675 1302 1730 pleto
1322 1675 1603 1720 ministerio
1617 1669 1644 1703 d
1657 1705 1670 1732 ,
1699 1679 1953 1731 assumpto
1973 1678 2066 1721 Jo-

1166 1754 1318 1799 anne,
1332 1741 1416 1797 qui
1432 1741 1816 1798 cognominatus
1839 1746 1914 1786 est
1926 1744 2064 1787 Mar-

1168 1820 1255 1850 cus
1267 1812 1301 1850 θ.

1436 1936 1603 1987 CAP.
1659 1937 1800 1989 xm.

1168 2035 1330 2079 Saulus
1379 2042 1426 2079 et
1478 2037 1710 2078 Barnabas
1765 2043 2066 2089 segregantur.

1166 2092 1379 2145 Bar-jesu
1411 2096 1656 2136 excaecato
1685 2093 1794 2134 Jesu
1824 2093 2068 2136 doctrinam

1166 2148 1457 2203 amplectitur
1477 2147 1660 2200 Sergius
1679 2140 1864 2215 Paulus.
1905 2148 2067 2192 Saulus

1166 2209 1215 2247 et
1242 2205 1849 2315 Barnabals’mafigutcllagzlsuad
1885 2212 2067 2249 exteros

1235 2355 1281 2398 1.
1316 2353 1479 2398 Erant
1523 2357 1688 2400 autem
1724 2355 1780 2399 in
1816 2354 2065 2409 Ecclesia,

1167 2434 1294 2477 quae
1305 2424 1414 2466 erat
1423 2421 1574 2465 Antio
1580 2422 1738 2478 chiae,
1751 2414 2070 2477 Prophetaes

1168 2491 1220 2533 et
1240 2488 1473 2533 doctores
1487 2518 1501 2545 ,
1531 2488 1584 2543 in
1603 2488 1779 2543 quibus
1797 2487 2068 2545 Barnabas,

1169 2558 1221 2600 et
1250 2554 1448 2613 Simon,
1480 2554 1563 2610 qui
1593 2556 1865 2600 vocabatur
1892 2540 2067 2612 Nig'er,

1169 2625 1220 2667 et
1237 2622 1420 2667 Lucius
1451 2621 1782 2679 Cyrenensis,
1813 2623 1864 2665 et
1890 2623 2066 2666 Mana-

1166 2689 1286 2748 hen,
1308 2689 1392 2745 qui
1413 2692 1522 2734 erat
1533 2688 1748 2733 Herodis
1764 2688 2066 2737 Tetrarchae

1170 2755 1530 2812 collactaneus,
1553 2757 1604 2799 et
1623 2752 1818 2799 Saulus.

1237 2825 1282 2867 2.
1329 2820 1730 2867 Ministrantibus
1767 2823 1930 2867 autem
1965 2824 2067 2870 illis

1168 2888 1408 2944 Domino,
1422 2890 1472 2933 et
1479 2886 1840 2946 jejunantibus,
1855 2890 1981 2937 dixit
2001 2890 2068 2938 il-

1169 2956 1234 3000 lis
1272 2954 1488 3012 Spiritus
1526 2955 1754 2999 sanctus:
1793 2957 2066 3016 Segregate

1170 3021 1292 3067 mihi
1345 3020 1547 3065 Saulum
1599 3023 1650 3067 et
1689 3022 1964 3071 Barnabam
2015 3026 2067 3070 in

1171 3102 1317 3147 opus,
1338 3087 1400 3133 ad
1419 3088 1553 3143 quod
1571 3091 1815 3147 assumpsi
1833 3098 1975 3137 cose.

1218 3183 1239 3209 ἆ
1257 3195 1289 3220 c.
1310 3187 1374 3225 11,
1402 3186 1461 3220 29.
1488 3187 1548 3220 30.

1169 3236 1194 3265 ὅ
1213 3244 1246 3265 c.
1266 3235 1302 3271 9,
1325 3234 1379 3265 15.

1613 3192 1629 3210 θ
1645 3197 1684 3220 v.
1713 3189 1772 3221 12.
1838 3184 1864 3217 f
1882 3199 1914 3223 c.
1932 3192 1988 3228 11,
2006 3190 2065 3224 27.

646 3384 711 3421 15.
756 3378 827 3420 illi
854 3392 976 3423 vero.
1044 3382 1111 3421 18.
1154 3378 1210 3419 de
1239 3377 1375 3420 Petro
1397 3380 1566 3421 factum
1587 3388 1720 3424 esset.
1789 3386 1856 3421 21.
1888 3379 2067 3423 Statuto

202 3441 303 3490 «1103
324 3438 431 3482 ibid.
452 3436 641 3478 vestitus
658 3441 727 3477 est
744 3441 869 3476 veste
888 3436 1012 3487 regia
1033 3435 1252 3486 seditque.
1310 3438 1377 3477 22.
1409 3434 1648 3477 clamabat.

1761 3434 1895 3477 xlll.
1957 3440 1993 3479 1.
2025 3444 2069 3479 et

201 3496 405 3539 Simeon.
465 3495 507 3533 3.
540 3490 659 3533 dixit
678 3489 876 3546 Spiritus
896 3495 1101 3541 sanctus3
1121 3488 1231 3533 ibid.
1251 3490 1494 3532 Barnaban
1513 3496 1560 3533 et
1579 3489 1775 3533 Saulum.
