2376 3925
798 171 1196 224 JOANNES.
1267 172 1424 223 CAP.
1463 175 1584 224 45.

237 274 347 331 est,
383 273 436 318 ut
462 272 645 320 faciam
670 273 985 322 voluntatem
1014 275 1142 332 ejus,

238 339 331 396 qui
344 338 483 386 misit
506 353 617 399 me,
654 341 711 386 ut
736 341 988 399 perficiam
1018 355 1145 399 opus

237 418 367 463 ejus.

306 474 388 518 35.
423 473 611 520 Nonne
646 487 739 521 vos
785 474 973 535 dicitis,
1013 475 1146 532 quod

234 539 399 586 adhuc
438 543 656 596 quatuor
684 555 883 589 menses
912 545 1056 602 sunt,
1096 543 1147 588 et

233 607 417 652 messis
438 608 610 653 venit?
636 608 797 668 Ecce,
830 609 944 655 dico
976 609 1142 656 vobis:

234 675 432 722 Levate
454 674 629 722 oculos
650 679 849 722 vestros
862 707 877 736 ,
908 679 960 723 et
977 676 1145 722 videte

234 741 506 800 regiones,
544 743 659 799 quia
686 742 863 792 albaeq
896 747 1013 790 sunt
1039 744 1146 802 jam

234 809 300 854 ad
318 819 551 855 messem.

306 876 387 920 36.
421 875 491 921 Et
526 877 607 933 qui
650 877 818 937 metit,
861 878 1144 925 mercedem

236 942 448 1002 accipit,
480 945 532 989 et
557 948 839 1003 congregat
852 947 1071 992 fmctum
1090 946 1145 990 in

234 1009 396 1054 vitam
414 1012 700 1069 aeternam3
721 1014 794 1072 ut,
816 1015 867 1059 et
886 1013 971 1070 qui
991 1012 1143 1059 semi-

235 1077 347 1135 nat,
367 1076 512 1124 simul
531 1079 747 1137 gaudeat
757 1110 773 1138 ,
803 1083 855 1126 et
882 1080 968 1136 qui
985 1079 1143 1126 metit.

306 1157 389 1202 37.
423 1159 483 1203 In
518 1158 615 1204 hoc
653 1159 789 1205 enim
825 1161 903 1206 est
938 1162 1146 1206 verbum

236 1236 445 1270 verum:
475 1225 590 1282 quia
605 1226 735 1274 alius
757 1229 859 1286 est,
888 1227 973 1284 qui
992 1227 1144 1274 semi-

235 1293 345 1350 nat,
367 1293 422 1338 et
437 1291 565 1338 alius
585 1295 677 1352 est,
698 1293 785 1350 qui
800 1295 959 1341 metit.

304 1360 389 1404 38.
410 1357 522 1416 Ego
545 1360 657 1407 misi
680 1374 768 1407 vos
788 1363 995 1420 metere,
1010 1361 1146 1418 quod

235 1439 333 1473 vos
362 1439 473 1472 non
498 1426 794 1486 laborastis;
824 1428 913 1475 alii
936 1429 1143 1476 labora-

236 1495 451 1552 verunt,
482 1496 534 1540 et
550 1507 645 1541 vos
672 1495 727 1540 in
744 1495 946 1543 labores
967 1509 1144 1543 eorum

232 1559 502 1606 introistis.

304 1628 386 1672 39.
405 1627 488 1674 Ex
500 1627 703 1674 civitate
716 1630 883 1674 antem
900 1628 991 1674 illa
1000 1629 1145 1675 multi

234 1693 560 1741 crediderunt
588 1695 645 1740 in
664 1708 779 1740 eum
800 1695 1145 1741 Samaritano-

230 1775 376 1821 rum,
423 1763 637 1819 propter
672 1762 883 1806 verbum
917 1762 1145 1807 mulieris

226 1827 583 1875 testimonium
628 1826 968 1885 perhibentis:
1018 1827 1148 1881 Quia

232 1895 366 1942 dixit
396 1894 526 1941 milu'
562 1895 759 1954 omnia,
806 1907 1147 1954 quaecumque

228 1964 353 2010 feci.

299 2031 384 2076 4⁰.
423 2031 547 2077 Cum
569 2029 829 2077 venissent
854 2042 977 2088 ergo
998 2029 1061 2075 ad
1080 2028 1145 2075 il-

230 2098 342 2143 lum
352 2097 669 2156 Samaritani,
680 2098 995 2156 rogaverunt
1013 2111 1143 2157 eum,

228 2168 292 2211 ut
326 2164 399 2211 ibi
434 2167 679 2212 maneret.
745 2164 815 2211 Et
855 2164 1040 2212 mansit
1076 2164 1146 2212 ibi

232 2231 369 2277 duos
389 2231 513 2291 dies,

301 2299 387 2343 41.
424 2301 475 2345 et
510 2299 668 2345 multo
706 2297 877 2357 plures
916 2299 1145 2345 credide-

224 2368 361 2413 runt
384 2365 440 2412 in
470 2380 583 2413 eum
620 2369 829 2425 propter
860 2379 1147 2413 sermonem

230 2433 368 2491 ejus.

304 2502 389 2547 42.
424 2500 492 2546 Et
508 2500 711 2547 mulieri
730 2499 983 2548 dicebant:
1015 2500 1147 2554 Quia

220 2570 339 2627 jam
359 2580 467 2613 non
492 2570 703 2626 propter
730 2570 867 2614 tuam
893 2568 1147 2626 loquelam

230 2634 517 2693 credimus3
561 2635 659 2692 ipsi
696 2635 831 2681 enim
866 2636 1146 2682 audivimus

230 2705 292 2748 et
310 2702 520 2761 scimus,
542 2702 660 2759 quia
678 2702 758 2749 hic
779 2705 857 2749 est
883 2716 1005 2749 vere
1031 2702 1147 2750 Sal-

226 2773 389 2815 vator
406 2768 593 2814 mundi.

300 2849 389 2894 43.
422 2848 546 2894 Post
566 2848 693 2894 duos
710 2850 876 2895 autem
894 2848 1001 2896 dies
1023 2848 1150 2896 exiit

228 2916 376 2974 inde,
398 2918 450 2961 et
467 2916 591 2962 abiit
608 2915 662 2961 in
683 2915 973 2962 Galilaeam.

303 2997 391 3042 44.
426 2997 541 3053 lpse
573 2996 709 3041 enim
738 2995 886 3041 Jesus
915 2996 1147 3041 testImo-

230 3063 381 3110 nium
408 3062 679 3120 perhibuit,
717 3062 866 3119 quia?
893 3062 1149 3119 Propheta

230 3132 289 3177 in
312 3142 405 3175 sua
423 3130 589 3187 patria
605 3130 853 3175 honorem
864 3130 1146 3176 nonhabet.

303 3199 390 3242 45.
428 3198 553 3243 Cum
573 3209 696 3254 ergo
727 3197 953 3244 venisset
968 3197 1024 3243 in
1046 3196 1147 3241 Ga-

284 3299 303 3327 ι
318 3290 472 3329 matth.
488 3296 527 3334 9,
545 3295 607 3331 87.
654 3298 673 3319 r
689 3291 836 3330 Matth.
854 3296 915 3336 13,
932 3295 993 3330 57.

354 3441 469 3496 Cap.
500 3438 584 3481 lv.
641 3444 711 3483 41.
740 3440 1031 3483 crediderunt
1053 3440 1222 3494 (omiss.
1241 3441 1290 3485 in
1308 3443 1446 3496 eum).

2023 179 2122 230 149

1212 273 1414 320 lilaeam
1425 305 1440 332 ‚
1479 280 1794 334 exceperunt
1828 293 1943 325 eum
1978 281 2119 326 Gali-

1214 341 1341 399 laei,
1366 355 1477 386 cum
1497 343 1667 389 omnia
1685 345 1957 405 vidissent,
1992 360 2120 403 quae

1214 409 1408 453 fecerat
1423 409 1749 468 lerosolymi·
1780 413 1835 458 in
1855 412 1935 459 die
1954 415 2118 471 festo;

1215 477 1265 519 et
1284 474 1382 533 ipsi
1405 475 1537 521 enim
1556 479 1870 525 veneruntad
1889 480 2022 527 diem
2040 482 2117 528 fe-

1213 543 1359 588 stum.

1278 610 1360 654 46.
1395 609 1551 656 Venit
1569 623 1694 668 ergo
1714 612 1897 658 iterum
1914 614 1970 659 in
1983 616 2123 660 Cana

1215 675 1490 736 Galilaeae,
1528 678 1641 723 ubi⁸
1676 679 1798 724 fecit
1833 692 2012 736 aquam
2043 683 2119 728 vi-

1212 755 1348 788 num.
1417 743 1487 789 Et
1513 747 1624 790 erat
1656 745 1856 801 quidam
1893 747 2118 806 regulus,

1214 810 1358 867 cujus
1382 809 1513 857 filius
1531 811 1875 860 infirmabatur
1897 814 2120 872 Caphar-

1213 890 1379 922 naum.

1277 945 1359 989 47.
1395 944 1490 991 Hic
1511 959 1622 991 cum
1641 945 1878 1006 audisset,
1895 937 2012 1003 quia
2029 949 2118 993 Je-

1213 1023 1297 1056 sus
1326 1010 1592 1058 adveniret
1619 1025 1649 1058 a
1677 1013 1870 1060 Iudaea
1901 1015 1952 1059 in
1977 1014 2118 1060 Gali-

1212 1077 1402 1138 laeam,
1434 1078 1558 1125 abiit
1575 1080 1637 1124 ad
1669 1094 1808 1139 eum,
1837 1083 1890 1127 et
1905 1083 2122 1140 rogabat

1213 1158 1354 1205 eum,
1391 1148 1448 1191 ut
1479 1145 1810 1193 descenderet
1838 1149 1888 1193 et
1915 1153 2121 1195 sanaret

1210 1212 1367 1258 filium
1385 1211 1494 1269 eius
1508 1226 1523 1269 ;
1536 1211 1809 1271 incipiebat
1819 1215 1954 1260 enim
1971 1215 2116 1262 mori.

1277 1281 1360 1324 48.
1395 1279 1542 1324 Dixit
1569 1291 1694 1338 ergo
1715 1280 1865 1326 Iesus
1895 1279 1960 1327 ad
1978 1295 2116 1327 eum:

1210 1346 1323 1393 Nisi
1349 1345 1497 1404 signa
1525 1348 1577 1392 et
1602 1347 1835 1405 prodigia
1871 1347 2118 1408 videritis,

1210 1427 1317 1460 non
1339 1412 1558 1460 creditis.

1277 1482 1358 1526 49.
1393 1480 1530 1527 Dicit
1547 1480 1610 1527 ad
1629 1494 1743 1527 eum
1759 1480 1968 1541 regulus
1981 1494 1994 1529 τ
2007 1483 2116 1528 Do-

1209 1547 1369 1594 mine!
1401 1548 1650 1594 descende
1674 1549 1814 1606 prius
1836 1563 1982 1607 quam
2004 1563 2116 1596 mo·-

1211 1616 1371 1661 riatur
1390 1615 1520 1660 filius
1540 1628 1696 1661 meus.

1283 1684 1362 1726 50.
1397 1682 1534 1728 Dicit
1554 1681 1602 1727 ei
1620 1680 1964 1742 semmvme,
1987 1682 2118 1729 filius

1211 1749 1327 1794 tuus
1347 1747 1493 1793 vivit!
1509 1747 1734 1794 Credidit
1749 1748 1901 1795 homo
1922 1762 2117 1795 sermo-

1213 1813 1284 1873 ni,
1306 1827 1453 1869 quem
1473 1814 1603 1860 dixit
1619 1815 1668 1860 ei
1686 1815 1717 1859 J
1720 1827 1853 1873 esus,
1877 1819 1929 1861 et
1945 1815 2064 1862 ibat.

1282 1881 1362 1924 51.
1398 1880 1509 1925 Jam
1527 1882 1695 1926 autem
1715 1894 1777 1927 eo
1805 1881 2116 1928 descenden-

1213 1949 1290 2008 te,
1313 1947 1449 1994 servi
1471 1949 1803 1995 occurrerunt
1821 1949 1895 2009 ei,
1917 1954 1968 1996 et
1985 1964 2118 1996 nun-

1215 2017 1479 2063 ciaverunt
1527 2015 1750 2063 dieentes
1763 2046 1778 2077 ‚
1826 2017 1942 2074 quia
1988 2017 2118 2063 filius

1215 2084 1326 2141 ejus
1346 2083 1558 2129 viveret.

1281 2152 1359 2197 52.
1395 2152 1750 2209 Interrogabat
1782 2165 1906 2211 ergo
1942 2153 2119 2199 horam

1212 2221 1274 2265 ab
1309 2219 1381 2264 eis
1393 2249 1408 2278 ,
1445 2219 1500 2264 in
1538 2232 1636 2275 qua
1662 2218 1842 2265 melius
1871 2219 2116 2266 habuerit.

1211 2286 1280 2331 Et
1308 2286 1546 2331 dixerunt
1571 2286 1646 2332 ei:
1685 2287 1818 2340 Quia
1847 2287 1959 2332 heri
1991 2287 2120 2333 hora

1213 2354 1424 2411 septima
1442 2352 1648 2410 reliquit
1667 2368 1782 2399 eum
1800 2354 1972 2400 febris.

1281 2421 1363 2465 53.
1401 2422 1658 2479 Cognovit
1677 2433 1800 2478 ergo
1821 2422 1982 2477 pater,
2002 2419 2120 2475 quia

1212 2487 1302 2533 illa
1321 2487 1448 2532 hora
1468 2489 1603 2547 erat,
1623 2488 1678 2532 in
1700 2499 1798 2545 qua
1817 2486 1945 2531 dixit
1963 2485 2011 2531 ei
2029 2486 2061 2531 J
2063 2500 2118 2531 e-

1215 2566 1327 2599 sus:
1357 2553 1518 2600 Filius
1546 2556 1662 2600 tuus
1684 2552 1838 2611 vivit3
1871 2554 1921 2597 et
1950 2551 2118 2598 credi-

1214 2622 1286 2667 dit
1303 2620 1411 2679 ipse
1434 2624 1486 2667 et
1504 2621 1678 2667 domus
1699 2620 1809 2679 ejus
1828 2620 1950 2664 tota.

1282 2689 1361 2733 54.
1396 2689 1507 2733 Hoc
1527 2688 1710 2735 iterum
1729 2684 2030 2732 secundum‘
2048 2686 2119 2732 si-

1214 2770 1367 2815 gnum
1386 2756 1509 2801 fecit
1526 2756 1557 2800 J
1560 2767 1694 2812 esus,
1716 2765 1830 2799 cum
1849 2752 2072 2799 venisset
2090 2767 2120 2799 a

1213 2822 1405 2869 Judaea
1423 2823 1478 2868 in
1498 2821 1788 2867 Galilaeam.

1516 2916 1688 2969 CAP.
1745 2918 1812 2971 V.

1214 3000 1440 3050 Aegi-otus
1468 2997 1654 3048 triginta
1679 3002 1780 3039 octo
1810 3009 2028 3041 annorum
2045 3011 2118 3039 ιο.-

1213 3060 1362 3097 natur.
1426 3052 1634 3096 Christus
1665 3055 1814 3095 omnia
1851 3066 1950 3096 cum
1976 3052 2117 3093 Patre

1216 3111 1332 3162 agit,
1362 3107 1514 3161 judex
1546 3111 1830 3152 constitutus.
1891 3108 2010 3149 Huic
2037 3106 2116 3147 Jo-

1215 3178 1370 3214 annes,
1398 3164 1504 3207 huic
1537 3163 1797 3219 Prophetae
1825 3168 1967 3207 testes
1995 3160 2117 3203 locu-

1523 3220 1673 3275 pletes
1691 3227 1810 3263 sunt-

1262 3298 1277 3318 ·
1295 3304 1329 3330 c.
1352 3294 1390 3335 2,
1407 3296 1443 3330 9.
1489 3294 1506 3317 θ
1527 3291 1578 3329 cf.
1598 3304 1630 3328 c.
1649 3295 1688 3335 2,
1707 3296 1765 3329 u.

1506 3445 1576 3483 42.
1607 3438 1878 3493 loquellam3
1898 3435 2120 3478 ibidwero

232 3497 315 3539 hic
334 3500 419 3539 est.
480 3500 549 3538 45.
580 3500 859 3550 exceperunt
876 3494 1018 3538 illum.
1076 3500 1145 3539 53.
1178 3498 1294 3552 quod
1317 3496 1400 3539 illa
1420 3497 1544 3539 hora.
