2376 3925
294 213 361 262 48

292 328 409 360 eum
444 326 474 358 a
510 313 692 370 longe,
732 324 890 367 usque
926 311 981 356 in
1018 310 1202 356 atrium

290 379 537 438 principis
582 378 927 424 sacerdotum.
1012 377 1082 423 Et
1117 377 1200 422 in-

242 493 251 504 ,
294 458 497 505 gressus
529 446 664 491 intro
695 444 901 492 sedebat
918 458 1031 490 cum
1046 443 1200 489 mini-

294 513 431 570 stris,
452 514 509 558 ut
526 513 725 559 videret
742 514 906 558 finem.

361 582 443 625 59.
475 579 777 637 epi-incipe:
814 581 980 624 autem
1016 578 1201 623 Sacer-

297 646 485 704 dotum‚
508 648 559 691 et
578 659 727 692 omne
756 643 1025 692 concilium
1044 655 1201 700 quae-

296 715 477 759 rebant
502 713 687 759 falsum
711 710 1055 757 testimonium
1074 723 1201 756 con-

297 785 379 826 tra
395 780 595 839 Iesum,
624 783 682 825 ut
709 792 821 826 eum
849 777 1003 823 morti
1029 777 1202 822 trade-

299 849 430 893 rent.

365 916 444 958 60.
480 912 548 957 Et
570 925 677 957 non
714 911 1049 969 invenerunt,
1090 924 1205 957 eum

296 980 441 1026 multi
490 978 608 1024 falsi
651 980 807 1024 testes
852 979 1202 1024 accessissent.

298 1045 584 1092 Novissime
614 1048 780 1091 autem
817 1048 1073 1092 venerunt
1102 1045 1202 1090 duo

298 1112 413 1158 falsi
434 1114 609 1170 testes,

366 1181 447 1224 61.
484 1183 537 1225 et
584 1179 848 1225 dixerunt:
903 1179 999 1225 Hic
1046 1178 1201 1224 dixit:

296 1247 509 1292 Possum
538 1246 799 1292 destruere
829 1245 1069 1304 templum
1084 1245 1201 1303 Dei,

298 1316 350 1359 et
366 1306 519 1371 posts¹
548 1314 767 1359 triduum
792 1312 1115 1359 reaedificare
1136 1311 1202 1356 il-

294 1381 397 1426 lud.

364 1447 445 1491 62.
480 1445 549 1491 Et
578 1459 793 1503 surgens
829 1447 1066 1504 princeps
1106 1446 1201 1491 Sa·-

298 1513 557 1558 cerdotum
588 1513 659 1558 ait
682 1512 785 1558 illi:
814 1513 955 1558 Nihil
983 1524 1201 1570 respon-

298 1579 385 1626 des
404 1577 468 1624 ad
488 1592 574 1637 ea,
604 1592 732 1635 quae
760 1580 846 1626 isti
864 1579 1132 1625 adversum
1148 1581 1200 1624 te

296 1647 659 1692 testificantur?

364 1715 445 1759 63.
481 1715 629 1759 Iesus
658 1716 825 1761 autem
853 1715 1065 1761 tacebat.
1134 1713 1203 1758 Et

297 1781 534 1839 princeps
548 1781 875 1828 sacerdotum
894 1782 966 1828 ait
982 1780 1083 1826 illi:
1096 1780 1202 1825 Ad-

293 1850 413 1906 juro
442 1851 493 1895 te
522 1861 615 1906 per
628 1849 795 1895 Deum
812 1847 1007 1894 vivum!
1042 1850 1095 1894 ut
1122 1847 1201 1893 di-

298 1929 383 1961 cas
402 1916 577 1975 nobis,
611 1917 656 1962 si
672 1917 727 1965 tu
746 1929 803 1964 es
824 1915 1051 1962 chtistus
1070 1914 1200 1961 filius

294 1984 409 2029 Dei.

365 2052 445 2094 64.
480 2049 617 2095 Dicit
634 2050 709 2094 illi
723 2048 754 2093 J
756 2062 871 2095 esus
885 2062 897 2094 ε
913 2050 989 2093 Τιι
1002 2048 1199 2094 dixisti!

297 2116 643 2159 verumtamen
664 2114 777 2161 dico
796 2115 968 2161 vobis:
1006 2114 1200 2161 Amodo

298 2180 533 2225 videbitis
560 2180 749 2225 Filium
773 2179 991 2227 hominis
1017 2180 1201 2227 seden-

300 2251 401 2293 tem
418 2259 449 2291 a
468 2246 663 2293 dextris
683 2246 884 2293 virtutis
902 2247 1016 2306 Dei,
1039 2252 1089 2294 et
1109 2262 1202 2294 ve-

297 2308 553 2359 nientemi
569 2313 624 2359 in
642 2314 856 2360 nubibus
877 2315 1023 2361 coeli.

368 2382 448 2427 65.
486 2382 630 2427 Tunc
678 2380 912 2439 princeps
951 2382 1200 2428 Sacerdo-

298 2453 402 2494 tum
415 2448 561 2495 scidit
570 2448 869 2495 vestimenta
879 2462 986 2506 sua,
1000 2449 1173 2495 dicens
1184 2462 1200 2495 ε

296 2506 724 2574 Blasphemavitk!
755 2515 873 2572 quid
899 2516 1059 2563 adhuc
1080 2530 1202 2575 ege-

298 2597 408 2629 mus
437 2583 680 2631 testibusss
717 2581 858 2629 ecce!
896 2597 1030 2629 nunc
1058 2584 1202 2631 audi-

298 2651 389 2696 stis
410 2648 785 2709 blasphemiam!

368 2718 447 2761 66.
486 2718 617 2772 Quid
636 2717 782 2765 vobis
794 2717 1025 2763 videturz
1044 2718 1109 2761 At
1125 2717 1204 2763 illi

302 2785 667 2841 respondentes
724 2785 987 2832 dixerunt:
1042 2776 1205 2830 Reusl

304 2852 380 2895 est
397 2850 596 2897 mortis!

370 2918 449 2961 67.
480 2918 623 2963 Tunc
636 2918 1205 2976 exspueruntinfaciem

302 2984 432 3042 ejus,
444 2987 496 3027 et
506 2984 731 3041 colaphis
752 3000 864 3033 eum
883 2986 1200 3043 ceciderunt3

304 3050 392 3097 alii
411 3051 577 3096 autem
594 3050 781 3107 palmas
812 3054 864 3098 in
891 3054 1069 3100 faciem
1092 3053 1201 3111 ejus

304 3116 565 3175 dederunt,
591 3173 601 3187 ·

346 3231 372 3261 ὁ·
386 3236 428 3260 v.
447 3228 613 3263 ⁵9-68.
647 3226 775 3261 Mau-c.
790 3228 1025 3267 14‚55—6⁵.
1072 3226 1093 3253 ἧ
1111 3227 1201 3265 Job.

300 3276 338 3314 2,
358 3274 487 3310 1221.
535 3267 550 3297 ἰ
569 3283 601 3309 c.
618 3274 678 3312 16,
696 3275 755 3308 27.
774 3274 836 3314 24,
853 3276 913 3311 ao.
960 3268 981 3297 k
996 3270 1085 3311 Joh.
1098 3278 1200 3315 5,1s.

301 3316 317 3343 ²
330 3317 463 3354 Lavit.
478 3320 539 3360 24,
560 3320 617 3355 16.
647 3316 736 3354 Joh.
755 3320 813 3359 19,
831 3322 866 3354 7.

753 206 1296 259 MATTHAEUS.
1367 206 1539 257 GAP.
1577 206 1766 257 262⁷.

1335 311 1416 354 68.
1451 308 1702 354 dicentes:
1740 308 2048 365 Prophetiza
2076 325 2182 356 no-

1267 377 1360 435 bis,
1383 373 1602 421 Christe!
1623 375 1736 432 quis
1755 377 1858 433 est,
1879 375 2034 432 quite
2054 389 2182 434 per-

1267 442 1453 489 cussit'l

1333 511 1416 553 69.
1447 508 1676 554 mPetrus
1683 521 1814 554 vero
1825 509 2036 556 sedebat
2045 513 2183 558 fori·

1267 576 1322 622 in
1339 575 1500 632 atri03
1531 579 1583 620 et
1609 576 1826 621 accessit
1849 577 1915 621 ad
1941 591 2056 623 eum
2077 591 2187 624 una

1267 641 1479 701 ancilla,
1515 641 1712 688 dicens:
1749 641 1822 688 Et
1845 645 1901 689 tu
1919 657 2035 690 cum
2049 645 2085 690 J
2087 658 2184 692 esu

1271 709 1499 754 Galilaea
1521 707 1658 754 eras!

1331 777 1414 820 70.
1461 777 1528 822 At
1590 776 1680 822 ille
1733 778 1948 835 negavit
2003 792 2182 827 coram

1265 843 1525 900 omnibu,
1555 843 1758 891 dicens:
1803 845 2024 904 Nescio,
2054 849 2182 904 quid

1265 909 1410 956 dicis!
1893 924 1918 950 ²-

1337 979 1416 1022 71.
1461 977 1700 1023 Exeunte
1746 980 1912 1024 autem
1955 978 2050 1024 illo
2093 981 2180 1038 ja-

1269 1057 1424 1090 nuam
1457 1045 1586 1090 vidit
1621 1057 1736 1090 eum
1769 1043 1872 1090 alia
1909 1045 2099 1092 ancilla
2130 1051 2188 1093 et

1268 1111 1343 1157 ait
1359 1110 1456 1170 his,
1477 1112 1563 1169 qui
1581 1114 1728 1157 erant
1745 1111 1840 1158 ibi:
1865 1111 1936 1158 Et
1963 1111 2046 1158 hic
2065 1114 2188 1160 erni

1271 1193 1382 1225 cum
1401 1178 1433 1223 J
1435 1192 1522 1224 esu
1542 1177 1838 1224 Nazareno!

1338 1246 1418 1290 72.
1455 1245 1522 1290 Et
1537 1245 1719 1291 iterum
1735 1246 1946 1302 negavit
1961 1259 2070 1292 cum
2085 1247 2184 1304 ju·-

1265 1314 1526 1357 ramento:
1562 1311 1695 1365 Quia
1721 1324 1828 1358 non
1855 1313 1980 1358 novi
2005 1313 2182 1360 homi-

1267 1391 1399 1424 nem.

1337 1447 1416 1491 73.
1451 1444 1521 1490 Et
1537 1447 1654 1502 post
1677 1445 1914 1503 pusillum
1941 1459 2180 1494 accesse-

1265 1514 1402 1571 runt,
1425 1511 1510 1568 qui
1528 1515 1744 1572 stabant,
1757 1514 1807 1559 et
1825 1513 2180 1561 dixeruntPe-

1267 1581 1375 1624 tro:
1395 1580 1530 1624 Vere
1549 1581 1602 1624 et
1618 1582 1674 1625 tu
1693 1593 1762 1625 ex
1781 1579 1882 1626 illis
1901 1577 1980 1625 es!
1989 1593 2114 1626 nam
2127 1586 2182 1628 et

1265 1645 1473 1703 loquela
1488 1648 1576 1690 tua
1593 1647 1908 1692 manifestum
1925 1648 1976 1693 te
1995 1647 2144 1694 facit.

1335 1714 1416 1759 74.
1453 1714 1597 1759 Tunc
1633 1715 1804 1772 coepit
1847 1713 2089 1761 detestari
2127 1718 2181 1762 et

1263 1781 1467 1839 jurare,
1489 1780 1606 1836 quia
1633 1793 1741 1826 non
1757 1793 1828 1826 no
1835 1780 1992 1828 visset
2009 1781 2179 1828 bomi-

1265 1859 1398 1894 nem.
1467 1847 1536 1892 Et
1553 1848 1795 1894 continuo
1816 1847 1980 1906 gallus
2000 1852 2180 1896 canta-

1267 1915 1358 1960 vit.

1336 1984 1416 2027 75.
1449 1982 1517 2027 Et
1546 1983 1841 2031 recordatus
1883 1988 1962 2031 est
1994 1986 2180 2033 Petrus

1269 2050 1448 2095 verbi¹⁸
1465 2049 1497 2094 J
1497 2063 1605 2109 esu,
1618 2050 1752 2107 quod
1771 2050 1994 2099 dixerat:
2007 2053 2178 2113 Prius,

1269 2128 1414 2171 quam
1435 2116 1600 2173 gallus
1620 2120 1806 2176 cantet,
1815 2120 1895 2164 ter
1913 2132 1994 2165 me
2013 2132 2178 2177 nega-

1267 2181 1360 2228 bis.
1429 2183 1498 2228 Et
1544 2197 1778 2241 egressus
1821 2185 1990 2244 foras,
2034 2188 2129 2234 ssev
2139 2188 2181 2233 it

1267 2260 1453 2295 amare.

1499 2376 1540 2425 C
1552 2376 1596 2423 A
1607 2374 1670 2425 Ρ.
1727 2376 1946 2427 XXVII.

1268 2472 1381 2515 Jesu
1401 2472 1718 2515 acerbissimae
1737 2475 2020 2523 vexationes,
2042 2490 2178 2526 mors,

1596 2526 1846 2583 sepultura.

1338 2623 1384 2666 1.
1419 2622 1606 2667 Mane⁰
1635 2624 1800 2668 autem
1835 2624 1972 2670 facto
2002 2626 2180 2677 consi-

1270 2687 1392 2732 lium
1436 2686 1663 2733 inierunt
1707 2701 1881 2735 omnes
1918 2690 2180 2749 principes

1271 2752 1608 2809 Sacerdotum,
1635 2757 1686 2802 et
1722 2756 1964 2803 Seniores
2000 2759 2181 2816 populi

1270 2821 1512 2867 adversus
1548 2823 1746 2881 Iesum,
1785 2825 1840 2869 ut
1876 2836 1988 2869 eum
2024 2826 2182 2871 morti

1269 2888 1545 2933 traderent.

1338 2956 1384 3001 2.
1435 2954 1503 3000 Et
1561 2956 1788 3003 vinctum
1855 2957 2185 3006 adduxerunt

1271 3036 1402 3081 eum,
1425 3025 1476 3068 et
1490 3020 1850 3070 tradiderunt?
1877 3024 2063 3071 Pontio
2088 3026 2182 3073 Pi-

1267 3089 1372 3135 lato
1392 3090 1626 3147 praesidi.
1683 3148 1690 3153 .

1315 3187 1584 3222 mnes—75.
1628 3185 1754 3222 Marc.
1783 3188 1845 3228 14,
1861 3189 2030 3224 66—72.
2072 3186 2182 3226 Luc.

1267 3234 1327 3273 22,
1361 3233 1528 3269 ⁶6—62.
1580 3229 1669 3269 Joh.
1704 3235 1766 3272 18,
1800 3234 1968 3271 15—18.
2004 3235 2180 3272 ειν-ατ.

1266 3284 1288 3303 ¹¹
1309 3274 1358 3313 es.
1374 3287 1413 3313 v.
1432 3279 1497 3313 34.
1578 3284 1597 3303 ⁰
1613 3278 1738 3315 Marc.
1756 3282 1818 3321 15,
1834 3282 1869 3314 1.
1907 3278 2007 3317 Luc.
2035 3282 2100 3322 22,
2117 3283 2180 3319 ὦ.

1267 3330 1289 3355 ι·
1309 3320 1397 3358 Joh.
1419 3326 1477 3364 18,
1496 3326 1556 3360 28.

417 3462 529 3518 Cap.
560 3460 741 3505 XXVI.
800 3466 867 3504 61.
890 3466 1142 3511 aedificare-
1195 3472 1263 3511 64.
1284 3468 1476 3511 virtutis.
1525 3474 1592 3513 67.
1615 3472 1661 3513 in
1681 3471 1844 3515 faciem
1865 3474 1921 3515 ei·
1971 3476 2041 3516 71.
2064 3474 2178 3518 alia.

302 3520 372 3557 73.
404 3514 618 3571 loquella.
678 3520 748 3559 75.
780 3516 995 3572 ploravit.
