2376 3925
738 140 1134 194 JOANNES.

194 249 401 307 ptizana
419 247 474 292 in
493 247 714 292 Aennon
726 275 741 303 ,
758 244 907 302 iuxta
925 244 1109 302 Salim3

198 315 325 372 quia
350 326 507 370 aquae
535 311 723 358 multae
744 313 888 357 erant
904 311 1010 358 illic
1022 341 1038 371 ,
1060 312 1113 357 et

198 381 494 439 veniebant,
517 381 570 426 et
586 379 981 436 baptizabantur.

270 449 349 493 24.
386 446 625 493 Nondum
646 446 779 492 enim
794 445 977 492 missua
994 447 1109 492 fue-

195 519 281 563 rat
299 516 529 561 Ioannes
548 513 603 558 in
622 524 889 560 carcerem.

268 585 351 629 25.
387 582 548 628 Facta
575 581 651 627 eet
678 582 845 626 autem
880 579 1109 636 quaestio

198 665 269 698 ex
307 647 570 706 discipulis
607 647 638 692 J
642 647 821 693 oannis
860 659 972 693 cum
1016 648 1048 693 J
1050 661 1111 693 u-

201 717 341 764 daeis
365 716 427 762 de
447 715 812 774 purificatione.

268 787 351 830 26.
388 783 458 828 Et
476 783 727 828 venerunt
755 781 817 826 ad
841 782 1109 840 Joannem,

201 855 255 900 et
275 851 516 898 dixerunt
542 849 616 896 eix
650 847 831 895 Rabbi!
861 848 946 906 qui
974 851 1113 894 erat‘·

198 924 371 966 tecum
402 920 543 964 trans
586 915 890 974 Iordanem,
940 915 1021 962 cui
1058 917 1113 960 tu

199 985 547 1033 testimonium
590 982 916 1043 perhibui-ti,
968 979 1111 1028 ecce!

198 1054 291 1100 hic
313 1052 541 1111 baptizat,
560 1053 612 1098 et
630 1063 806 1097 omnes
819 1048 1031 1096 veniunt
1050 1048 1114 1094 ad

206 1134 342 1167 eum.

272 1189 354 1232 27.
404 1185 683 1245 Respondit
744 1186 775 1231 J
779 1197 1000 1243 oannes,
1064 1185 1115 1229 et

204 1255 355 1302 dixit:
386 1254 504 1300 Non
524 1254 691 1311 potest
707 1250 861 1298 homo
882 1251 1113 1308 accipere

204 1321 493 1381 quidquam,
504 1319 604 1367 nisi
621 1320 776 1367 fuerit
794 1319 844 1368 ei
864 1319 1032 1365 datum
1054 1317 1114 1364 de

206 1387 374 1437 coelo.

273 1459 358 1503 28.
394 1455 497 1513 Ipsi
515 1468 607 1501 vos
626 1454 751 1500 mihi
771 1452 1115 1500 testimonium

202 1523 501 1584 perhibetiS,
523 1522 657 1580 quod
677 1513 938 1568 dixerimf
949 1533 961 1566 ε
996 1521 1116 1566 Non

203 1605 320 1639 aum
337 1603 433 1649 ego
455 1589 711 1646 Christus;
742 1587 831 1634 sed
858 1587 974 1646 quia
992 1587 1116 1633 mis-

205 1672 294 1706 aua
315 1671 423 1704 sum
442 1659 562 1703 ante
581 1655 739 1701 illum.

272 1728 355 1771 29.
393 1725 497 1778 Qui
512 1724 665 1768 habet
684 1733 937 1779 sponsam,
958 1732 1117 1777 spon-

204 1806 291 1840 sua
330 1795 439 1848 ent;
489 1788 679 1834 amicus
725 1789 891 1832 autem
924 1785 1118 1845 sponsi,

204 1861 291 1918 qui
310 1861 413 1906 etat
425 1857 477 1903 et
496 1854 635 1902 audit
653 1867 782 1912 eum,
796 1853 979 1911 gaudio
993 1865 1119 1910 gau-

204 1929 291 1976 det
308 1926 523 1986 propter
546 1935 723 1969 vocem
749 1921 940 1980 sponsi.
1007 1920 1119 1966 Hoc

206 2008 334 2055 ergo
374 1991 610 2053 gaudium
656 2002 823 2036 meum
859 1987 1119 2047 impletum

205 2066 300 2110 eat.

272 2127 356 2177 3⁰.
383 2127 533 2173 Illum
552 2126 756 2183 oportet
774 2138 1023 2185 crescere,
1034 2137 1115 2170 me

202 2200 377 2244 autem
392 2193 569 2239 minui.

274 2264 356 2308 31.
393 2261 494 2314 Qui
514 2261 814 2306 desursum&
838 2259 1006 2317 venit,
1028 2271 1115 2304 au-

202 2344 301 2390 per
324 2342 497 2375 omne·
518 2330 611 2374 eut.
668 2327 766 2380 Qui
786 2329 863 2373 est
879 2326 939 2372 de
958 2326 1113 2385 terra,

202 2400 271 2445 de
291 2400 432 2442 terra
450 2397 545 2455 est,
569 2396 619 2440 et
639 2394 698 2441 de
718 2396 855 2440 terra
872 2392 1113 2451 loquitur.

202 2465 312 2520 Qui
331 2463 393 2510 de
413 2463 559 2509 coelo
581 2461 746 2521 venit,
766 2474 919 2518 super
940 2472 1115 2506 omnes

200 2535 301 2581 ent.

273 2600 357 2645 32.
392 2597 461 2643 Et
486 2596 619 2655 quod
636 2586 799 2643 vidith
829 2596 879 2642 et
907 2594 1113 2654 audivit,

198 2670 309 2714 hoc
364 2666 602 2721 testatum
670 2666 721 2710 et
772 2662 1115 2709 testimonium

200 2736 325 2793 ejus
345 2745 490 2777 nemo
510 2731 708 2789 accipit.

275 2800 361 2846 33.
400 2799 495 2852 Qui
523 2799 717 2856 accepit
745 2798 854 2855 eJ'ua
883 2796 1115 2842 testimo-

200 2869 374 2925 nium,
396 2865 639 2925 signavit,
662 2863 778 2921 quia
797 2864 935 2909 Deus
956 2874 1117 2908 verax

199 2944 357 3047 eat&-
395 3000 556 3054 Quem
602 2997 735 3044 enim
778 2996 917 3042 misit
956 2994 1115 3053 Deus,

251 3118 267 3137 θ
288 3108 343 3147 cf.
362 3120 395 3146 e.
414 3114 452 3152 1,
468 3112 529 3146 29.
560 3106 706 3145 Matth.
722 3110 761 3149 3,
780 3110 839 3142 11.
857 3107 921 3142 14.
965 3101 994 3137 ἰ
1010 3102 1062 3141 ef.
1082 3114 1115 3139 c.

198 3164 235 3197 1.
256 3161 321 3193 20.
367 3160 393 3191 8
412 3169 445 3193 c.
463 3160 499 3199 1,
518 3158 575 3193 15.
592 3159 655 3193 30.
702 3151 723 3179 h
742 3151 791 3189 cf.
811 3164 851 3187 v.
870 3156 928 3189 11.

321 3302 438 3358 Cap.
466 3301 557 3345 ΙΙΙ.

616 3304 684 3343 23.
705 3305 753 3344 et
772 3298 1087 3343 adveniebant.
1145 3302 1215 3340 24.
1244 3298 1294 3340 in
1312 3311 1535 3343 carcerem
1545 3300 1790 3345 Johannes.

1209 142 1378 194 cAP.
1417 145 1464 194 3.
1487 145 1536 194 4.
1986 146 2085 196 147

1178 246 1337 291 verba
1363 246 1462 292 Dei
1496 247 1747 306 loquitur3
1785 261 1893 295 non
1926 249 2086 294 enim³

1178 312 1243 358 ad
1261 325 1548 359 mensuram
1569 314 1652 360 dat
1668 315 1807 362 Deus
1837 315 2084 373 spiritum.

1246 379 1327 424 35.
1362 380 1514 426 Pater
1560 381 1724 440 diligit
1775 381 1987 442 Filium,
2035 388 2087 427 et

1178 446 1350 492 omnia
1369 446 1505 492 dedit
1524 447 1578 492 in
1595 461 1746 494 manu
1765 449 1892 506 ejus.

1247 515 1326 558 36.
1366 513 1466 566 Qui
1486 513 1646 560 credit
1671 514 1726 560 in
1751 515 1962 576 Filium,
1992 517 2084 561 ha-

1177 581 1262 626 bet
1287 580 1442 626 vitam
1477 583 1760 639 aeternam3
1800 583 1886 640 qui
1920 587 2084 630 autem

1177 647 1468 694 incredulus
1490 650 1566 695 est
1582 648 1743 708 Filio,
1773 661 1878 694 non
1898 650 2086 696 videbit

1179 714 1358 774 vitam,
1387 715 1476 761 ned
1509 715 1588 761 ira
1605 714 1704 761 Dei
1735 717 1907 762 manet
1934 729 2084 774 super

1180 795 1309 828 eum.

1475 949 1644 1000 CAP.
1699 950 1792 1002 IV.

1178 1045 1397 1091 Narratio
1453 1049 1508 1092 de
1571 1049 1741 1092 femina
1798 1047 2086 1092 samaritide.

1181 1103 1317 1146 Multi
1346 1102 1617 1147 Samaritani
1648 1106 1843 1147 animum
1870 1105 2089 1147 addicunt

1241 1159 1436 1202 Christo.
1496 1159 1660 1212 Reguli
1679 1159 1801 1202 filius
1830 1165 2029 1203 sanatur.

1251 1254 1296 1298 1.
1350 1253 1416 1297 Ut
1458 1265 1582 1310 ergo
1631 1254 1874 1311 cognovit
1920 1254 2087 1313 senua,

1183 1318 1301 1377 quia
1336 1319 1606 1366 audierunt
1638 1319 1916 1380 Pharisaei,
1955 1321 2089 1378 quod

1182 1377 1366 1433 Jesusl'
1392 1387 1564 1445 plures
1593 1385 1867 1445 discipulos
1897 1389 2020 1434 facit
2038 1392 2091 1434 et

1182 1454 1421 1513 baptizat,
1444 1467 1590 1512 quam
1611 1455 1642 1500 J
1645 1468 1858 1514 oannes,

1251 1524 1298 1567 2.
1337 1521 1656 1580 (quamquam
1685 1523 1834 1569 Jeaua
1861 1537 1968 1570 non
1997 1525 2087 1570 ba-

1182 1589 1418 1647 ptizaret,
1439 1589 1528 1635 aed
1549 1589 1781 1646 diucipuli
1802 1591 1960 1650 eJ‘ua:)

1253 1657 1301 1701 3.
1335 1656 1542 1712 reliquit
1576 1656 1840 1718 Judaeam,
1881 1659 1932 1703 et
1966 1659 2091 1704 abiit

1186 1722 1368 1767 iterum
1388 1722 1441 1767 in
1461 1722 1752 1768 Galilaeam.

1253 1789 1302 1832 4.
1323 1788 1601 1845 Oportebat
1611 1792 1774 1835 autem
1789 1803 1902 1836 eum
1919 1791 2090 1836 trans-

1186 1854 1264 1900 ire
1281 1867 1374 1912 per
1396 1855 1686 1900 Samariam.

1257 1924 1302 1968 5.
1338 1921 1493 1969 Venit
1511 1935 1634 1981 ergo
1655 1922 1710 1969 in
1730 1922 1984 1971 civitatem
1997 1926 2089 1972 Sa-

1184 1990 1392 2049 mariae,
1404 2003 1529 2047 quae
1547 1990 1728 2037 dicitur
1739 1992 1932 2051 Sichar,
1943 1993 2091 2050 juxta

1184 2058 1462 2117 praedium,
1484 2050 1645 2115 quod¹
1664 2058 1800 2107 dedit
1816 2060 1976 2106 Jacob
1993 2060 2088 2105 Jo-

1185 2125 1310 2183 seph
1327 2124 1432 2171 filio
1453 2138 1562 2171 suo.

1253 2194 1298 2237 6.
1333 2192 1462 2239 Erat
1487 2194 1654 2240 autem
1679 2193 1750 2241 ibi
1776 2197 1893 2243 fone
1913 2197 2087 2243 Jacob.

1181 2260 1332 2306 Jeeua
1361 2274 1486 2318 ergo
1515 2261 1751 2319 fatigatus
1782 2277 1850 2310 ex
1884 2264 2087 2322 itinere,

1184 2326 1392 2373 sedebat
1411 2327 1483 2374 sic
1502 2340 1654 2385 supra
1670 2329 1880 2376 fontem.
1948 2331 2090 2375 Hora

1184 2396 1296 2442 erat
1313 2394 1456 2451 quasi
1473 2398 1634 2441 sexta.

1252 2462 1300 2505 ’1.
1334 2461 1490 2507 Venit
1533 2461 1716 2508 mulier
1763 2462 1824 2508 de
1863 2462 2089 2509 Samaria

1183 2527 1389 2573 haurire
1415 2540 1608 2585 aquam.
1676 2528 1814 2575 Dicit
1840 2528 1889 2574 ei
1915 2529 2086 2575 Jeme:

1181 2594 1263 2641 Da
1279 2594 1402 2641 mihi
1419 2593 1612 2642 bibere!

1251 2664 1299 2707 8.
1337 2660 1610 2721 (Discipuli
1645 2661 1780 2708 enim
1809 2661 1855 2719 ej
1863 2673 1918 2706 ua
1948 2662 2087 2709 abie-

1181 2731 1301 2776 rant
1317 2729 1373 2776 in
1393 2729 1648 2776 civitatem
1663 2758 1678 2787 ,
1707 2729 1766 2773 ut
1793 2728 1932 2774 cibos
1951 2743 2088 2777 eme·

1182 2795 1338 2855 rent.)

1251 2865 1298 2907 9.
1331 2861 1470 2909 Dicit
1489 2874 1614 2919 ergo
1628 2861 1676 2908 ei
1694 2862 1874 2909 mulier
1893 2863 1982 2911 illa
1995 2867 2088 2913 Sa-

1181 2928 1455 2975 maritana:
1489 2928 1754 2981 Quomodo
1773 2932 1846 2992 tu,
1866 2934 2087 2980 Judaeua

1185 3010 1298 3042 cum
1316 2995 1404 3053 sin,
1425 2994 1597 3041 bibere
1616 3009 1647 3041 a
1662 3010 1742 3043 me
1759 3000 1946 3060 poscit,
1960 3013 2087 3057 quae

1231 3098 1246 3129 ἶ
1266 3101 1352 3139 col.
1371 3105 1407 3145 1,
1426 3106 1486 3141 19.
1551 3102 1573 3131 k
1591 3116 1625 3141 e.
1644 3109 1682 3149 3,
1701 3110 1763 3144 22.
1781 3110 1841 3146 26.
1907 3107 1923 3135 ²
1940 3108 2089 3144 Genes.

1183 3151 1248 3192 48,
1266 3152 1326 3185 22.
1358 3147 1440 3185 Joe.
1461 3151 1524 3193 94,
1539 3154 1598 3189 32.

1847 3305 1916 3343 25.
1945 3300 2091 3342 Facta

190 3368 277 3405 est
302 3372 429 3412 ergo·
498 3360 568 3399 26.
607 3356 856 3400 Jordanen.
922 3359 991 3398 27.
1032 3357 1073 3397 ei
1102 3354 1259 3397 fuerit.
1329 3358 1396 3396 28.
1436 3368 1519 3408 ego
1546 3371 1638 3399 non
1667 3372 1776 3400 sum.
1844 3360 1912 3398 31.
1952 3365 2088 3408 supra

194 3414 336 3468 (bia).

410 3417 481 3457 33.
533 3414 713 3468 accipit.
791 3414 861 3457 36.
909 3410 1168 3455 incredulus
1198 3414 1270 3453 est
1301 3410 1472 3463 (omiss.
1501 3410 1638 3467 filio).

1770 3410 1852 3453 lv.
1912 3414 1951 3453 1.
1984 3410 2089 3467 quia

190 3476 323 3528 (pro
346 3470 516 3524 quod);
537 3465 643 3513 ibid.
663 3468 874 3525 baptizat
890 3468 1036 3521 magia
1053 3467 1176 3522 (sic).
1235 3470 1276 3508 5.
1309 3464 1496 3519 sychar.
1557 3470 1598 3511 6.
1630 3469 1696 3511 sic
1714 3478 1862 3521 super-
