2376 3925
289 146 449 190 Lvm
712 142 1136 188 PRAEFATIO
1179 145 1275 187 AD
1320 143 1728 189 LECTOREM.

285 276 338 320 in
357 272 644 320 sententiis.
714 270 1033 328 Sophronias
1053 283 1269 329 quoque,
1296 271 1373 317 vir
1392 270 1773 331 eruditissimus,
1796 273 1846 318 S.
1856 271 2163 330 Hieronymi

282 357 670 404 translationem
695 367 804 400 non
821 354 1020 400 Latinis
1047 353 1199 400 modo
1213 385 1227 413 ,
1256 354 1346 400 sed
1364 354 1516 400 etiam
1535 353 1743 401 Graecis
1772 353 1919 400 valde
1946 355 2163 412 probari

283 440 710 498 animadvertens,
729 438 860 484 tanti
877 451 988 484 eam
1007 437 1155 496 fecit,
1173 439 1233 482 ut
1250 435 1557 484 psalterium
1574 438 1627 484 et
1643 437 1915 496 propbetas
1941 449 2009 484 ex
2024 437 2158 484 Hie-

279 523 482 584 ronymi
500 521 740 570 versione
756 521 812 568 in
833 521 1078 567 Graecum
1096 520 1321 579 eleganti
1338 533 1575 568 sermone
1592 521 1926 568 transtulerit.
1985 521 2156 567 Porro

279 607 366 665 qui
385 606 546 654 secuti
562 607 707 666 sunt,
731 605 828 652 viri
845 603 1147 663 doctissimi,
1166 604 1451 664 Remigius,
1470 603 1632 664 Beda,
1650 603 1883 651 Rabanus
1900 635 1916 664 ,
1934 605 2155 663 Haymo,

280 689 568 750 Anselmus‚
586 690 768 737 Petrus
785 687 1036 746 Damiani,
1054 687 1350 745 Richardus,
1367 688 1537 748 Hugo,
1556 688 1860 748 Bernardus,
1880 688 2155 746 Rupertus,

279 775 464 822 Petrus
478 771 789 822 Lombardus
804 801 820 831 ,
847 771 1166 832 Alexander,
1204 771 1467 831 Albertus,
1495 771 1743 831 Thomas,
1770 771 2152 831 Bonaventura‚

279 857 532 916 ceterique
595 867 798 914 omnes,
825 854 912 910 qui
937 855 1018 900 his
1036 856 1313 914 nongentis
1340 855 1489 900 annis
1517 855 1573 900 in
1590 855 1825 901 Ecclesia
1848 855 2151 913 floruerunt,

279 941 442 988 sancti
451 938 752 998 Hieronymi
765 938 1005 984 versione
1022 937 1094 984 ita
1112 942 1231 985 sunt
1250 938 1345 998 usi,
1358 941 1416 984 ut
1464 941 1683 998 ceterae,
1702 951 1829 997 quae
1847 951 1979 997 pene
1998 939 2154 984 innu-

277 1022 546 1071 merabiles
573 1024 745 1083 erant,
783 1021 928 1080 quasi
951 1011 1122 1080 lapsae
1151 1022 1213 1069 de
1240 1023 1469 1069 manibus
1497 1022 1906 1082 Theologorum,
1946 1022 2153 1079 penitus

279 1105 645 1154 obsoleverint,
713 1105 883 1160 Quare
901 1118 1009 1152 non
1027 1105 1279 1154 immerito
1292 1105 1559 1156 catholica
1576 1105 1811 1153 Ecclesia
1830 1106 1883 1152 S.
1896 1105 2157 1164 Hierony·

279 1205 418 1237 mum
434 1190 696 1237 doctorem
711 1190 1010 1249 maximum,
1040 1191 1191 1247 atque
1220 1189 1285 1236 ad
1304 1190 1590 1249 Scripturas
1620 1201 1791 1237 sacras
1806 1189 2156 1247 interpretan-

279 1275 368 1321 das
387 1274 629 1320 divinitus
651 1275 925 1322 excitatum
943 1274 1016 1319 ita
1033 1273 1282 1333 celebrat,
1310 1276 1366 1320 ut
1386 1273 1494 1331 jam
1512 1273 1717 1320 difficile
1734 1286 1841 1319 non
1861 1273 1929 1319 sit
1944 1271 2155 1319 illorum

281 1359 508 1405 omnium
535 1358 772 1405 damnare
799 1357 1072 1418 judicium,
1109 1358 1196 1415 qui
1221 1357 1307 1404 vel
1330 1359 1433 1404 tam
1452 1357 1627 1404 eximii
1643 1357 1884 1404 Doctoris
1914 1356 2155 1403 lucubra-

279 1442 502 1490 tionibus
520 1455 628 1488 non
647 1441 978 1497 acquiescunt
989 1471 1005 1502 ,
1035 1441 1120 1488 vel
1137 1441 1290 1487 etiam
1306 1440 1550 1501 meliora,
1580 1443 1669 1488 aut
1686 1443 1824 1488 certe
1842 1440 1985 1498 paria
2003 1453 2156 1498 prae-

283 1529 420 1574 stare
445 1539 502 1572 se
521 1538 672 1584 posse
691 1525 963 1572 confidunt.
1067 1525 1300 1572 Ceterum
1318 1537 1387 1570 ne
1412 1527 1514 1570 tam
1532 1523 1693 1570 fidelis
1710 1525 1978 1571 &analatio
1989 1555 2004 1584 ‚
2024 1527 2157 1571 tam-

280 1623 378 1667 que
397 1609 452 1655 in
473 1622 648 1656 omnes
668 1610 837 1667 partes
855 1608 1119 1656 Ecclesiae
1139 1607 1305 1670 utilis,
1326 1608 1411 1656 vel
1428 1608 1619 1666 injuria
1634 1610 1936 1668 temporum,
1956 1608 2039 1655 vel
2056 1609 2159 1655 im-

279 1707 572 1753 pressorum
588 1693 815 1752 incuria,
848 1692 934 1740 vel
951 1695 1143 1740 temere
1163 1693 1535 1740 emendantium
1554 1692 1785 1752 audacia,
1804 1691 1911 1738 ulla
1929 1707 1995 1739 ex
2013 1696 2161 1751 parte

286 1779 720 1838 corrumperetur,
756 1777 933 1824 eadem
970 1781 1295 1826 sacrosancta
1321 1777 1557 1837 Synodus
1586 1776 1885 1824 Tridentino
1916 1777 2041 1824 illud
2068 1777 2160 1824 de-

287 1865 428 1910 creto
456 1876 551 1909 suo
579 1863 836 1920 sapienter
861 1861 1074 1922 adiecit,
1113 1864 1170 1910 ut
1200 1863 1326 1909 baec
1353 1861 1465 1921 ipsa
1501 1862 1647 1908 vetus
1675 1873 1735 1908 ac
1761 1860 1967 1919 vulgata
2002 1861 2160 1908 editio

285 1946 707 2007 emendatissime,
727 1947 892 2004 quoad
911 1946 1020 1993 fieri
1038 1949 1230 2005 posset,
1250 1945 1650 2004 imprimeretur3
1685 1958 1851 2003 neque
1866 1945 1962 1993 ulli
1978 1945 2163 1993 liceret

283 2043 392 2077 eam
427 2030 541 2076 sine
574 2029 812 2076 facultate
849 2032 904 2075 et
937 2029 1305 2087 approbatione
1336 2029 1669 2086 superiorum
1704 2030 1971 2077 excudere.
2040 2030 2150 2082 Quo

281 2112 486 2159 decreto
513 2112 664 2157 simul
681 2111 1138 2170 ‘typographorum
1171 2112 1445 2158 temeritati
1483 2125 1544 2158 ac
1570 2111 1809 2161 licentiae
1835 2114 2037 2160 modum
2056 2113 2152 2155 im-

279 2194 476 2253 posuit,
507 2196 560 2240 et
591 2196 852 2251 pastorum
878 2195 1142 2242 Ecclesiae
1171 2196 1229 2241 in
1260 2199 1402 2242 tanto
1432 2198 1569 2243 bono
1598 2210 1745 2255 quam
1773 2193 2154 2255 diligentissime

279 2276 548 2325 retinendo
561 2308 576 2337 ,
604 2277 659 2323 et
675 2279 1030 2325 conservando
1043 2311 1058 2340 ,
1077 2280 1395 2340 vigilantiam
1412 2283 1560 2339 afflue
1578 2281 1876 2328 industriam
1895 2275 2151 2327 excitavit.

281 2362 354 2409 Et
383 2360 610 2421 quamvis
637 2360 913 2420 insignium
939 2364 1303 2411 academiarum
1331 2364 1564 2423 theologi
1600 2366 1657 2411 in
1694 2364 1913 2411 editione
1948 2360 2159 2418 vulgata

283 2447 500 2506 pristino
520 2459 612 2493 suo
631 2444 790 2492 nitori
807 2447 1120 2495 restituenda
1135 2460 1320 2507 magna
1337 2462 1449 2495 cum
1464 2449 1615 2496 laude
1631 2445 2003 2503 laboraverint3
2040 2443 2160 2501 quia

287 2533 456 2579 tamen
477 2532 532 2577 in
549 2532 690 2577 tanta
705 2542 766 2577 re
783 2531 928 2579 nulla
945 2534 1114 2590 potest
1133 2546 1247 2579 esse
1264 2532 1421 2579 nimia
1439 2532 1701 2591 diligentia
1711 2563 1727 2591 ,
1754 2532 1809 2576 et
1826 2527 2028 2576 codices
2045 2540 2159 2573 ma·-

283 2616 530 2673 nuscripti
557 2613 842 2673 complures
873 2616 927 2663 et
957 2616 1260 2664 vetustiores
1288 2617 1467 2664 summi
1482 2614 1745 2663 Pontifici·
1767 2614 1915 2671 ,iussu
1941 2612 2157 2669 conqui-

282 2697 396 2757 siti,
435 2701 583 2756 atque
609 2700 666 2747 in
688 2700 865 2747 urbem
889 2700 1087 2747 advecti
1117 2704 1291 2759 erant3
1338 2702 1390 2745 et
1408 2698 1625 2758 demum,
1662 2697 1899 2755 quoniam
1918 2696 2155 2744 executio

282 2780 593 2839 generalium
613 2782 980 2845 conciliorum,
1000 2784 1178 2841 etipsa
1198 2783 1569 2841 Scripturarum
1586 2781 1853 2840 integritas
1879 2793 1939 2826 ac
1956 2780 2152 2838 puritas

284 2862 349 2911 ad
384 2877 555 2910 curam
601 2868 912 2923 apostolicae
957 2866 1095 2915 sedis
1137 2867 1453 2926 potissimum
1502 2866 1761 2925 pertinere
1797 2864 2151 2922 cognoscitur-3

281 2946 399 2995 ideo
416 2947 536 2993 Pius
551 2949 648 2995 lv.
663 2946 910 3000 Pontifex
931 2965 1068 3001 max.
1086 2964 1180 3010 pro
1209 2964 1302 2998 sua
1327 2952 1384 2997 in
1401 2965 1577 2999 omnes
1600 2950 1863 2998 Ecclesiae
1882 2952 2053 3006 partes
2071 2948 2153 2993 in-

283 3030 514 3081 credibili
531 3030 821 3093 vigilantia,
839 3034 1126 3081 lectissimis
1143 3034 1339 3091 aliquot
1356 3038 1559 3083 sanctae
1576 3036 1719 3081 Rom.
1738 3033 2003 3081 Ecclesiae
2024 3030 2154 3079 Car-

284 3115 560 3173 dinalibus,
589 3113 804 3173 aliisque
827 3118 935 3163 tum
961 3131 1219 3166 sacrarum
1236 3118 1525 3177 literarum,
1553 3120 1660 3163 tum
1678 3118 1934 3164 variarum
1950 3115 2154 3173 lingua-

283 3213 396 3245 rum
422 3197 737 3257 peritissimis
765 3199 918 3259 viris,
956 3213 1065 3246 eam
1094 3202 1411 3261 provinciam
1438 3200 1779 3261 demandavit,
1818 3202 1876 3245 ut
1903 3198 2156 3258 vulgatam

291 3282 407 3329 edit.
426 3283 536 3329 Lat.
563 3280 796 3329 adhibitis
825 3282 1186 3340 antiquissimis
1217 3285 1473 3333 codicibus
1500 3282 1881 3343 manuscriptis,
1914 3282 2156 3341 inspectis

289 3377 488 3424 quoque
503 3364 796 3425 Hebraicis,
827 3366 1136 3424 Graecisque
1151 3368 1427 3415 Bibliorum
1456 3367 1711 3425 fontibus3
1748 3366 1991 3414 consultis
2012 3365 2158 3411 deni-

287 3459 383 3502 que
403 3450 630 3496 veterum
638 3448 842 3496 Patrum
861 3450 1251 3509 commentariis,
1264 3448 1637 3497 accuratissime
1658 3449 1976 3507 castigarent.
2010 3448 2157 3501 Quod
