<?xml version="1.0" encoding="UTF-8"?>
<!DOCTYPE html PUBLIC "-//W3C//DTD XHTML 1.0 Transitional//EN"
    "http://www.w3.org/TR/xhtml1/DTD/xhtml1-transitional.dtd">
<html xmlns="http://www.w3.org/1999/xhtml" xml:lang="en" lang="en">
 <head>
  <title>
</title>
<meta http-equiv="Content-Type" content="text/html;charset=utf-8" />
  <meta name='ocr-system' content='tesseract 3.04.00' />
  <meta name='ocr-capabilities' content='ocr_page ocr_carea ocr_par ocr_line ocrx_word'/>
</head>
<body>
  <div class='ocr_page' id='page_1' title='image "./novumtestamentu01flecgoog_0300.png"; bbox 0 0 2376 3925; ppageno 0'>
   <div class='ocr_carea' id='block_1_1' title="bbox 263 119 1923 201">
    <p class='ocr_par' dir='ltr' id='par_1_1' title="bbox 263 119 1923 201">
     <span class='ocr_line' id='line_1_1' title="bbox 263 119 1923 201; baseline -0.02 0"><span class='ocrx_word' id='word_1_1' title='bbox 263 150 366 201; x_wconf 76' lang='lat'><strong>23²</strong></span> <span class='ocrx_word' id='word_1_2' title='bbox 501 139 766 196; x_wconf 84' lang='lat' dir='ltr'><strong>ACTUS</strong></span> <span class='ocrx_word' id='word_1_3' title='bbox 820 125 1469 189; x_wconf 84' lang='lat' dir='ltr'><strong>APOSTOLORUM.</strong></span> <span class='ocrx_word' id='word_1_4' title='bbox 1526 123 1694 175; x_wconf 85' lang='lat' dir='ltr'><strong>CAP.</strong></span> <span class='ocrx_word' id='word_1_5' title='bbox 1732 119 1923 172; x_wconf 79' lang='lat'><strong>25.26.</strong></span> 
     </span>
    </p>
   </div>
   <div class='ocr_carea' id='block_1_2' title="bbox 267 224 2147 308">
    <p class='ocr_par' dir='ltr' id='par_1_2' title="bbox 267 224 2147 308">
     <span class='ocr_line' id='line_1_2' title="bbox 267 224 2147 308; baseline -0.019 -9"><span class='ocrx_word' id='word_1_6' title='bbox 267 252 465 308; x_wconf 84' lang='lat' dir='ltr'><strong>rebant,</strong></span> <span class='ocrx_word' id='word_1_7' title='bbox 487 249 548 294; x_wconf 89' lang='lat' dir='ltr'><strong>de</strong></span> <span class='ocrx_word' id='word_1_8' title='bbox 567 246 744 304; x_wconf 79' lang='lat' dir='ltr'><strong>quibus</strong></span> <span class='ocrx_word' id='word_1_9' title='bbox 763 255 862 300; x_wconf 78' lang='lat' dir='ltr'><strong>ego</strong></span> <span class='ocrx_word' id='word_1_10' title='bbox 881 237 1174 297; x_wconf 78' lang='lat' dir='ltr'><strong>suspicabar</strong></span> <span class='ocrx_word' id='word_1_11' title='bbox 1244 232 1415 289; x_wconf 82' lang='lat' dir='ltr'><strong>detur,</strong></span> <span class='ocrx_word' id='word_1_12' title='bbox 1443 229 1645 273; x_wconf 82' lang='lat' dir='ltr'><strong>mittere</strong></span> <span class='ocrx_word' id='word_1_13' title='bbox 1664 224 1916 282; x_wconf 74' lang='lat' dir='ltr'><strong>vinetum,</strong></span> <span class='ocrx_word' id='word_1_14' title='bbox 1946 225 2003 268; x_wconf 83' lang='lat' dir='ltr'><strong>et</strong></span> <span class='ocrx_word' id='word_1_15' title='bbox 2030 235 2147 268; x_wconf 81' lang='lat' dir='ltr'><strong>cau-</strong></span> 
     </span>
    </p>
   </div>
   <div class='ocr_carea' id='block_1_3' title="bbox 267 318 1176 439">
    <p class='ocr_par' dir='ltr' id='par_1_3' title="bbox 267 318 1176 439">
     <span class='ocr_line' id='line_1_3' title="bbox 267 318 480 374; baseline -0.023 -8"><span class='ocrx_word' id='word_1_16' title='bbox 267 318 480 374; x_wconf 81' lang='lat' dir='ltr'><strong>malum3</strong></span> 
     </span>
     <span class='ocr_line' id='line_1_4' title="bbox 339 370 1176 439; baseline -0.022 -8"><span class='ocrx_word' id='word_1_17' title='bbox 339 388 420 432; x_wconf 84' lang='grc'><strong>19.</strong></span> <span class='ocrx_word' id='word_1_18' title='bbox 457 378 780 439; x_wconf 75' lang='lat' dir='ltr'><strong>quaestiones</strong></span> <span class='ocrx_word' id='word_1_19' title='bbox 794 387 917 422; x_wconf 84' lang='lat' dir='ltr'><strong>vero</strong></span> <span class='ocrx_word' id='word_1_20' title='bbox 938 370 1176 430; x_wconf 82' lang='lat' dir='ltr'><strong>quasdam</strong></span> 
     </span>
    </p>
   </div>
   <div class='ocr_carea' id='block_1_4' title="bbox 217 437 1184 1235">
    <p class='ocr_par' dir='ltr' id='par_1_4' title="bbox 217 437 1178 699">
     <span class='ocr_line' id='line_1_5' title="bbox 217 437 1178 504; baseline -0.021 -4"><span class='ocrx_word' id='word_1_21' title='bbox 217 445 231 460; x_wconf 60' lang='grc'><em>“</em></span> <span class='ocrx_word' id='word_1_22' title='bbox 275 453 336 499; x_wconf 85' lang='lat' dir='ltr'><strong>de</strong></span> <span class='ocrx_word' id='word_1_23' title='bbox 385 462 476 497; x_wconf 81' lang='lat' dir='ltr'><strong>sua</strong></span> <span class='ocrx_word' id='word_1_24' title='bbox 519 444 884 504; x_wconf 66' lang='lat' dir='ltr'><strong>superstitione</strong></span> <span class='ocrx_word' id='word_1_25' title='bbox 929 437 1178 486; x_wconf 80' lang='lat' dir='ltr'><strong>habebant</strong></span> 
     </span>
     <span class='ocr_line' id='line_1_6' title="bbox 275 506 1176 572; baseline -0.02 -7"><span class='ocrx_word' id='word_1_26' title='bbox 275 520 516 566; x_wconf 85' lang='lat' dir='ltr'><strong>adversus</strong></span> <span class='ocrx_word' id='word_1_27' title='bbox 537 527 667 572; x_wconf 87' lang='lat' dir='ltr'><strong>eum,</strong></span> <span class='ocrx_word' id='word_1_28' title='bbox 683 513 734 558; x_wconf 85' lang='lat' dir='ltr'><strong>et</strong></span> <span class='ocrx_word' id='word_1_29' title='bbox 757 511 817 556; x_wconf 88' lang='lat' dir='ltr'><strong>de</strong></span> <span class='ocrx_word' id='word_1_30' title='bbox 830 507 1043 566; x_wconf 88' lang='lat' dir='ltr'><strong>quodam</strong></span> <span class='ocrx_word' id='word_1_31' title='bbox 1054 506 1086 550; x_wconf 79' lang='lat' dir='ltr'>J</span> <span class='ocrx_word' id='word_1_32' title='bbox 1087 516 1176 548; x_wconf 87' lang='lat' dir='ltr'><strong>esu</strong></span> 
     </span>
     <span class='ocr_line' id='line_1_7' title="bbox 275 571 1177 642; baseline -0.02 -10"><span class='ocrx_word' id='word_1_33' title='bbox 275 583 531 642; x_wconf 84' lang='lat' dir='ltr'><strong>defuncto,</strong></span> <span class='ocrx_word' id='word_1_34' title='bbox 547 594 692 639; x_wconf 84' lang='lat' dir='ltr'><strong>quem</strong></span> <span class='ocrx_word' id='word_1_35' title='bbox 713 575 982 624; x_wconf 82' lang='lat' dir='ltr'><strong>affirmabat</strong></span> <span class='ocrx_word' id='word_1_36' title='bbox 990 571 1177 618; x_wconf 86' lang='lat' dir='ltr'><strong>Paulus</strong></span> 
     </span>
     <span class='ocr_line' id='line_1_8' title="bbox 275 653 467 699; baseline -0.016 0"><span class='ocrx_word' id='word_1_37' title='bbox 275 653 467 699; x_wconf 80' lang='lat' dir='ltr'><strong>vivere.</strong></span> 
     </span>
    </p>

    <p class='ocr_par' dir='ltr' id='par_1_5' title="bbox 275 704 1182 981">
     <span class='ocr_line' id='line_1_9' title="bbox 342 704 1178 764; baseline -0.018 0"><span class='ocrx_word' id='word_1_38' title='bbox 342 721 424 764; x_wconf 82' lang='lat'><strong>2⁰.</strong></span> <span class='ocrx_word' id='word_1_39' title='bbox 457 714 726 762; x_wconf 82' lang='lat' dir='ltr'><strong>Haesitans</strong></span> <span class='ocrx_word' id='word_1_40' title='bbox 771 711 937 756; x_wconf 84' lang='lat' dir='ltr'><strong>autem</strong></span> <span class='ocrx_word' id='word_1_41' title='bbox 981 718 1079 764; x_wconf 78' lang='lat' dir='ltr'><strong>ego</strong></span> <span class='ocrx_word' id='word_1_42' title='bbox 1117 704 1178 749; x_wconf 91' lang='lat' dir='ltr'><strong>de</strong></span> 
     </span>
     <span class='ocr_line' id='line_1_10' title="bbox 275 774 1178 845; baseline -0.021 -10"><span class='ocrx_word' id='word_1_43' title='bbox 275 783 565 845; x_wconf 80' lang='lat' dir='ltr'><strong>hujusmodi</strong></span> <span class='ocrx_word' id='word_1_44' title='bbox 591 778 888 837; x_wconf 76' lang='lat' dir='ltr'><strong>quaestione</strong></span> <span class='ocrx_word' id='word_1_45' title='bbox 901 806 916 834; x_wconf 90' lang='lat'>‚</span> <span class='ocrx_word' id='word_1_46' title='bbox 937 774 1178 830; x_wconf 83' lang='lat' dir='ltr'><strong>dicebam,</strong></span> 
     </span>
     <span class='ocr_line' id='line_1_11' title="bbox 278 839 1182 902; baseline -0.02 0"><span class='ocrx_word' id='word_1_47' title='bbox 278 856 322 902; x_wconf 81' lang='lat' dir='ltr'><strong>si</strong></span> <span class='ocrx_word' id='word_1_48' title='bbox 341 852 498 900; x_wconf 83' lang='lat' dir='ltr'><strong>vellet</strong></span> <span class='ocrx_word' id='word_1_49' title='bbox 519 850 596 895; x_wconf 86' lang='lat' dir='ltr'><strong>ire</strong></span> <span class='ocrx_word' id='word_1_50' title='bbox 623 843 1013 902; x_wconf 79' lang='lat' dir='ltr'><strong>lerosolymam,</strong></span> <span class='ocrx_word' id='word_1_51' title='bbox 1043 842 1096 886; x_wconf 89' lang='lat' dir='ltr'><strong>et</strong></span> <span class='ocrx_word' id='word_1_52' title='bbox 1111 839 1182 886; x_wconf 91' lang='lat' dir='ltr'><strong>ibi</strong></span> 
     </span>
     <span class='ocr_line' id='line_1_12' title="bbox 276 914 720 981; baseline -0.025 -12"><span class='ocrx_word' id='word_1_53' title='bbox 276 918 494 981; x_wconf 85' lang='lat' dir='ltr'><strong>judicari</strong></span> <span class='ocrx_word' id='word_1_54' title='bbox 511 917 573 962; x_wconf 87' lang='lat' dir='ltr'><strong>de</strong></span> <span class='ocrx_word' id='word_1_55' title='bbox 593 914 720 961; x_wconf 86' lang='lat' dir='ltr'><strong>istis.</strong></span> 
     </span>
    </p>

    <p class='ocr_par' dir='ltr' id='par_1_6' title="bbox 279 974 1184 1235">
     <span class='ocr_line' id='line_1_13' title="bbox 347 974 1181 1034; baseline -0.02 0"><span class='ocrx_word' id='word_1_56' title='bbox 347 989 427 1034; x_wconf 91' lang='grc'><strong>21.</strong></span> <span class='ocrx_word' id='word_1_57' title='bbox 471 981 630 1030; x_wconf 89' lang='lat' dir='ltr'><strong>Paulo</strong></span> <span class='ocrx_word' id='word_1_58' title='bbox 675 980 842 1025; x_wconf 85' lang='lat' dir='ltr'><strong>autem</strong></span> <span class='ocrx_word' id='word_1_59' title='bbox 877 974 1181 1034; x_wconf 81' lang='lat' dir='ltr'><strong>appellante,</strong></span> 
     </span>
     <span class='ocr_line' id='line_1_14' title="bbox 279 1041 1182 1102; baseline -0.019 0"><span class='ocrx_word' id='word_1_60' title='bbox 279 1058 336 1102; x_wconf 86' lang='lat' dir='ltr'><strong>ut</strong></span> <span class='ocrx_word' id='word_1_61' title='bbox 354 1051 643 1100; x_wconf 83' lang='lat' dir='ltr'><strong>servaretur</strong></span> <span class='ocrx_word' id='word_1_62' title='bbox 673 1047 738 1092; x_wconf 91' lang='lat' dir='ltr'><strong>ad</strong></span> <span class='ocrx_word' id='word_1_63' title='bbox 761 1044 976 1102; x_wconf 85' lang='lat' dir='ltr'><strong>Augusti</strong></span> <span class='ocrx_word' id='word_1_64' title='bbox 1004 1041 1182 1100; x_wconf 87' lang='lat' dir='ltr'><strong>cogni-</strong></span> 
     </span>
     <span class='ocr_line' id='line_1_15' title="bbox 280 1110 1184 1177; baseline -0.018 -9"><span class='ocrx_word' id='word_1_65' title='bbox 280 1123 488 1177; x_wconf 82' lang='lat' dir='ltr'><strong>tionem,</strong></span> <span class='ocrx_word' id='word_1_66' title='bbox 507 1115 639 1176; x_wconf 83' lang='lat' dir='ltr'><strong>jussi</strong></span> <span class='ocrx_word' id='word_1_67' title='bbox 655 1113 852 1162; x_wconf 82' lang='lat' dir='ltr'><strong>servari</strong></span> <span class='ocrx_word' id='word_1_68' title='bbox 871 1125 1001 1170; x_wconf 86' lang='lat' dir='ltr'><strong>eum,</strong></span> <span class='ocrx_word' id='word_1_69' title='bbox 1023 1110 1184 1154; x_wconf 85' lang='lat' dir='ltr'><strong>donec</strong></span> 
     </span>
     <span class='ocr_line' id='line_1_16' title="bbox 280 1182 1019 1235; baseline -0.019 1"><span class='ocrx_word' id='word_1_70' title='bbox 280 1189 502 1235; x_wconf 70' lang='lat' dir='ltr'><strong>niittsm‘·</strong></span> <span class='ocrx_word' id='word_1_71' title='bbox 520 1198 632 1232; x_wconf 89' lang='lat' dir='ltr'><strong>eum</strong></span> <span class='ocrx_word' id='word_1_72' title='bbox 651 1182 714 1228; x_wconf 81' lang='lat' dir='ltr'><strong>ad</strong></span> <span class='ocrx_word' id='word_1_73' title='bbox 736 1183 1019 1228; x_wconf 84' lang='lat' dir='ltr'><strong>Caesarem.</strong></span> 
     </span>
    </p>
   </div>
   <div class='ocr_carea' id='block_1_5' title="bbox 283 1253 1187 1455">
    <p class='ocr_par' dir='ltr' id='par_1_7' title="bbox 283 1253 1187 1455">
     <span class='ocr_line' id='line_1_17' title="bbox 350 1253 1187 1324; baseline -0.017 -10"><span class='ocrx_word' id='word_1_74' title='bbox 350 1271 432 1315; x_wconf 85' lang='grc'><strong>22.</strong></span> <span class='ocrx_word' id='word_1_75' title='bbox 485 1265 710 1324; x_wconf 78' lang='lat' dir='ltr'><strong>Agrippa</strong></span> <span class='ocrx_word' id='word_1_76' title='bbox 757 1263 922 1307; x_wconf 86' lang='lat' dir='ltr'><strong>autem</strong></span> <span class='ocrx_word' id='word_1_77' title='bbox 962 1256 1090 1304; x_wconf 83' lang='lat' dir='ltr'><strong>dixit</strong></span> <span class='ocrx_word' id='word_1_78' title='bbox 1125 1253 1187 1300; x_wconf 90' lang='lat' dir='ltr'><strong>ad</strong></span> 
     </span>
     <span class='ocr_line' id='line_1_18' title="bbox 283 1322 1187 1384; baseline -0.02 0"><span class='ocrx_word' id='word_1_79' title='bbox 283 1338 512 1384; x_wconf 77' lang='lat' dir='ltr'><strong>Festum:</strong></span> <span class='ocrx_word' id='word_1_80' title='bbox 542 1333 788 1378; x_wconf 85' lang='lat' dir='ltr'><strong>Volebam</strong></span> <span class='ocrx_word' id='word_1_81' title='bbox 815 1330 867 1374; x_wconf 85' lang='lat' dir='ltr'><strong>et</strong></span> <span class='ocrx_word' id='word_1_82' title='bbox 893 1326 1001 1384; x_wconf 88' lang='lat' dir='ltr'><strong>ipse</strong></span> <span class='ocrx_word' id='word_1_83' title='bbox 1021 1322 1187 1370; x_wconf 90' lang='lat' dir='ltr'><strong>homi-</strong></span> 
     </span>
     <span class='ocr_line' id='line_1_19' title="bbox 284 1389 1186 1455; baseline -0.02 -4"><span class='ocrx_word' id='word_1_84' title='bbox 284 1417 400 1451; x_wconf 89' lang='lat' dir='ltr'><strong>nem</strong></span> <span class='ocrx_word' id='word_1_85' title='bbox 420 1400 610 1447; x_wconf 88' lang='lat' dir='ltr'><strong>audire.</strong></span> <span class='ocrx_word' id='word_1_86' title='bbox 656 1399 797 1455; x_wconf 69' lang='lat' dir='ltr'><strong>Cras,</strong></span> <span class='ocrx_word' id='word_1_87' title='bbox 818 1394 997 1450; x_wconf 85' lang='lat' dir='ltr'><strong>inquit,</strong></span> <span class='ocrx_word' id='word_1_88' title='bbox 1015 1389 1186 1436; x_wconf 86' lang='lat' dir='ltr'><strong>audies</strong></span> 
     </span>
    </p>
   </div>
   <div class='ocr_carea' id='block_1_6' title="bbox 287 1485 1188 1580">
    <p class='ocr_par' dir='ltr' id='par_1_8' title="bbox 287 1485 1188 1580">
     <span class='ocr_line' id='line_1_20' title="bbox 287 1485 1188 1580; baseline -0.019 2"><span class='ocrx_word' id='word_1_89' title='bbox 287 1485 432 1580; x_wconf 42' lang='lat' dir='ltr'><strong>emitti.</strong></span> <span class='ocrx_word' id='word_1_90' title='bbox 467 1533 642 1579; x_wconf 83' lang='lat' dir='ltr'><strong>Altera</strong></span> <span class='ocrx_word' id='word_1_91' title='bbox 671 1530 836 1575; x_wconf 84' lang='lat' dir='ltr'><strong>autem</strong></span> <span class='ocrx_word' id='word_1_92' title='bbox 867 1525 946 1570; x_wconf 89' lang='lat' dir='ltr'><strong>die</strong></span> <span class='ocrx_word' id='word_1_93' title='bbox 967 1537 1078 1570; x_wconf 88' lang='lat' dir='ltr'><strong>cum</strong></span> <span class='ocrx_word' id='word_1_94' title='bbox 1097 1533 1188 1567; x_wconf 86' lang='lat' dir='ltr'><strong>ve-</strong></span> 
     </span>
    </p>
   </div>
   <div class='ocr_carea' id='block_1_7' title="bbox 286 1592 1199 2682">
    <p class='ocr_par' dir='ltr' id='par_1_9' title="bbox 286 1592 1195 1923">
     <span class='ocr_line' id='line_1_21' title="bbox 286 1592 1191 1658; baseline -0.019 -9"><span class='ocrx_word' id='word_1_95' title='bbox 286 1603 446 1650; x_wconf 85' lang='lat' dir='ltr'><strong>nisset</strong></span> <span class='ocrx_word' id='word_1_96' title='bbox 480 1599 704 1658; x_wconf 77' lang='lat' dir='ltr'><strong>Agrippa</strong></span> <span class='ocrx_word' id='word_1_97' title='bbox 743 1597 793 1641; x_wconf 91' lang='lat' dir='ltr'><strong>ct</strong></span> <span class='ocrx_word' id='word_1_98' title='bbox 826 1592 1040 1638; x_wconf 88' lang='lat' dir='ltr'><strong>Bernice</strong></span> <span class='ocrx_word' id='word_1_99' title='bbox 1079 1602 1191 1635; x_wconf 88' lang='lat' dir='ltr'><strong>cum</strong></span> 
     </span>
     <span class='ocr_line' id='line_1_22' title="bbox 287 1657 1193 1721; baseline -0.02 -3"><span class='ocrx_word' id='word_1_100' title='bbox 287 1669 444 1718; x_wconf 87' lang='lat' dir='ltr'><strong>multa</strong></span> <span class='ocrx_word' id='word_1_101' title='bbox 470 1666 770 1721; x_wconf 87' lang='lat' dir='ltr'><strong>ambitione,</strong></span> <span class='ocrx_word' id='word_1_102' title='bbox 807 1663 859 1707; x_wconf 88' lang='lat' dir='ltr'><strong>et</strong></span> <span class='ocrx_word' id='word_1_103' title='bbox 893 1657 1193 1704; x_wconf 78' lang='lat' dir='ltr'><strong>introissent</strong></span> 
     </span>
     <span class='ocr_line' id='line_1_23' title="bbox 290 1725 1195 1786; baseline -0.019 -1"><span class='ocrx_word' id='word_1_104' title='bbox 290 1739 344 1786; x_wconf 90' lang='lat' dir='ltr'><strong>in</strong></span> <span class='ocrx_word' id='word_1_105' title='bbox 379 1734 685 1784; x_wconf 80' lang='lat' dir='ltr'><strong>auditorium</strong></span> <span class='ocrx_word' id='word_1_106' title='bbox 721 1743 834 1776; x_wconf 89' lang='lat' dir='ltr'><strong>cum</strong></span> <span class='ocrx_word' id='word_1_107' title='bbox 865 1725 1102 1784; x_wconf 83' lang='lat' dir='ltr'><strong>tribunis,</strong></span> <span class='ocrx_word' id='word_1_108' title='bbox 1142 1725 1195 1769; x_wconf 88' lang='lat' dir='ltr'><strong>et</strong></span> 
     </span>
     <span class='ocr_line' id='line_1_24' title="bbox 289 1792 1192 1864; baseline -0.022 -9"><span class='ocrx_word' id='word_1_109' title='bbox 289 1805 412 1855; x_wconf 81' lang='lat' dir='ltr'><strong>viris</strong></span> <span class='ocrx_word' id='word_1_110' title='bbox 441 1798 802 1864; x_wconf 85' lang='lat' dir='ltr'><strong>principalibus</strong></span> <span class='ocrx_word' id='word_1_111' title='bbox 835 1793 1080 1852; x_wconf 84' lang='lat' dir='ltr'><strong>civitatis,</strong></span> <span class='ocrx_word' id='word_1_112' title='bbox 1105 1792 1192 1850; x_wconf 83' lang='lat' dir='ltr'><strong>ju·-</strong></span> 
     </span>
     <span class='ocr_line' id='line_1_25' title="bbox 288 1859 1192 1923; baseline -0.023 0"><span class='ocrx_word' id='word_1_113' title='bbox 288 1877 438 1923; x_wconf 85' lang='lat' dir='ltr'><strong>bcnte</strong></span> <span class='ocrx_word' id='word_1_114' title='bbox 459 1873 611 1918; x_wconf 85' lang='lat' dir='ltr'><strong>Festo</strong></span> <span class='ocrx_word' id='word_1_115' title='bbox 633 1864 876 1915; x_wconf 85' lang='lat' dir='ltr'><strong>adductus</strong></span> <span class='ocrx_word' id='word_1_116' title='bbox 897 1865 974 1909; x_wconf 86' lang='lat' dir='ltr'><strong>est</strong></span> <span class='ocrx_word' id='word_1_117' title='bbox 990 1859 1192 1906; x_wconf 84' lang='lat' dir='ltr'><strong>Paulus.</strong></span> 
     </span>
    </p>

    <p class='ocr_par' dir='ltr' id='par_1_10' title="bbox 288 1939 1197 2402">
     <span class='ocr_line' id='line_1_26' title="bbox 356 1939 1195 2001; baseline -0.023 0"><span class='ocrx_word' id='word_1_118' title='bbox 356 1939 437 2001; x_wconf 83' lang='lat'><strong>2¹4.</strong></span> <span class='ocrx_word' id='word_1_119' title='bbox 471 1951 540 1999; x_wconf 82' lang='lat' dir='ltr'><strong>Et</strong></span> <span class='ocrx_word' id='word_1_120' title='bbox 578 1950 698 1997; x_wconf 71' lang='lat' dir='ltr'><strong>dicit</strong></span> <span class='ocrx_word' id='word_1_121' title='bbox 724 1949 931 1993; x_wconf 77' lang='lat' dir='ltr'><strong>Festus:</strong></span> <span class='ocrx_word' id='word_1_122' title='bbox 971 1939 1195 1999; x_wconf 76' lang='lat' dir='ltr'><strong>Agrippa</strong></span> 
     </span>
     <span class='ocr_line' id='line_1_27' title="bbox 289 2006 1194 2079; baseline -0.024 -9"><span class='ocrx_word' id='word_1_123' title='bbox 289 2014 437 2079; x_wconf 60' lang='lat' dir='ltr'><strong>reita,</strong></span> <span class='ocrx_word' id='word_1_124' title='bbox 459 2022 511 2065; x_wconf 85' lang='lat' dir='ltr'><strong>et</strong></span> <span class='ocrx_word' id='word_1_125' title='bbox 529 2029 720 2073; x_wconf 83' lang='lat' dir='ltr'><strong>omnes,</strong></span> <span class='ocrx_word' id='word_1_126' title='bbox 738 2014 822 2070; x_wconf 90' lang='lat' dir='ltr'><strong>qui</strong></span> <span class='ocrx_word' id='word_1_127' title='bbox 843 2008 990 2056; x_wconf 87' lang='lat' dir='ltr'><strong>simul</strong></span> <span class='ocrx_word' id='word_1_128' title='bbox 1009 2006 1194 2053; x_wconf 88' lang='lat' dir='ltr'><strong>adestis</strong></span> 
     </span>
     <span class='ocr_line' id='line_1_28' title="bbox 289 2070 1195 2138; baseline -0.019 -4"><span class='ocrx_word' id='word_1_129' title='bbox 289 2088 551 2134; x_wconf 86' lang='lat' dir='ltr'><strong>nobiscum</strong></span> <span class='ocrx_word' id='word_1_130' title='bbox 579 2082 695 2138; x_wconf 83' lang='lat' dir='ltr'><strong>viri,</strong></span> <span class='ocrx_word' id='word_1_131' title='bbox 729 2078 910 2123; x_wconf 84' lang='lat' dir='ltr'><strong>videtis</strong></span> <span class='ocrx_word' id='word_1_132' title='bbox 937 2076 1098 2131; x_wconf 88' lang='lat' dir='ltr'><strong>hunc,</strong></span> <span class='ocrx_word' id='word_1_133' title='bbox 1133 2070 1195 2117; x_wconf 86' lang='lat' dir='ltr'><strong>de</strong></span> 
     </span>
     <span class='ocr_line' id='line_1_29' title="bbox 292 2141 1197 2211; baseline -0.019 -12"><span class='ocrx_word' id='word_1_134' title='bbox 292 2166 389 2211; x_wconf 85' lang='lat' dir='ltr'><strong>quo</strong></span> <span class='ocrx_word' id='word_1_135' title='bbox 412 2150 574 2196; x_wconf 77' lang='lat' dir='ltr'><strong>omnis</strong></span> <span class='ocrx_word' id='word_1_136' title='bbox 593 2142 858 2192; x_wconf 89' lang='lat' dir='ltr'><strong>multitudo</strong></span> <span class='ocrx_word' id='word_1_137' title='bbox 887 2141 1197 2187; x_wconf 83' lang='lat' dir='ltr'><strong>Judaeorum</strong></span> 
     </span>
     <span class='ocr_line' id='line_1_30' title="bbox 289 2206 1196 2275; baseline -0.019 -9"><span class='ocrx_word' id='word_1_138' title='bbox 289 2213 634 2275; x_wconf 87' lang='lat' dir='ltr'><strong>interpellavit</strong></span> <span class='ocrx_word' id='word_1_139' title='bbox 650 2226 730 2257; x_wconf 92' lang='lat' dir='ltr'><strong>me</strong></span> <span class='ocrx_word' id='word_1_140' title='bbox 751 2206 1196 2267; x_wconf 79' lang='lat' dir='ltr'><strong>[erosolymis,pe-</strong></span> 
     </span>
     <span class='ocr_line' id='line_1_31' title="bbox 288 2279 1197 2334; baseline -0.02 0"><span class='ocrx_word' id='word_1_141' title='bbox 288 2288 453 2333; x_wconf 76' lang='lat' dir='ltr'><strong>tentes</strong></span> <span class='ocrx_word' id='word_1_142' title='bbox 475 2285 524 2330; x_wconf 89' lang='lat' dir='ltr'><strong>et</strong></span> <span class='ocrx_word' id='word_1_143' title='bbox 543 2279 892 2334; x_wconf 83' lang='lat' dir='ltr'><strong>acclamantes,</strong></span> <span class='ocrx_word' id='word_1_144' title='bbox 914 2288 1018 2320; x_wconf 93' lang='lat' dir='ltr'><strong>non</strong></span> <span class='ocrx_word' id='word_1_145' title='bbox 1041 2286 1197 2331; x_wconf 84' lang='lat' dir='ltr'><strong>opor-</strong></span> 
     </span>
     <span class='ocr_line' id='line_1_32' title="bbox 291 2344 978 2402; baseline -0.023 0"><span class='ocrx_word' id='word_1_146' title='bbox 291 2358 400 2402; x_wconf 89' lang='lat' dir='ltr'><strong>tere</strong></span> <span class='ocrx_word' id='word_1_147' title='bbox 421 2365 534 2398; x_wconf 87' lang='lat' dir='ltr'><strong>eum</strong></span> <span class='ocrx_word' id='word_1_148' title='bbox 553 2349 726 2395; x_wconf 87' lang='lat' dir='ltr'><strong>vivere</strong></span> <span class='ocrx_word' id='word_1_149' title='bbox 748 2344 978 2401; x_wconf 82' lang='lat' dir='ltr'><strong>amplius.</strong></span> 
     </span>
    </p>

    <p class='ocr_par' dir='ltr' id='par_1_11' title="bbox 292 2406 1199 2682">
     <span class='ocr_line' id='line_1_33' title="bbox 360 2406 1199 2477; baseline -0.019 -10"><span class='ocrx_word' id='word_1_150' title='bbox 360 2424 441 2467; x_wconf 83' lang='lat'><strong>25.</strong></span> <span class='ocrx_word' id='word_1_151' title='bbox 483 2418 598 2477; x_wconf 86' lang='lat' dir='ltr'><strong>Ego</strong></span> <span class='ocrx_word' id='word_1_152' title='bbox 644 2427 769 2461; x_wconf 86' lang='lat' dir='ltr'><strong>vero</strong></span> <span class='ocrx_word' id='word_1_153' title='bbox 809 2408 1034 2469; x_wconf 86' lang='lat' dir='ltr'><strong>comperi</strong></span> <span class='ocrx_word' id='word_1_154' title='bbox 1069 2406 1199 2453; x_wconf 89' lang='lat' dir='ltr'><strong>nihil</strong></span> 
     </span>
     <span class='ocr_line' id='line_1_34' title="bbox 295 2476 1197 2548; baseline -0.019 -12"><span class='ocrx_word' id='word_1_155' title='bbox 295 2490 498 2548; x_wconf 84' lang='lat' dir='ltr'><strong>dignum</strong></span> <span class='ocrx_word' id='word_1_156' title='bbox 533 2484 696 2530; x_wconf 89' lang='lat' dir='ltr'><strong>morte</strong></span> <span class='ocrx_word' id='word_1_157' title='bbox 742 2494 854 2527; x_wconf 89' lang='lat' dir='ltr'><strong>eum</strong></span> <span class='ocrx_word' id='word_1_158' title='bbox 892 2476 1197 2523; x_wconf 60' lang='lat' dir='ltr'><strong>admisissess.</strong></span> 
     </span>
     <span class='ocr_line' id='line_1_35' title="bbox 292 2544 1198 2616; baseline -0.019 -12"><span class='ocrx_word' id='word_1_159' title='bbox 292 2560 409 2616; x_wconf 88' lang='lat' dir='ltr'><strong>Ipso</strong></span> <span class='ocrx_word' id='word_1_160' title='bbox 431 2556 597 2601; x_wconf 89' lang='lat' dir='ltr'><strong>autem</strong></span> <span class='ocrx_word' id='word_1_161' title='bbox 615 2551 712 2595; x_wconf 85' lang='lat' dir='ltr'><strong>hoc</strong></span> <span class='ocrx_word' id='word_1_162' title='bbox 722 2547 1007 2607; x_wconf 86' lang='lat' dir='ltr'><strong>appellante</strong></span> <span class='ocrx_word' id='word_1_163' title='bbox 1018 2544 1082 2589; x_wconf 91' lang='lat' dir='ltr'><strong>ad</strong></span> <span class='ocrx_word' id='word_1_164' title='bbox 1091 2545 1198 2588; x_wconf 89' lang='lat' dir='ltr'><strong>Au-</strong></span> 
     </span>
     <span class='ocr_line' id='line_1_36' title="bbox 297 2615 1031 2682; baseline -0.022 -11"><span class='ocrx_word' id='word_1_165' title='bbox 297 2626 512 2682; x_wconf 83' lang='lat' dir='ltr'><strong>gustum,</strong></span> <span class='ocrx_word' id='word_1_166' title='bbox 529 2616 754 2680; x_wconf 67' lang='lat' dir='ltr'><strong>Judicavi</strong></span> <span class='ocrx_word' id='word_1_167' title='bbox 772 2615 988 2660; x_wconf 88' lang='lat' dir='ltr'><strong>mittere.</strong></span> <span class='ocrx_word' id='word_1_168' title='bbox 1021 2622 1031 2636; x_wconf 90' lang='grc'><em>·</em></span> 
     </span>
    </p>
   </div>
   <div class='ocr_carea' id='block_1_8' title="bbox 294 2688 1201 3096">
    <p class='ocr_par' dir='ltr' id='par_1_12' title="bbox 294 2688 1201 3096">
     <span class='ocr_line' id='line_1_37' title="bbox 361 2688 1199 2758; baseline -0.018 -10"><span class='ocrx_word' id='word_1_169' title='bbox 361 2705 442 2747; x_wconf 88' lang='grc'><strong>26.</strong></span> <span class='ocrx_word' id='word_1_170' title='bbox 477 2701 553 2747; x_wconf 88' lang='lat' dir='ltr'><strong>De</strong></span> <span class='ocrx_word' id='word_1_171' title='bbox 586 2704 687 2758; x_wconf 76' lang='lat' dir='ltr'><strong>qud</strong></span> <span class='ocrx_word' id='word_1_172' title='bbox 713 2694 831 2754; x_wconf 89' lang='lat' dir='ltr'><strong>quid</strong></span> <span class='ocrx_word' id='word_1_173' title='bbox 860 2688 1199 2739; x_wconf 79' lang='lat' dir='ltr'><strong>certum&#39;scri-</strong></span> 
     </span>
     <span class='ocr_line' id='line_1_38' title="bbox 295 2758 1200 2826; baseline -0.018 -10"><span class='ocrx_word' id='word_1_174' title='bbox 295 2772 408 2817; x_wconf 86' lang='lat' dir='ltr'><strong>bam</strong></span> <span class='ocrx_word' id='word_1_175' title='bbox 427 2768 629 2813; x_wconf 87' lang='lat' dir='ltr'><strong>domino</strong></span> <span class='ocrx_word' id='word_1_176' title='bbox 644 2798 658 2826; x_wconf 91' lang='lat'><strong><em>,</em></strong></span> <span class='ocrx_word' id='word_1_177' title='bbox 687 2778 794 2811; x_wconf 89' lang='lat' dir='ltr'><strong>non</strong></span> <span class='ocrx_word' id='word_1_178' title='bbox 819 2762 998 2808; x_wconf 86' lang='lat' dir='ltr'><strong>habeo.</strong></span> <span class='ocrx_word' id='word_1_179' title='bbox 1067 2758 1200 2803; x_wconf 88' lang='lat' dir='ltr'><strong>Pro-</strong></span> 
     </span>
     <span class='ocr_line' id='line_1_39' title="bbox 294 2826 1198 2896; baseline -0.015 -14"><span class='ocrx_word' id='word_1_180' title='bbox 294 2839 408 2896; x_wconf 88' lang='lat' dir='ltr'><strong>pter</strong></span> <span class='ocrx_word' id='word_1_181' title='bbox 443 2834 575 2890; x_wconf 89' lang='lat' dir='ltr'><strong>quod</strong></span> <span class='ocrx_word' id='word_1_182' title='bbox 608 2830 830 2892; x_wconf 86' lang='lat' dir='ltr'><strong>produxi</strong></span> <span class='ocrx_word' id='word_1_183' title='bbox 857 2842 968 2875; x_wconf 90' lang='lat' dir='ltr'><strong>eum</strong></span> <span class='ocrx_word' id='word_1_184' title='bbox 996 2826 1058 2872; x_wconf 88' lang='lat' dir='ltr'><strong>ad</strong></span> <span class='ocrx_word' id='word_1_185' title='bbox 1087 2836 1198 2881; x_wconf 86' lang='lat' dir='ltr'><strong>vos,</strong></span> 
     </span>
     <span class='ocr_line' id='line_1_40' title="bbox 299 2892 1201 2959; baseline -0.014 -8"><span class='ocrx_word' id='word_1_186' title='bbox 299 2905 349 2951; x_wconf 90' lang='lat' dir='ltr'><strong>et</strong></span> <span class='ocrx_word' id='word_1_187' title='bbox 367 2900 583 2949; x_wconf 84' lang='lat' dir='ltr'><strong>maxime</strong></span> <span class='ocrx_word' id='word_1_188' title='bbox 603 2900 664 2945; x_wconf 87' lang='lat' dir='ltr'><strong>ad</strong></span> <span class='ocrx_word' id='word_1_189' title='bbox 683 2903 750 2959; x_wconf 88' lang='lat' dir='ltr'><strong>te,</strong></span> <span class='ocrx_word' id='word_1_190' title='bbox 769 2912 868 2945; x_wconf 83' lang='lat' dir='ltr'><strong>rex</strong></span> <span class='ocrx_word' id='word_1_191' title='bbox 884 2895 1123 2955; x_wconf 76' lang='lat' dir='ltr'><strong>Agrippa,</strong></span> <span class='ocrx_word' id='word_1_192' title='bbox 1145 2892 1201 2935; x_wconf 88' lang='lat' dir='ltr'><strong>ut</strong></span> 
     </span>
     <span class='ocr_line' id='line_1_41' title="bbox 297 2962 1198 3024; baseline -0.016 -7"><span class='ocrx_word' id='word_1_193' title='bbox 297 2966 700 3024; x_wconf 81' lang='lat' dir='ltr'><strong>interrogatione</strong></span> <span class='ocrx_word' id='word_1_194' title='bbox 751 2967 909 3023; x_wconf 78' lang='lat' dir='ltr'><strong>sacta,</strong></span> <span class='ocrx_word' id='word_1_195' title='bbox 971 2962 1198 3016; x_wconf 85' lang='lat' dir='ltr'><strong>habeam,</strong></span> 
     </span>
     <span class='ocr_line' id='line_1_42' title="bbox 300 3033 667 3096; baseline -0.025 -11"><span class='ocrx_word' id='word_1_196' title='bbox 300 3037 418 3096; x_wconf 88' lang='lat' dir='ltr'><strong>quid</strong></span> <span class='ocrx_word' id='word_1_197' title='bbox 439 3033 667 3081; x_wconf 87' lang='lat' dir='ltr'><strong>scribam.</strong></span> 
     </span>
    </p>
   </div>
   <div class='ocr_carea' id='block_1_9' title="bbox 365 3092 1199 3149">
    <p class='ocr_par' dir='ltr' id='par_1_13' title="bbox 365 3092 1199 3149">
     <span class='ocr_line' id='line_1_43' title="bbox 365 3092 1199 3149; baseline -0.016 1"><span class='ocrx_word' id='word_1_198' title='bbox 365 3104 446 3149; x_wconf 74' lang='lat'><strong>27.</strong></span> <span class='ocrx_word' id='word_1_199' title='bbox 483 3101 601 3147; x_wconf 88' lang='lat' dir='ltr'><strong>Sine</strong></span> <span class='ocrx_word' id='word_1_200' title='bbox 620 3098 818 3143; x_wconf 85' lang='lat' dir='ltr'><strong>ratione</strong></span> <span class='ocrx_word' id='word_1_201' title='bbox 831 3096 962 3141; x_wconf 90' lang='lat' dir='ltr'><strong>enim</strong></span> <span class='ocrx_word' id='word_1_202' title='bbox 980 3094 1103 3140; x_wconf 86' lang='lat' dir='ltr'><strong>mihi</strong></span> <span class='ocrx_word' id='word_1_203' title='bbox 1121 3092 1199 3137; x_wconf 88' lang='lat' dir='ltr'><strong>vi-</strong></span> 
     </span>
    </p>
   </div>
   <div class='ocr_carea' id='block_1_10' title="bbox 346 3206 1066 3253">
    <p class='ocr_par' dir='ltr' id='par_1_14' title="bbox 346 3206 1066 3253">
     <span class='ocr_line' id='line_1_44' title="bbox 346 3206 1066 3253; baseline -0.013 -4"><span class='ocrx_word' id='word_1_204' title='bbox 346 3222 360 3239; x_wconf 75' lang='lat'><strong><em>‘</em></strong></span> <span class='ocrx_word' id='word_1_205' title='bbox 381 3225 412 3249; x_wconf 85' lang='lat' dir='ltr'><strong>c.</strong></span> <span class='ocrx_word' id='word_1_206' title='bbox 432 3215 492 3253; x_wconf 80' lang='lat'><strong>27,</strong></span> <span class='ocrx_word' id='word_1_207' title='bbox 510 3214 546 3245; x_wconf 88' lang='lat'><strong>1.</strong></span> <span class='ocrx_word' id='word_1_208' title='bbox 592 3206 614 3234; x_wconf 71' lang='lat'><strong>⁴¹</strong></span> <span class='ocrx_word' id='word_1_209' title='bbox 633 3218 666 3241; x_wconf 86' lang='lat' dir='ltr'><strong>c.</strong></span> <span class='ocrx_word' id='word_1_210' title='bbox 685 3210 722 3248; x_wconf 80' lang='lat'><strong>9,</strong></span> <span class='ocrx_word' id='word_1_211' title='bbox 741 3206 797 3241; x_wconf 85' lang='lat'><strong>15.</strong></span> <span class='ocrx_word' id='word_1_212' title='bbox 845 3212 862 3229; x_wconf 60' lang='grc' dir='ltr'><strong><em>θ</em></strong></span> <span class='ocrx_word' id='word_1_213' title='bbox 880 3215 912 3238; x_wconf 88' lang='lat' dir='ltr'><strong>c.</strong></span> <span class='ocrx_word' id='word_1_214' title='bbox 931 3206 991 3244; x_wconf 83' lang='lat'><strong>26,</strong></span> <span class='ocrx_word' id='word_1_215' title='bbox 1008 3206 1066 3241; x_wconf 82' lang='lat'><strong>31.</strong></span> 
     </span>
    </p>
   </div>
   <div class='ocr_carea' id='block_1_11' title="bbox 1244 292 1907 354">
    <p class='ocr_par' dir='ltr' id='par_1_15' title="bbox 1244 292 1907 354">
     <span class='ocr_line' id='line_1_45' title="bbox 1244 292 1907 354; baseline -0.015 -9"><span class='ocrx_word' id='word_1_216' title='bbox 1244 311 1325 345; x_wconf 82' lang='lat' dir='ltr'><strong>sas</strong></span> <span class='ocrx_word' id='word_1_217' title='bbox 1348 298 1457 354; x_wconf 87' lang='lat' dir='ltr'><strong>ejus</strong></span> <span class='ocrx_word' id='word_1_218' title='bbox 1478 307 1584 340; x_wconf 90' lang='lat' dir='ltr'><strong>non</strong></span> <span class='ocrx_word' id='word_1_219' title='bbox 1604 292 1907 350; x_wconf 81' lang='lat' dir='ltr'><strong>significare.</strong></span> 
     </span>
    </p>
   </div>
   <div class='ocr_carea' id='block_1_12' title="bbox 1486 449 1912 506">
    <p class='ocr_par' dir='ltr' id='par_1_16' title="bbox 1486 449 1912 506">
     <span class='ocr_line' id='line_1_46' title="bbox 1486 449 1912 506; baseline -0.014 0"><span class='ocrx_word' id='word_1_220' title='bbox 1486 455 1527 506; x_wconf 91' lang='lat' dir='ltr'>C</span> <span class='ocrx_word' id='word_1_221' title='bbox 1539 453 1656 504; x_wconf 85' lang='grc' dir='ltr'><strong>ΑΡ.</strong></span> <span class='ocrx_word' id='word_1_222' title='bbox 1710 449 1912 504; x_wconf 87' lang='lat' dir='ltr'>XXVI.</span> 
     </span>
    </p>
   </div>
   <div class='ocr_carea' id='block_1_13' title="bbox 1246 549 2157 708">
    <p class='ocr_par' dir='ltr' id='par_1_17' title="bbox 1246 549 2157 708">
     <span class='ocr_line' id='line_1_47' title="bbox 1246 549 2157 606; baseline -0.012 -6"><span class='ocrx_word' id='word_1_223' title='bbox 1246 555 1419 600; x_wconf 80' lang='lat' dir='ltr'><strong>Paulus</strong></span> <span class='ocrx_word' id='word_1_224' title='bbox 1448 565 1597 598; x_wconf 84' lang='lat' dir='ltr'><strong>coram</strong></span> <span class='ocrx_word' id='word_1_225' title='bbox 1622 551 1833 606; x_wconf 70' lang='lat' dir='ltr'><strong>Agrippa</strong></span> <span class='ocrx_word' id='word_1_226' title='bbox 1870 561 2049 593; x_wconf 79' lang='lat' dir='ltr'><strong>causam</strong></span> <span class='ocrx_word' id='word_1_227' title='bbox 2081 549 2157 590; x_wconf 85' lang='lat' dir='ltr'><strong>de-</strong></span> 
     </span>
     <span class='ocr_line' id='line_1_48' title="bbox 1247 606 2157 663; baseline -0.012 -6"><span class='ocrx_word' id='word_1_228' title='bbox 1247 613 1410 657; x_wconf 79' lang='lat' dir='ltr'><strong>fendit.</strong></span> <span class='ocrx_word' id='word_1_229' title='bbox 1470 609 1728 663; x_wconf 83' lang='lat' dir='ltr'><strong>Respondit</strong></span> <span class='ocrx_word' id='word_1_230' title='bbox 1762 608 1923 655; x_wconf 82' lang='lat' dir='ltr'><strong>Festo,</strong></span> <span class='ocrx_word' id='word_1_231' title='bbox 1958 606 2157 648; x_wconf 78' lang='lat' dir='ltr'><strong>insanire</strong></span> 
     </span>
     <span class='ocr_line' id='line_1_49' title="bbox 1461 661 1943 708; baseline -0.017 0"><span class='ocrx_word' id='word_1_232' title='bbox 1461 665 1683 708; x_wconf 83' lang='lat' dir='ltr'><strong>hominem</strong></span> <span class='ocrx_word' id='word_1_233' title='bbox 1710 661 1943 705; x_wconf 82' lang='lat' dir='ltr'><strong>clamanti.</strong></span> 
     </span>
    </p>
   </div>
   <div class='ocr_carea' id='block_1_14' title="bbox 1250 752 2183 3109">
    <p class='ocr_par' dir='ltr' id='par_1_18' title="bbox 1250 752 2163 1020">
     <span class='ocr_line' id='line_1_50' title="bbox 1316 752 2160 818; baseline -0.012 -11"><span class='ocrx_word' id='word_1_234' title='bbox 1316 764 1363 807; x_wconf 87' lang='lat'><strong>1.</strong></span> <span class='ocrx_word' id='word_1_235' title='bbox 1383 759 1609 818; x_wconf 85' lang='lat' dir='ltr'><strong>Agrippa</strong></span> <span class='ocrx_word' id='word_1_236' title='bbox 1621 769 1746 803; x_wconf 86' lang='lat' dir='ltr'><strong>vero</strong></span> <span class='ocrx_word' id='word_1_237' title='bbox 1760 754 1823 800; x_wconf 89' lang='lat' dir='ltr'><strong>ad</strong></span> <span class='ocrx_word' id='word_1_238' title='bbox 1832 753 2046 801; x_wconf 86' lang='lat' dir='ltr'><strong>Paulum</strong></span> <span class='ocrx_word' id='word_1_239' title='bbox 2063 752 2160 798; x_wconf 85' lang='lat' dir='ltr'><strong>ait:</strong></span> 
     </span>
     <span class='ocr_line' id='line_1_51' title="bbox 1250 820 2163 880; baseline -0.013 -4"><span class='ocrx_word' id='word_1_240' title='bbox 1250 828 1561 876; x_wconf 87' lang='lat' dir='ltr'><strong>Permittitur</strong></span> <span class='ocrx_word' id='word_1_241' title='bbox 1590 825 1683 870; x_wconf 87' lang='lat' dir='ltr'><strong>tibi</strong></span> <span class='ocrx_word' id='word_1_242' title='bbox 1708 823 1851 880; x_wconf 90' lang='lat' dir='ltr'><strong>loqui</strong></span> <span class='ocrx_word' id='word_1_243' title='bbox 1882 835 1979 879; x_wconf 89' lang='lat' dir='ltr'><strong>pro</strong></span> <span class='ocrx_word' id='word_1_244' title='bbox 2008 820 2163 866; x_wconf 83' lang='lat' dir='ltr'><strong>temet</strong></span> 
     </span>
     <span class='ocr_line' id='line_1_52' title="bbox 1252 889 2162 956; baseline -0.012 -13"><span class='ocrx_word' id='word_1_245' title='bbox 1252 899 1382 956; x_wconf 86' lang='lat' dir='ltr'><strong>ipso.</strong></span> <span class='ocrx_word' id='word_1_246' title='bbox 1452 896 1597 941; x_wconf 89' lang='lat' dir='ltr'><strong>Tunc</strong></span> <span class='ocrx_word' id='word_1_247' title='bbox 1615 889 1800 938; x_wconf 86' lang='lat' dir='ltr'><strong>Paulus</strong></span> <span class='ocrx_word' id='word_1_248' title='bbox 1822 890 2038 935; x_wconf 84' lang='lat' dir='ltr'><strong>extenta</strong></span> <span class='ocrx_word' id='word_1_249' title='bbox 2055 899 2162 933; x_wconf 87' lang='lat' dir='ltr'><strong>ma·-</strong></span> 
     </span>
     <span class='ocr_line' id='line_1_53' title="bbox 1252 946 2083 1020; baseline -0.014 -9"><span class='ocrx_word' id='word_1_250' title='bbox 1252 979 1324 1012; x_wconf 89' lang='lat' dir='ltr'><strong>nu</strong></span> <span class='ocrx_word' id='word_1_251' title='bbox 1343 961 1511 1020; x_wconf 90' lang='lat' dir='ltr'><strong>coepit</strong></span> <span class='ocrx_word' id='word_1_252' title='bbox 1526 960 1776 1006; x_wconf 88' lang='lat' dir='ltr'><strong>rationem</strong></span> <span class='ocrx_word' id='word_1_253' title='bbox 1790 955 2012 1003; x_wconf 87' lang='lat' dir='ltr'><strong>reddere</strong></span> <span class='ocrx_word' id='word_1_254' title='bbox 2027 946 2083 1000; x_wconf 87' lang='lat' dir='ltr'><strong>s.</strong></span> 
     </span>
    </p>

    <p class='ocr_par' dir='ltr' id='par_1_19' title="bbox 1254 1023 2171 1286">
     <span class='ocr_line' id='line_1_54' title="bbox 1320 1023 2169 1086; baseline -0.012 -10"><span class='ocrx_word' id='word_1_255' title='bbox 1320 1033 1369 1076; x_wconf 87' lang='lat'><strong>2.</strong></span> <span class='ocrx_word' id='word_1_256' title='bbox 1403 1029 1481 1076; x_wconf 89' lang='lat' dir='ltr'><strong>De</strong></span> <span class='ocrx_word' id='word_1_257' title='bbox 1494 1023 1922 1086; x_wconf 82' lang='lat' dir='ltr'><strong>omnibus,quibus</strong></span> <span class='ocrx_word' id='word_1_258' title='bbox 1942 1034 2169 1068; x_wconf 85' lang='lat' dir='ltr'><strong>accusor</strong></span> 
     </span>
     <span class='ocr_line' id='line_1_55' title="bbox 1254 1088 2169 1155; baseline -0.013 -11"><span class='ocrx_word' id='word_1_259' title='bbox 1254 1113 1285 1144; x_wconf 87' lang='lat' dir='ltr'><strong>a</strong></span> <span class='ocrx_word' id='word_1_260' title='bbox 1304 1100 1334 1143; x_wconf 82' lang='lat' dir='ltr'>J</span> <span class='ocrx_word' id='word_1_261' title='bbox 1338 1097 1508 1144; x_wconf 89' lang='lat' dir='ltr'><strong>udaeis</strong></span> <span class='ocrx_word' id='word_1_262' title='bbox 1523 1126 1537 1155; x_wconf 88' lang='lat'>‚</span> <span class='ocrx_word' id='word_1_263' title='bbox 1558 1108 1655 1140; x_wconf 84' lang='lat' dir='ltr'><strong>rex</strong></span> <span class='ocrx_word' id='word_1_264' title='bbox 1671 1088 1907 1150; x_wconf 79' lang='lat' dir='ltr'><strong>Agrippa!</strong></span> <span class='ocrx_word' id='word_1_265' title='bbox 1941 1089 2169 1134; x_wconf 80' lang='lat' dir='ltr'><strong>aestimo</strong></span> 
     </span>
     <span class='ocr_line' id='line_1_56' title="bbox 1254 1155 2171 1222; baseline -0.012 -10"><span class='ocrx_word' id='word_1_266' title='bbox 1254 1180 1335 1212; x_wconf 87' lang='lat' dir='ltr'><strong>me</strong></span> <span class='ocrx_word' id='word_1_267' title='bbox 1354 1166 1552 1212; x_wconf 88' lang='lat' dir='ltr'><strong>beatum</strong></span> <span class='ocrx_word' id='word_1_268' title='bbox 1565 1193 1579 1222; x_wconf 89' lang='lat'>‚</span> <span class='ocrx_word' id='word_1_269' title='bbox 1608 1159 1737 1218; x_wconf 87' lang='lat' dir='ltr'><strong>apud</strong></span> <span class='ocrx_word' id='word_1_270' title='bbox 1757 1162 1805 1205; x_wconf 88' lang='lat' dir='ltr'><strong>te</strong></span> <span class='ocrx_word' id='word_1_271' title='bbox 1826 1170 1934 1203; x_wconf 86' lang='lat' dir='ltr'><strong>eum</strong></span> <span class='ocrx_word' id='word_1_272' title='bbox 1951 1155 2049 1202; x_wconf 88' lang='lat' dir='ltr'><strong>sim</strong></span> <span class='ocrx_word' id='word_1_273' title='bbox 2072 1156 2171 1202; x_wconf 88' lang='lat' dir='ltr'><strong>de-</strong></span> 
     </span>
     <span class='ocr_line' id='line_1_57' title="bbox 1256 1227 1781 1286; baseline -0.017 -6"><span class='ocrx_word' id='word_1_274' title='bbox 1256 1235 1493 1280; x_wconf 81' lang='lat' dir='ltr'><strong>fensurus</strong></span> <span class='ocrx_word' id='word_1_275' title='bbox 1513 1243 1593 1276; x_wconf 91' lang='lat' dir='ltr'><strong>me</strong></span> <span class='ocrx_word' id='word_1_276' title='bbox 1611 1227 1781 1286; x_wconf 86' lang='lat' dir='ltr'><strong>hodie,</strong></span> 
     </span>
    </p>

    <p class='ocr_par' dir='ltr' id='par_1_20' title="bbox 1258 1291 2175 1614">
     <span class='ocr_line' id='line_1_58' title="bbox 1324 1291 2171 1349; baseline -0.013 -4"><span class='ocrx_word' id='word_1_277' title='bbox 1324 1301 1371 1345; x_wconf 83' lang='lat'><strong>3.</strong></span> <span class='ocrx_word' id='word_1_278' title='bbox 1406 1298 1625 1346; x_wconf 86' lang='lat' dir='ltr'><strong>maxime</strong></span> <span class='ocrx_word' id='word_1_279' title='bbox 1662 1297 1713 1340; x_wconf 89' lang='lat' dir='ltr'><strong>te</strong></span> <span class='ocrx_word' id='word_1_280' title='bbox 1748 1292 1943 1340; x_wconf 85' lang='lat' dir='ltr'><strong>sciente</strong></span> <span class='ocrx_word' id='word_1_281' title='bbox 1974 1291 2171 1349; x_wconf 87' lang='lat' dir='ltr'><strong>omnia,</strong></span> 
     </span>
     <span class='ocr_line' id='line_1_59' title="bbox 1259 1361 2174 1424; baseline -0.013 -10"><span class='ocrx_word' id='word_1_282' title='bbox 1259 1369 1311 1414; x_wconf 91' lang='lat' dir='ltr'><strong>et</strong></span> <span class='ocrx_word' id='word_1_283' title='bbox 1328 1379 1457 1424; x_wconf 89' lang='lat' dir='ltr'><strong>quae</strong></span> <span class='ocrx_word' id='word_1_284' title='bbox 1486 1364 1617 1422; x_wconf 88' lang='lat' dir='ltr'><strong>apud</strong></span> <span class='ocrx_word' id='word_1_285' title='bbox 1643 1361 1865 1408; x_wconf 85' lang='lat' dir='ltr'><strong>Judaeos</strong></span> <span class='ocrx_word' id='word_1_286' title='bbox 1892 1361 2013 1404; x_wconf 86' lang='lat' dir='ltr'><strong>sunt</strong></span> <span class='ocrx_word' id='word_1_287' title='bbox 2040 1372 2174 1404; x_wconf 89' lang='lat' dir='ltr'><strong>con-</strong></span> 
     </span>
     <span class='ocr_line' id='line_1_60' title="bbox 1259 1427 2175 1491; baseline -0.013 -10"><span class='ocrx_word' id='word_1_288' title='bbox 1259 1433 1550 1481; x_wconf 84' lang='lat' dir='ltr'><strong>suetudines</strong></span> <span class='ocrx_word' id='word_1_289' title='bbox 1563 1463 1577 1491; x_wconf 84' lang='lat'>‚</span> <span class='ocrx_word' id='word_1_290' title='bbox 1603 1432 1653 1476; x_wconf 90' lang='lat' dir='ltr'><strong>et</strong></span> <span class='ocrx_word' id='word_1_291' title='bbox 1671 1427 2027 1486; x_wconf 80' lang='lat' dir='ltr'><strong>quaestiones3</strong></span> <span class='ocrx_word' id='word_1_292' title='bbox 2046 1437 2175 1484; x_wconf 89' lang='lat' dir='ltr'><strong>pro-</strong></span> 
     </span>
     <span class='ocr_line' id='line_1_61' title="bbox 1258 1493 2174 1558; baseline -0.011 -11"><span class='ocrx_word' id='word_1_293' title='bbox 1258 1505 1336 1547; x_wconf 90' lang='lat' dir='ltr'><strong>ter</strong></span> <span class='ocrx_word' id='word_1_294' title='bbox 1374 1500 1511 1558; x_wconf 88' lang='lat' dir='ltr'><strong>quod</strong></span> <span class='ocrx_word' id='word_1_295' title='bbox 1548 1501 1759 1545; x_wconf 85' lang='lat' dir='ltr'><strong>obsecro</strong></span> <span class='ocrx_word' id='word_1_296' title='bbox 1796 1493 2056 1552; x_wconf 86' lang='lat' dir='ltr'><strong>patienter</strong></span> <span class='ocrx_word' id='word_1_297' title='bbox 2090 1505 2174 1538; x_wconf 89' lang='lat' dir='ltr'><strong>me</strong></span> 
     </span>
     <span class='ocr_line' id='line_1_62' title="bbox 1260 1568 1451 1614; baseline 0 0"><span class='ocrx_word' id='word_1_298' title='bbox 1260 1568 1451 1614; x_wconf 85' lang='lat' dir='ltr'><strong>audias.</strong></span> 
     </span>
    </p>

    <p class='ocr_par' dir='ltr' id='par_1_21' title="bbox 1258 1629 2179 1885">
     <span class='ocr_line' id='line_1_63' title="bbox 1324 1629 2177 1692; baseline -0.011 -12"><span class='ocrx_word' id='word_1_299' title='bbox 1324 1637 1375 1680; x_wconf 83' lang='lat'><strong>4.</strong></span> <span class='ocrx_word' id='word_1_300' title='bbox 1410 1634 1479 1679; x_wconf 90' lang='lat' dir='ltr'><strong>Et</strong></span> <span class='ocrx_word' id='word_1_301' title='bbox 1514 1632 1714 1692; x_wconf 87' lang='lat' dir='ltr'><strong>quidem</strong></span> <span class='ocrx_word' id='word_1_302' title='bbox 1752 1629 1912 1676; x_wconf 84' lang='lat' dir='ltr'><strong>vitam</strong></span> <span class='ocrx_word' id='word_1_303' title='bbox 1947 1641 2115 1674; x_wconf 86' lang='lat' dir='ltr'><strong>meam</strong></span> <span class='ocrx_word' id='word_1_304' title='bbox 2145 1636 2177 1671; x_wconf 78' lang='lat' dir='ltr'><strong>a</strong></span> 
     </span>
     <span class='ocr_line' id='line_1_64' title="bbox 1258 1694 2177 1762; baseline -0.01 -13"><span class='ocrx_word' id='word_1_305' title='bbox 1258 1703 1553 1762; x_wconf 72' lang='lat' dir='ltr'><strong>Juventute,</strong></span> <span class='ocrx_word' id='word_1_306' title='bbox 1584 1712 1709 1758; x_wconf 86' lang='lat' dir='ltr'><strong>quae</strong></span> <span class='ocrx_word' id='word_1_307' title='bbox 1740 1699 1799 1744; x_wconf 86' lang='lat' dir='ltr'><strong>ab</strong></span> <span class='ocrx_word' id='word_1_308' title='bbox 1830 1695 1986 1742; x_wconf 89' lang='lat' dir='ltr'><strong>initio</strong></span> <span class='ocrx_word' id='word_1_309' title='bbox 2007 1694 2177 1742; x_wconf 79' lang='lat' dir='ltr'><strong>fuitin</strong></span> 
     </span>
     <span class='ocr_line' id='line_1_65' title="bbox 1264 1763 2179 1829; baseline -0.011 -12"><span class='ocrx_word' id='word_1_310' title='bbox 1264 1773 1414 1829; x_wconf 84' lang='lat' dir='ltr'><strong>gente</strong></span> <span class='ocrx_word' id='word_1_311' title='bbox 1432 1782 1546 1816; x_wconf 88' lang='lat' dir='ltr'><strong>mea</strong></span> <span class='ocrx_word' id='word_1_312' title='bbox 1564 1768 1618 1813; x_wconf 89' lang='lat' dir='ltr'><strong>in</strong></span> <span class='ocrx_word' id='word_1_313' title='bbox 1634 1763 1991 1824; x_wconf 78' lang='lat' dir='ltr'><strong>lerosolymis,</strong></span> <span class='ocrx_word' id='word_1_314' title='bbox 2011 1775 2179 1808; x_wconf 85' lang='lat' dir='ltr'><strong>nove-</strong></span> 
     </span>
     <span class='ocr_line' id='line_1_66' title="bbox 1262 1831 1793 1885; baseline -0.015 -1"><span class='ocrx_word' id='word_1_315' title='bbox 1262 1839 1383 1885; x_wconf 88' lang='lat' dir='ltr'><strong>runt</strong></span> <span class='ocrx_word' id='word_1_316' title='bbox 1402 1847 1576 1881; x_wconf 89' lang='lat' dir='ltr'><strong>omues</strong></span> <span class='ocrx_word' id='word_1_317' title='bbox 1596 1835 1625 1879; x_wconf 82' lang='lat' dir='ltr'>J</span> <span class='ocrx_word' id='word_1_318' title='bbox 1629 1831 1793 1879; x_wconf 89' lang='lat' dir='ltr'><strong>udaei.</strong></span> 
     </span>
    </p>

    <p class='ocr_par' dir='ltr' id='par_1_22' title="bbox 1264 1895 2183 2222">
     <span class='ocr_line' id='line_1_67' title="bbox 1332 1895 2179 1950; baseline -0.011 0"><span class='ocrx_word' id='word_1_319' title='bbox 1332 1908 1379 1950; x_wconf 81' lang='lat'><strong>5.</strong></span> <span class='ocrx_word' id='word_1_320' title='bbox 1414 1901 1764 1949; x_wconf 80' lang='lat' dir='ltr'><strong>Praescientes</strong></span> <span class='ocrx_word' id='word_1_321' title='bbox 1799 1912 1883 1946; x_wconf 88' lang='lat' dir='ltr'><strong>me</strong></span> <span class='ocrx_word' id='word_1_322' title='bbox 1926 1900 1991 1944; x_wconf 89' lang='lat' dir='ltr'><strong>ab</strong></span> <span class='ocrx_word' id='word_1_323' title='bbox 2030 1895 2179 1943; x_wconf 88' lang='lat' dir='ltr'><strong>initio</strong></span> 
     </span>
     <span class='ocr_line' id='line_1_68' title="bbox 1265 1962 2180 2033; baseline -0.008 -16"><span class='ocrx_word' id='word_1_324' title='bbox 1265 1970 1333 2033; x_wconf 82' lang='lat' dir='ltr'><strong>(si</strong></span> <span class='ocrx_word' id='word_1_325' title='bbox 1346 1972 1503 2019; x_wconf 83' lang='lat' dir='ltr'><strong>velint</strong></span> <span class='ocrx_word' id='word_1_326' title='bbox 1513 1962 2180 2025; x_wconf 83' lang='lat' dir='ltr'><strong>testimoniumperhibere)‚</strong></span> 
     </span>
     <span class='ocr_line' id='line_1_69' title="bbox 1265 2034 2183 2096; baseline -0.01 -10"><span class='ocrx_word' id='word_1_327' title='bbox 1265 2039 1504 2096; x_wconf 85' lang='lat' dir='ltr'><strong>quoniam</strong></span> <span class='ocrx_word' id='word_1_328' title='bbox 1539 2034 1811 2083; x_wconf 86' lang='lat' dir='ltr'><strong>secundum</strong></span> <span class='ocrx_word' id='word_1_329' title='bbox 1844 2034 2183 2079; x_wconf 84' lang='lat' dir='ltr'><strong>certissimam</strong></span> 
     </span>
     <span class='ocr_line' id='line_1_70' title="bbox 1266 2098 2181 2159; baseline -0.007 -8"><span class='ocrx_word' id='word_1_330' title='bbox 1266 2108 1453 2151; x_wconf 86' lang='lat' dir='ltr'><strong>sectam</strong></span> <span class='ocrx_word' id='word_1_331' title='bbox 1499 2106 1707 2151; x_wconf 86' lang='lat' dir='ltr'><strong>nostrae</strong></span> <span class='ocrx_word' id='word_1_332' title='bbox 1753 2100 2031 2159; x_wconf 78' lang='lat' dir='ltr'><strong>religionis</strong></span> <span class='ocrx_word' id='word_1_333' title='bbox 2072 2098 2181 2145; x_wconf 77' lang='lat' dir='ltr'><strong>vixi</strong></span> 
     </span>
     <span class='ocr_line' id='line_1_71' title="bbox 1264 2173 1624 2222; baseline -0.017 0"><span class='ocrx_word' id='word_1_334' title='bbox 1264 2173 1624 2222; x_wconf 58' lang='lat' dir='ltr'><strong>Pharisaeus&amp;-</strong></span> 
     </span>
    </p>

    <p class='ocr_par' dir='ltr' id='par_1_23' title="bbox 1265 2233 2179 2500">
     <span class='ocr_line' id='line_1_72' title="bbox 1334 2233 2177 2296; baseline -0.008 -11"><span class='ocrx_word' id='word_1_335' title='bbox 1334 2243 1381 2286; x_wconf 83' lang='grc'><strong>6.</strong></span> <span class='ocrx_word' id='word_1_336' title='bbox 1416 2239 1485 2285; x_wconf 93' lang='lat' dir='ltr'><strong>Et</strong></span> <span class='ocrx_word' id='word_1_337' title='bbox 1502 2252 1637 2284; x_wconf 87' lang='lat' dir='ltr'><strong>nunc</strong></span> <span class='ocrx_word' id='word_1_338' title='bbox 1654 2236 1711 2283; x_wconf 86' lang='lat' dir='ltr'><strong>in</strong></span> <span class='ocrx_word' id='word_1_339' title='bbox 1730 2249 1836 2295; x_wconf 87' lang='lat' dir='ltr'><strong>spe,</strong></span> <span class='ocrx_word' id='word_1_340' title='bbox 1850 2248 1984 2296; x_wconf 82' lang='lat' dir='ltr'><strong>quae</strong></span> <span class='ocrx_word' id='word_1_341' title='bbox 2006 2233 2069 2280; x_wconf 86' lang='lat' dir='ltr'><strong>ad</strong></span> <span class='ocrx_word' id='word_1_342' title='bbox 2088 2246 2177 2291; x_wconf 89' lang='lat' dir='ltr'><strong>pa-</strong></span> 
     </span>
     <span class='ocr_line' id='line_1_73' title="bbox 1265 2295 2178 2361; baseline -0.008 -8"><span class='ocrx_word' id='word_1_343' title='bbox 1265 2309 1371 2355; x_wconf 90' lang='lat' dir='ltr'><strong>tres</strong></span> <span class='ocrx_word' id='word_1_344' title='bbox 1390 2307 1597 2352; x_wconf 87' lang='lat' dir='ltr'><strong>nostros</strong></span> <span class='ocrx_word' id='word_1_345' title='bbox 1618 2302 2039 2361; x_wconf 84' lang='lat' dir='ltr'><strong>repromissionis</strong></span> <span class='ocrx_word' id='word_1_346' title='bbox 2055 2295 2083 2331; x_wconf 74' lang='lat'><strong>7⁸</strong></span> <span class='ocrx_word' id='word_1_347' title='bbox 2102 2302 2178 2347; x_wconf 82' lang='lat' dir='ltr'><strong>fa-</strong></span> 
     </span>
     <span class='ocr_line' id='line_1_74' title="bbox 1268 2368 2179 2432; baseline -0.008 -11"><span class='ocrx_word' id='word_1_348' title='bbox 1268 2378 1347 2421; x_wconf 82' lang='lat' dir='ltr'><strong>eta</strong></span> <span class='ocrx_word' id='word_1_349' title='bbox 1368 2376 1445 2420; x_wconf 86' lang='lat' dir='ltr'><strong>est</strong></span> <span class='ocrx_word' id='word_1_350' title='bbox 1462 2386 1492 2418; x_wconf 91' lang='lat' dir='ltr'><strong>a</strong></span> <span class='ocrx_word' id='word_1_351' title='bbox 1509 2372 1650 2432; x_wconf 86' lang='lat' dir='ltr'><strong>Deo,</strong></span> <span class='ocrx_word' id='word_1_352' title='bbox 1679 2374 1757 2418; x_wconf 85' lang='lat' dir='ltr'><strong>sto</strong></span> <span class='ocrx_word' id='word_1_353' title='bbox 1781 2370 1985 2429; x_wconf 87' lang='lat' dir='ltr'><strong>judicio</strong></span> <span class='ocrx_word' id='word_1_354' title='bbox 2006 2368 2179 2427; x_wconf 86' lang='lat' dir='ltr'><strong>subje-</strong></span> 
     </span>
     <span class='ocr_line' id='line_1_75' title="bbox 1270 2444 1395 2500; baseline -0.016 -11"><span class='ocrx_word' id='word_1_355' title='bbox 1270 2444 1395 2500; x_wconf 88' lang='lat' dir='ltr'><strong>ctus,</strong></span> 
     </span>
    </p>

    <p class='ocr_par' dir='ltr' id='par_1_24' title="bbox 1267 2502 2181 2769">
     <span class='ocr_line' id='line_1_76' title="bbox 1335 2502 2181 2564; baseline -0.008 -11"><span class='ocrx_word' id='word_1_356' title='bbox 1335 2510 1383 2553; x_wconf 79' lang='lat'><strong>7.</strong></span> <span class='ocrx_word' id='word_1_357' title='bbox 1429 2507 1483 2554; x_wconf 84' lang='lat' dir='ltr'><strong>in</strong></span> <span class='ocrx_word' id='word_1_358' title='bbox 1520 2519 1668 2564; x_wconf 89' lang='lat' dir='ltr'><strong>quam</strong></span> <span class='ocrx_word' id='word_1_359' title='bbox 1714 2503 1987 2551; x_wconf 82' lang='lat' dir='ltr'><strong>duodecim</strong></span> <span class='ocrx_word' id='word_1_360' title='bbox 2020 2502 2181 2548; x_wconf 79' lang='lat' dir='ltr'><strong>tribus</strong></span> 
     </span>
     <span class='ocr_line' id='line_1_77' title="bbox 1268 2570 2180 2634; baseline -0.011 -12"><span class='ocrx_word' id='word_1_361' title='bbox 1268 2578 1499 2634; x_wconf 88' lang='lat' dir='ltr'><strong>nostrae,</strong></span> <span class='ocrx_word' id='word_1_362' title='bbox 1518 2577 1671 2620; x_wconf 90' lang='lat' dir='ltr'><strong>nocte</strong></span> <span class='ocrx_word' id='word_1_363' title='bbox 1692 2586 1749 2618; x_wconf 91' lang='lat' dir='ltr'><strong>ac</strong></span> <span class='ocrx_word' id='word_1_364' title='bbox 1770 2572 1849 2617; x_wconf 88' lang='lat' dir='ltr'><strong>die</strong></span> <span class='ocrx_word' id='word_1_365' title='bbox 1874 2570 2180 2617; x_wconf 84' lang='lat' dir='ltr'><strong>deservien-</strong></span> 
     </span>
     <span class='ocr_line' id='line_1_78' title="bbox 1267 2638 2181 2702; baseline -0.01 -12"><span class='ocrx_word' id='word_1_366' title='bbox 1267 2647 1361 2702; x_wconf 87' lang='lat' dir='ltr'><strong>tes,</strong></span> <span class='ocrx_word' id='word_1_367' title='bbox 1400 2643 1609 2700; x_wconf 83' lang='lat' dir='ltr'><strong>sperant</strong></span> <span class='ocrx_word' id='word_1_368' title='bbox 1644 2639 1903 2686; x_wconf 83' lang='lat' dir='ltr'><strong>devenire.</strong></span> <span class='ocrx_word' id='word_1_369' title='bbox 1974 2638 2053 2683; x_wconf 89' lang='lat' dir='ltr'><strong>De</strong></span> <span class='ocrx_word' id='word_1_370' title='bbox 2084 2648 2181 2693; x_wconf 85' lang='lat' dir='ltr'><strong>qua</strong></span> 
     </span>
     <span class='ocr_line' id='line_1_79' title="bbox 1268 2703 2031 2769; baseline -0.012 -10"><span class='ocrx_word' id='word_1_371' title='bbox 1268 2725 1357 2769; x_wconf 84' lang='lat' dir='ltr'><strong>spe</strong></span> <span class='ocrx_word' id='word_1_372' title='bbox 1383 2722 1595 2757; x_wconf 87' lang='lat' dir='ltr'><strong>accusor</strong></span> <span class='ocrx_word' id='word_1_373' title='bbox 1614 2722 1645 2753; x_wconf 89' lang='lat' dir='ltr'><strong>a</strong></span> <span class='ocrx_word' id='word_1_374' title='bbox 1661 2708 1691 2753; x_wconf 82' lang='lat' dir='ltr'><strong>J</strong></span> <span class='ocrx_word' id='word_1_375' title='bbox 1695 2705 1887 2763; x_wconf 74' lang='lat' dir='ltr'><strong>aducis,</strong></span> <span class='ocrx_word' id='word_1_376' title='bbox 1907 2703 2031 2751; x_wconf 83' lang='lat' dir='ltr'><strong>rex!</strong></span> 
     </span>
    </p>

    <p class='ocr_par' dir='ltr' id='par_1_25' title="bbox 1267 2771 2181 2959">
     <span class='ocr_line' id='line_1_80' title="bbox 1335 2771 2181 2830; baseline -0.009 -7"><span class='ocrx_word' id='word_1_377' title='bbox 1335 2780 1381 2823; x_wconf 89' lang='lat'><strong>8.</strong></span> <span class='ocrx_word' id='word_1_378' title='bbox 1421 2776 1553 2830; x_wconf 75' lang='lat' dir='ltr'><strong>Quid</strong></span> <span class='ocrx_word' id='word_1_379' title='bbox 1593 2772 1889 2821; x_wconf 88' lang='lat' dir='ltr'><strong>incredibile</strong></span> <span class='ocrx_word' id='word_1_380' title='bbox 1922 2771 2181 2829; x_wconf 84' lang='lat' dir='ltr'><strong>judicatur</strong></span> 
     </span>
     <span class='ocr_line' id='line_1_81' title="bbox 1269 2836 2181 2904; baseline -0.011 -13"><span class='ocrx_word' id='word_1_381' title='bbox 1269 2845 1397 2904; x_wconf 88' lang='lat' dir='ltr'><strong>apud</strong></span> <span class='ocrx_word' id='word_1_382' title='bbox 1417 2857 1529 2903; x_wconf 83' lang='lat' dir='ltr'><strong>vos,</strong></span> <span class='ocrx_word' id='word_1_383' title='bbox 1551 2842 1594 2889; x_wconf 80' lang='lat' dir='ltr'><strong>si</strong></span> <span class='ocrx_word' id='word_1_384' title='bbox 1611 2842 1749 2887; x_wconf 85' lang='lat' dir='ltr'><strong>Deus</strong></span> <span class='ocrx_word' id='word_1_385' title='bbox 1767 2842 2001 2886; x_wconf 82' lang='lat' dir='ltr'><strong>mortuos</strong></span> <span class='ocrx_word' id='word_1_386' title='bbox 2016 2836 2181 2885; x_wconf 87' lang='lat' dir='ltr'><strong>susci-</strong></span> 
     </span>
     <span class='ocr_line' id='line_1_82' title="bbox 1267 2913 1453 2959; baseline -0.011 0"><span class='ocrx_word' id='word_1_387' title='bbox 1267 2913 1372 2959; x_wconf 65' lang='lat' dir='ltr'><strong>tat&#39;.1</strong></span> <span class='ocrx_word' id='word_1_388' title='bbox 1450 2951 1453 2957; x_wconf 93' lang='lat'><strong>.</strong></span> 
     </span>
    </p>

    <p class='ocr_par' dir='ltr' id='par_1_26' title="bbox 1267 2972 2181 3109">
     <span class='ocr_line' id='line_1_83' title="bbox 1336 2972 2181 3035; baseline -0.009 -11"><span class='ocrx_word' id='word_1_389' title='bbox 1336 2982 1381 3024; x_wconf 84' lang='lat'><strong>9.</strong></span> <span class='ocrx_word' id='word_1_390' title='bbox 1416 2978 1484 3023; x_wconf 87' lang='lat' dir='ltr'><strong>Et</strong></span> <span class='ocrx_word' id='word_1_391' title='bbox 1504 2990 1598 3035; x_wconf 86' lang='lat' dir='ltr'><strong>ego</strong></span> <span class='ocrx_word' id='word_1_392' title='bbox 1620 2975 1817 3033; x_wconf 89' lang='lat' dir='ltr'><strong>quidem</strong></span> <span class='ocrx_word' id='word_1_393' title='bbox 1847 2972 2181 3020; x_wconf 82' lang='lat' dir='ltr'><strong>existimave-</strong></span> 
     </span>
     <span class='ocr_line' id='line_1_84' title="bbox 1267 3040 2181 3109; baseline -0.01 -17"><span class='ocrx_word' id='word_1_394' title='bbox 1267 3059 1393 3109; x_wconf 80' lang='lat' dir='ltr'><strong>ram,</strong></span> <span class='ocrx_word' id='word_1_395' title='bbox 1428 3058 1510 3091; x_wconf 90' lang='lat' dir='ltr'><strong>me</strong></span> <span class='ocrx_word' id='word_1_396' title='bbox 1548 3043 1790 3090; x_wconf 80' lang='lat' dir='ltr'><strong>adversus</strong></span> <span class='ocrx_word' id='word_1_397' title='bbox 1826 3054 2019 3089; x_wconf 86' lang='lat' dir='ltr'><strong>nomen</strong></span> <span class='ocrx_word' id='word_1_398' title='bbox 2053 3040 2181 3084; x_wconf 78' lang='lat' dir='ltr'><strong>Jesu</strong></span> 
     </span>
    </p>
   </div>
   <div class='ocr_carea' id='block_1_15' title="bbox 1266 3146 2183 3249">
    <p class='ocr_par' dir='ltr' id='par_1_27' title="bbox 1266 3146 2183 3249">
     <span class='ocr_line' id='line_1_85' title="bbox 1266 3146 2183 3249; baseline 0 -61"><span class='ocrx_word' id='word_1_399' title='bbox 1266 3150 1499 3249; x_wconf 40' lang='lat' dir='ltr'><strong>:iggitsstln</strong></span> <span class='ocrx_word' id='word_1_400' title='bbox 1518 3158 1586 3195; x_wconf 86' lang='lat'><strong>10,</strong></span> <span class='ocrx_word' id='word_1_401' title='bbox 1614 3154 1673 3189; x_wconf 79' lang='lat'><strong>18.</strong></span> <span class='ocrx_word' id='word_1_402' title='bbox 1734 3154 1762 3183; x_wconf 65' lang='grc' dir='ltr'><strong>ὁ·</strong></span> <span class='ocrx_word' id='word_1_403' title='bbox 1780 3160 1814 3186; x_wconf 80' lang='lat' dir='ltr'><strong>c.</strong></span> <span class='ocrx_word' id='word_1_404' title='bbox 1830 3153 1899 3192; x_wconf 80' lang='grc'><strong>23,</strong></span> <span class='ocrx_word' id='word_1_405' title='bbox 1916 3152 1953 3187; x_wconf 83' lang='grc'><strong>6.</strong></span> <span class='ocrx_word' id='word_1_406' title='bbox 2020 3146 2042 3175; x_wconf 65' lang='lat'>²</span> <span class='ocrx_word' id='word_1_407' title='bbox 2060 3158 2096 3184; x_wconf 76' lang='lat' dir='ltr'><strong>c.</strong></span> <span class='ocrx_word' id='word_1_408' title='bbox 2120 3150 2183 3188; x_wconf 75' lang='lat'><strong>13,</strong></span> 
     </span>
    </p>
   </div>
   <div class='ocr_carea' id='block_1_16' title="bbox 301 3344 2189 3513">
    <p class='ocr_par' dir='ltr' id='par_1_28' title="bbox 301 3344 2189 3513">
     <span class='ocr_line' id='line_1_86' title="bbox 309 3344 2189 3425; baseline -0.006 -29"><span class='ocrx_word' id='word_1_409' title='bbox 309 3414 320 3425; x_wconf 41' lang='lat'>⁸</span> <span class='ocrx_word' id='word_1_410' title='bbox 418 3358 531 3412; x_wconf 79' lang='lat' dir='ltr'><strong>Cap.</strong></span> <span class='ocrx_word' id='word_1_411' title='bbox 561 3350 716 3395; x_wconf 81' lang='lat' dir='ltr'><strong>XXV.</strong></span> <span class='ocrx_word' id='word_1_412' title='bbox 776 3352 843 3391; x_wconf 78' lang='lat'><strong>18.</strong></span> <span class='ocrx_word' id='word_1_413' title='bbox 873 3346 1052 3413; x_wconf 76' lang='lat' dir='ltr'><strong>malum.</strong></span> <span class='ocrx_word' id='word_1_414' title='bbox 1111 3353 1179 3391; x_wconf 85' lang='grc'><strong>20.</strong></span> <span class='ocrx_word' id='word_1_415' title='bbox 1211 3348 1543 3401; x_wconf 75' lang='lat' dir='ltr'><strong>Hierosolyma.</strong></span> <span class='ocrx_word' id='word_1_416' title='bbox 1600 3351 1669 3389; x_wconf 85' lang='grc'><strong>22.</strong></span> <span class='ocrx_word' id='word_1_417' title='bbox 1690 3346 1830 3389; x_wconf 71' lang='lat' dir='ltr'><strong>Deest</strong></span> <span class='ocrx_word' id='word_1_418' title='bbox 1847 3344 1985 3386; x_wconf 77' lang='lat' dir='ltr'><strong>dixit.</strong></span> <span class='ocrx_word' id='word_1_419' title='bbox 2044 3344 2123 3383; x_wconf 82' lang='grc'><strong>23.</strong></span> <span class='ocrx_word' id='word_1_420' title='bbox 2142 3347 2189 3384; x_wconf 79' lang='lat' dir='ltr'><strong>et</strong></span> 
     </span>
     <span class='ocr_line' id='line_1_87' title="bbox 301 3401 2187 3465; baseline -0.009 -10"><span class='ocrx_word' id='word_1_421' title='bbox 301 3415 504 3465; x_wconf 64' lang='lat' dir='ltr'><strong>jubente.</strong></span> <span class='ocrx_word' id='word_1_422' title='bbox 581 3414 650 3452; x_wconf 77' lang='lat'><strong>24.</strong></span> <span class='ocrx_word' id='word_1_423' title='bbox 687 3410 736 3448; x_wconf 88' lang='lat' dir='ltr'><strong>et</strong></span> <span class='ocrx_word' id='word_1_424' title='bbox 765 3405 907 3451; x_wconf 75' lang='lat' dir='ltr'><strong>dixit3</strong></span> <span class='ocrx_word' id='word_1_425' title='bbox 937 3403 1046 3445; x_wconf 67' lang='lat' dir='ltr'><strong>abid-</strong></span> <span class='ocrx_word' id='word_1_426' title='bbox 1079 3409 1242 3457; x_wconf 76' lang='lat' dir='ltr'><strong>petens</strong></span> <span class='ocrx_word' id='word_1_427' title='bbox 1268 3407 1316 3443; x_wconf 87' lang='lat' dir='ltr'><strong>et</strong></span> <span class='ocrx_word' id='word_1_428' title='bbox 1344 3403 1416 3446; x_wconf 84' lang='lat' dir='ltr'><strong>hic</strong></span> <span class='ocrx_word' id='word_1_429' title='bbox 1444 3404 1707 3447; x_wconf 78' lang='lat' dir='ltr'><strong>clamantes·</strong></span> <span class='ocrx_word' id='word_1_430' title='bbox 1782 3404 1854 3442; x_wconf 77' lang='grc'><strong>25.</strong></span> <span class='ocrx_word' id='word_1_431' title='bbox 1894 3412 1995 3441; x_wconf 81' lang='lat' dir='ltr'><strong>eum</strong></span> <span class='ocrx_word' id='word_1_432' title='bbox 2022 3401 2187 3439; x_wconf 71' lang='lat' dir='ltr'><strong>mores.</strong></span> 
     </span>
     <span class='ocr_line' id='line_1_88' title="bbox 307 3458 1354 3513; baseline -0.011 -7"><span class='ocrx_word' id='word_1_433' title='bbox 307 3465 490 3509; x_wconf 78' lang='lat' dir='ltr'><strong>XXVI.</strong></span> <span class='ocrx_word' id='word_1_434' title='bbox 549 3470 590 3507; x_wconf 82' lang='grc'><strong>3.</strong></span> <span class='ocrx_word' id='word_1_435' title='bbox 623 3462 770 3506; x_wconf 81' lang='lat' dir='ltr'><strong>omnia</strong></span> <span class='ocrx_word' id='word_1_436' title='bbox 789 3470 902 3513; x_wconf 82' lang='lat' dir='ltr'><strong>quae</strong></span> <span class='ocrx_word' id='word_1_437' title='bbox 921 3458 1056 3511; x_wconf 83' lang='lat' dir='ltr'><strong>apud.</strong></span> <span class='ocrx_word' id='word_1_438' title='bbox 1115 3461 1155 3499; x_wconf 83' lang='grc'><strong>’1.</strong></span> <span class='ocrx_word' id='word_1_439' title='bbox 1185 3460 1235 3499; x_wconf 88' lang='lat' dir='ltr'><strong>in</strong></span> <span class='ocrx_word' id='word_1_440' title='bbox 1254 3470 1354 3511; x_wconf 83' lang='lat' dir='ltr'><strong>qua.</strong></span> 
     </span>
    </p>
   </div>
   <div class='ocr_carea' id='block_1_17' title="bbox 2351 115 2365 1102">
    <p class='ocr_par' dir='ltr' id='par_1_29' title="bbox 2351 115 2365 1102">
     <span class='ocr_line' id='line_1_89' title="bbox 2351 115 2365 1102; baseline 0 0"><span class='ocrx_word' id='word_1_441' title='bbox 2351 115 2365 1102; x_wconf 95' lang='lat' dir='ltr'><strong> </strong></span> 
     </span>
    </p>
   </div>
   <div class='ocr_carea' id='block_1_18' title="bbox 2351 2618 2365 3599">
    <p class='ocr_par' dir='ltr' id='par_1_30' title="bbox 2351 2618 2365 3599">
     <span class='ocr_line' id='line_1_90' title="bbox 2351 2618 2365 3599; baseline 0 0"><span class='ocrx_word' id='word_1_442' title='bbox 2351 2618 2365 3599; x_wconf 95' lang='lat' dir='ltr'><strong> </strong></span> 
     </span>
    </p>
   </div>
  </div>
 </body>
</html>
