<?xml version="1.0" encoding="UTF-8"?>
<!DOCTYPE html PUBLIC "-//W3C//DTD XHTML 1.0 Transitional//EN"
    "http://www.w3.org/TR/xhtml1/DTD/xhtml1-transitional.dtd">
<html xmlns="http://www.w3.org/1999/xhtml" xml:lang="en" lang="en">
 <head>
  <title>
</title>
<meta http-equiv="Content-Type" content="text/html;charset=utf-8" />
  <meta name='ocr-system' content='tesseract 3.04.00' />
  <meta name='ocr-capabilities' content='ocr_page ocr_carea ocr_par ocr_line ocrx_word'/>
</head>
<body>
  <div class='ocr_page' id='page_1' title='image "./novumtestamentu01flecgoog_0036.png"; bbox 0 0 2376 3925; ppageno 0'>
   <div class='ocr_carea' id='block_1_1' title="bbox 15 3680 206 3863">
    <p class='ocr_par' dir='ltr' id='par_1_1' title="bbox 15 3548 220 3863">
     <span class='ocr_line' id='line_1_1' title="bbox 15 3680 206 3863; baseline -0.005 0"><span class='ocrx_word' id='word_1_1' title='bbox 15 3680 206 3863; x_wconf 60' lang='grc' dir='ltr'><strong>ι.</strong></span> 
     </span>
    </p>
   </div>
   <div class='ocr_carea' id='block_1_2' title="bbox 246 137 1693 188">
    <p class='ocr_par' dir='ltr' id='par_1_2' title="bbox 246 137 1693 188">
     <span class='ocr_line' id='line_1_2' title="bbox 246 137 1693 188; baseline -0.006 0"><span class='ocrx_word' id='word_1_2' title='bbox 246 141 394 188; x_wconf 71' lang='lat'><strong>111</strong></span> <span class='ocrx_word' id='word_1_3' title='bbox 674 137 1219 184; x_wconf 67' lang='grc' dir='ltr'><strong>ϋθΙΜΕΝΤΔΤΙθ</strong></span> <span class='ocrx_word' id='word_1_4' title='bbox 1276 137 1693 183; x_wconf 68' lang='lat' dir='ltr'><strong>ISAGooch.</strong></span> 
     </span>
    </p>
   </div>
   <div class='ocr_carea' id='block_1_3' title="bbox 245 264 2147 3482">
    <p class='ocr_par' dir='ltr' id='par_1_3' title="bbox 245 264 2123 507">
     <span class='ocr_line' id='line_1_3' title="bbox 245 264 2123 350; baseline -0.004 -23"><span class='ocrx_word' id='word_1_5' title='bbox 245 285 506 350; x_wconf 69' lang='lat' dir='ltr'><strong>grossus,</strong></span> <span class='ocrx_word' id='word_1_6' title='bbox 532 264 866 342; x_wconf 72' lang='grc' dir='ltr'><strong>υπέστρεψεν.</strong></span> <span class='ocrx_word' id='word_1_7' title='bbox 917 267 1056 324; x_wconf 83' lang='lat' dir='ltr'><strong>ibid.</strong></span> <span class='ocrx_word' id='word_1_8' title='bbox 1083 285 1138 324; x_wconf 76' lang='lat' dir='ltr'><strong>v.</strong></span> <span class='ocrx_word' id='word_1_9' title='bbox 1173 269 1265 324; x_wconf 87' lang='grc'><strong>18.</strong></span> <span class='ocrx_word' id='word_1_10' title='bbox 1294 271 1567 325; x_wconf 87' lang='lat' dir='ltr'><strong>omissum</strong></span> <span class='ocrx_word' id='word_1_11' title='bbox 1595 277 1708 322; x_wconf 85' lang='lat' dir='ltr'><strong>est:</strong></span> <span class='ocrx_word' id='word_1_12' title='bbox 1735 283 1953 322; x_wconf 76' lang='lat' dir='ltr'><strong>sanare</strong></span> <span class='ocrx_word' id='word_1_13' title='bbox 1981 282 2123 320; x_wconf 85' lang='lat' dir='ltr'><strong>con-</strong></span> 
     </span>
     <span class='ocr_line' id='line_1_4' title="bbox 251 349 2121 426; baseline -0.004 -18"><span class='ocrx_word' id='word_1_14' title='bbox 251 354 427 408; x_wconf 78' lang='lat' dir='ltr'><strong>tritos</strong></span> <span class='ocrx_word' id='word_1_15' title='bbox 455 353 660 422; x_wconf 76' lang='lat' dir='ltr'><strong>cord03</strong></span> <span class='ocrx_word' id='word_1_16' title='bbox 705 369 850 426; x_wconf 85' lang='lat' dir='ltr'><strong>quae</strong></span> <span class='ocrx_word' id='word_1_17' title='bbox 875 351 1052 408; x_wconf 81' lang='lat' dir='ltr'><strong>verba</strong></span> <span class='ocrx_word' id='word_1_18' title='bbox 1075 353 1215 406; x_wconf 87' lang='lat' dir='ltr'><strong>item</strong></span> <span class='ocrx_word' id='word_1_19' title='bbox 1240 353 1302 406; x_wconf 89' lang='lat' dir='ltr'><strong>in</strong></span> <span class='ocrx_word' id='word_1_20' title='bbox 1332 349 1575 406; x_wconf 78' lang='lat' dir='ltr'><strong>Graecis</strong></span> <span class='ocrx_word' id='word_1_21' title='bbox 1600 350 1673 405; x_wconf 87' lang='lat' dir='ltr'><strong>ob</strong></span> <span class='ocrx_word' id='word_1_22' title='bbox 1702 367 1907 426; x_wconf 81' lang='lat' dir='ltr'><strong>graves</strong></span> <span class='ocrx_word' id='word_1_23' title='bbox 1940 355 2121 402; x_wconf 80' lang='lat' dir='ltr'><strong>testes</strong></span> 
     </span>
     <span class='ocr_line' id='line_1_5' title="bbox 251 436 1352 507; baseline 0 -18"><span class='ocrx_word' id='word_1_24' title='bbox 251 436 482 490; x_wconf 84' lang='lat' dir='ltr'><strong>criticos</strong></span> <span class='ocrx_word' id='word_1_25' title='bbox 510 443 774 507; x_wconf 79' lang='lat' dir='ltr'><strong>suspecta</strong></span> <span class='ocrx_word' id='word_1_26' title='bbox 796 436 1001 490; x_wconf 86' lang='lat' dir='ltr'><strong>merito</strong></span> <span class='ocrx_word' id='word_1_27' title='bbox 1031 442 1352 489; x_wconf 86' lang='lat' dir='ltr'><strong>censentur.</strong></span> 
     </span>
    </p>

    <p class='ocr_par' dir='ltr' id='par_1_4' title="bbox 247 509 2147 3482">
     <span class='ocr_line' id='line_1_6' title="bbox 373 509 2121 592; baseline -0.003 -20"><span class='ocrx_word' id='word_1_28' title='bbox 373 515 458 572; x_wconf 84' lang='lat' dir='ltr'><strong>Jo.</strong></span> <span class='ocrx_word' id='word_1_29' title='bbox 503 516 607 587; x_wconf 99' lang='lat'>12,</span> <span class='ocrx_word' id='word_1_30' title='bbox 649 517 704 572; x_wconf 89' lang='grc'><strong>7.</strong></span> <span class='ocrx_word' id='word_1_31' title='bbox 741 519 870 573; x_wconf 74' lang='lat' dir='ltr'><strong>eine</strong></span> <span class='ocrx_word' id='word_1_32' title='bbox 904 535 1006 590; x_wconf 88' lang='lat' dir='ltr'><strong>pro</strong></span> <span class='ocrx_word' id='word_1_33' title='bbox 1041 518 1251 588; x_wconf 76' lang='lat' dir='ltr'><strong>sinite,</strong></span> <span class='ocrx_word' id='word_1_34' title='bbox 1304 515 1455 592; x_wconf 89' lang='lat' dir='ltr'><strong>quod</strong></span> <span class='ocrx_word' id='word_1_35' title='bbox 1490 533 1734 592; x_wconf 88' lang='lat' dir='ltr'><strong>aequum</strong></span> <span class='ocrx_word' id='word_1_36' title='bbox 1768 521 1859 570; x_wconf 87' lang='lat' dir='ltr'><strong>est</strong></span> <span class='ocrx_word' id='word_1_37' title='bbox 1897 509 2121 568; x_wconf 81' lang='lat' dir='ltr'><strong>Graeco</strong></span> 
     </span>
     <span class='ocr_line' id='line_1_7' title="bbox 249 592 2120 674; baseline -0.003 -19"><span class='ocrx_word' id='word_1_38' title='bbox 249 592 400 667; x_wconf 67' lang='grc' dir='ltr'><strong>ἄφες,</strong></span> <span class='ocrx_word' id='word_1_39' title='bbox 435 617 572 674; x_wconf 82' lang='lat' dir='ltr'><strong>nam</strong></span> <span class='ocrx_word' id='word_1_40' title='bbox 607 617 758 656; x_wconf 72' lang='lat' dir='ltr'><strong>unus</strong></span> <span class='ocrx_word' id='word_1_41' title='bbox 797 597 968 654; x_wconf 80' lang='lat' dir='ltr'><strong>Judas</strong></span> <span class='ocrx_word' id='word_1_42' title='bbox 995 596 1298 655; x_wconf 77' lang='lat' dir='ltr'><strong>[scariotes</strong></span> <span class='ocrx_word' id='word_1_43' title='bbox 1332 598 1777 674; x_wconf 79' lang='lat' dir='ltr'><strong>reprehenderat</strong></span> <span class='ocrx_word' id='word_1_44' title='bbox 1802 597 2120 665; x_wconf 88' lang='lat' dir='ltr'><strong>mulierem,</strong></span> 
     </span>
     <span class='ocr_line' id='line_1_8' title="bbox 251 675 2120 758; baseline -0.002 -22"><span class='ocrx_word' id='word_1_45' title='bbox 251 682 322 738; x_wconf 88' lang='lat' dir='ltr'><strong>es.</strong></span> <span class='ocrx_word' id='word_1_46' title='bbox 349 701 405 738; x_wconf 83' lang='lat' dir='ltr'><strong>v.</strong></span> <span class='ocrx_word' id='word_1_47' title='bbox 433 683 524 754; x_wconf 91' lang='lat'><strong>4.,</strong></span> <span class='ocrx_word' id='word_1_48' title='bbox 552 684 810 758; x_wconf 85' lang='lat' dir='ltr'><strong>quamvis</strong></span> <span class='ocrx_word' id='word_1_49' title='bbox 839 675 994 750; x_wconf 70' lang='grc' dir='ltr'><em>ἄφετε</em></span> <span class='ocrx_word' id='word_1_50' title='bbox 1019 684 1079 736; x_wconf 93' lang='lat' dir='ltr'><strong>in</strong></span> <span class='ocrx_word' id='word_1_51' title='bbox 1108 683 1349 740; x_wconf 86' lang='lat' dir='ltr'><strong>testibus</strong></span> <span class='ocrx_word' id='word_1_52' title='bbox 1380 684 1599 738; x_wconf 77' lang='lat' dir='ltr'><strong>criticis</strong></span> <span class='ocrx_word' id='word_1_53' title='bbox 1624 681 1869 738; x_wconf 78' lang='lat' dir='ltr'><strong>secundi</strong></span> <span class='ocrx_word' id='word_1_54' title='bbox 1893 679 2120 735; x_wconf 73' lang='lat' dir='ltr'><strong>ordinis</strong></span> 
     </span>
     <span class='ocr_line' id='line_1_9' title="bbox 247 761 2121 838; baseline -0.004 -18"><span class='ocrx_word' id='word_1_55' title='bbox 247 766 584 838; x_wconf 78' lang='lat' dir='ltr'><strong>reperiatur.</strong></span> <span class='ocrx_word' id='word_1_56' title='bbox 643 764 740 834; x_wconf 89' lang='lat'>12,</span> <span class='ocrx_word' id='word_1_57' title='bbox 757 764 855 818; x_wconf 85' lang='lat'><strong>22.</strong></span> <span class='ocrx_word' id='word_1_58' title='bbox 886 765 1092 820; x_wconf 79' lang='lat' dir='ltr'><strong>dicunt</strong></span> <span class='ocrx_word' id='word_1_59' title='bbox 1116 783 1220 838; x_wconf 90' lang='lat' dir='ltr'><strong>pro</strong></span> <span class='ocrx_word' id='word_1_60' title='bbox 1249 767 1548 831; x_wconf 74' lang='lat' dir='ltr'><strong>dixerunt,</strong></span> <span class='ocrx_word' id='word_1_61' title='bbox 1576 773 1707 838; x_wconf 85' lang='lat' dir='ltr'><strong>apte</strong></span> <span class='ocrx_word' id='word_1_62' title='bbox 1730 763 1803 819; x_wconf 83' lang='lat' dir='ltr'><strong>ad</strong></span> <span class='ocrx_word' id='word_1_63' title='bbox 1827 781 1881 818; x_wconf 82' lang='lat' dir='ltr'><strong>v.</strong></span> <span class='ocrx_word' id='word_1_64' title='bbox 1898 761 2121 834; x_wconf 73' lang='grc' dir='ltr'><strong>λέγουσι,</strong></span> 
     </span>
     <span class='ocr_line' id='line_1_10' title="bbox 250 845 2121 923; baseline -0.003 -20"><span class='ocrx_word' id='word_1_65' title='bbox 250 847 403 922; x_wconf 86' lang='lat' dir='ltr'><strong>quod</strong></span> <span class='ocrx_word' id='word_1_66' title='bbox 449 849 574 903; x_wconf 88' lang='lat' dir='ltr'><strong>sine</strong></span> <span class='ocrx_word' id='word_1_67' title='bbox 612 861 734 902; x_wconf 79' lang='lat' dir='ltr'><strong>var.</strong></span> <span class='ocrx_word' id='word_1_68' title='bbox 783 847 1033 902; x_wconf 88' lang='lat' dir='ltr'><strong>lectione</strong></span> <span class='ocrx_word' id='word_1_69' title='bbox 1069 847 1247 904; x_wconf 86' lang='lat' dir='ltr'><strong>adest.</strong></span> <span class='ocrx_word' id='word_1_70' title='bbox 1332 850 1440 920; x_wconf 89' lang='lat'>12,</span> <span class='ocrx_word' id='word_1_71' title='bbox 1476 849 1573 903; x_wconf 90' lang='grc'><strong>23.</strong></span> <span class='ocrx_word' id='word_1_72' title='bbox 1612 845 1984 923; x_wconf 68' lang='lat' dir='ltr'><strong>glorificetur</strong></span> <span class='ocrx_word' id='word_1_73' title='bbox 2018 861 2121 918; x_wconf 91' lang='lat' dir='ltr'><strong>pro</strong></span> 
     </span>
     <span class='ocr_line' id='line_1_11' title="bbox 251 925 2129 1008; baseline -0.002 -23"><span class='ocrx_word' id='word_1_74' title='bbox 251 929 654 1000; x_wconf 69' lang='lat' dir='ltr'><strong>clarificetur,</strong></span> <span class='ocrx_word' id='word_1_75' title='bbox 689 925 952 1000; x_wconf 78' lang='grc' dir='ltr'><strong>δοξασθῇ.</strong></span> <span class='ocrx_word' id='word_1_76' title='bbox 1039 929 1182 994; x_wconf 82' lang='lat' dir='ltr'><strong>Quis</strong></span> <span class='ocrx_word' id='word_1_77' title='bbox 1218 949 1332 987; x_wconf 90' lang='lat' dir='ltr'><strong>uon</strong></span> <span class='ocrx_word' id='word_1_78' title='bbox 1368 933 1680 1008; x_wconf 85' lang='lat' dir='ltr'><strong>intelligit,</strong></span> <span class='ocrx_word' id='word_1_79' title='bbox 1715 937 1909 984; x_wconf 86' lang='lat' dir='ltr'><strong>utrum</strong></span> <span class='ocrx_word' id='word_1_80' title='bbox 1943 928 2129 1002; x_wconf 77' lang='lat' dir='ltr'><strong>magis</strong></span> 
     </span>
     <span class='ocr_line' id='line_1_12' title="bbox 252 1010 2131 1085; baseline -0.002 -18"><span class='ocrx_word' id='word_1_81' title='bbox 252 1011 324 1067; x_wconf 84' lang='lat' dir='ltr'><strong>ad</strong></span> <span class='ocrx_word' id='word_1_82' title='bbox 351 1011 588 1067; x_wconf 84' lang='lat' dir='ltr'><strong>verbum</strong></span> <span class='ocrx_word' id='word_1_83' title='bbox 613 1013 690 1066; x_wconf 87' lang='lat' dir='ltr'><strong>sit</strong></span> <span class='ocrx_word' id='word_1_84' title='bbox 715 1010 1092 1068; x_wconf 67' lang='lat' dir='ltr'><strong>translatum?</strong></span> <span class='ocrx_word' id='word_1_85' title='bbox 1163 1014 1272 1085; x_wconf 86' lang='lat'>12,</span> <span class='ocrx_word' id='word_1_86' title='bbox 1307 1016 1406 1069; x_wconf 83' lang='lat'><strong>26.</strong></span> <span class='ocrx_word' id='word_1_87' title='bbox 1436 1012 1801 1070; x_wconf 79' lang='lat' dir='ltr'><strong>ministrabit</strong></span> <span class='ocrx_word' id='word_1_88' title='bbox 1826 1029 1931 1085; x_wconf 88' lang='lat' dir='ltr'><strong>pro</strong></span> <span class='ocrx_word' id='word_1_89' title='bbox 1958 1011 2131 1065; x_wconf 84' lang='lat' dir='ltr'><strong>mini-</strong></span> 
     </span>
     <span class='ocr_line' id='line_1_13' title="bbox 251 1091 2127 1168; baseline -0.001 -19"><span class='ocrx_word' id='word_1_90' title='bbox 251 1094 566 1164; x_wconf 79' lang='lat' dir='ltr'><strong>straverit,</strong></span> <span class='ocrx_word' id='word_1_91' title='bbox 593 1091 820 1166; x_wconf 65' lang='lat' dir='ltr'><strong>dioscorii,</strong></span> <span class='ocrx_word' id='word_1_92' title='bbox 831 1096 1012 1150; x_wconf 85' lang='lat' dir='ltr'><strong>altero</strong></span> <span class='ocrx_word' id='word_1_93' title='bbox 1043 1097 1188 1151; x_wconf 87' lang='lat' dir='ltr'><strong>loco.</strong></span> <span class='ocrx_word' id='word_1_94' title='bbox 1231 1097 1329 1168; x_wconf 89' lang='lat'>12,</span> <span class='ocrx_word' id='word_1_95' title='bbox 1356 1097 1455 1151; x_wconf 83' lang='lat'><strong>29.</strong></span> <span class='ocrx_word' id='word_1_96' title='bbox 1486 1095 1761 1154; x_wconf 76' lang='lat' dir='ltr'><strong>dic-ebant</strong></span> <span class='ocrx_word' id='word_1_97' title='bbox 1784 1095 1969 1167; x_wconf 87' lang='lat' dir='ltr'><strong>primo</strong></span> <span class='ocrx_word' id='word_1_98' title='bbox 1999 1094 2127 1148; x_wconf 90' lang='lat' dir='ltr'><strong>loco</strong></span> 
     </span>
     <span class='ocr_line' id='line_1_14' title="bbox 249 1175 2131 1255; baseline 0 -25"><span class='ocrx_word' id='word_1_99' title='bbox 249 1194 354 1250; x_wconf 89' lang='lat' dir='ltr'><strong>pro</strong></span> <span class='ocrx_word' id='word_1_100' title='bbox 385 1175 636 1244; x_wconf 75' lang='lat' dir='ltr'><strong>dicebat,</strong></span> <span class='ocrx_word' id='word_1_101' title='bbox 665 1185 724 1230; x_wconf 91' lang='lat' dir='ltr'><strong>et</strong></span> <span class='ocrx_word' id='word_1_102' title='bbox 750 1177 978 1251; x_wconf 87' lang='lat' dir='ltr'><strong>quidem</strong></span> <span class='ocrx_word' id='word_1_103' title='bbox 1004 1179 1356 1254; x_wconf 85' lang='lat' dir='ltr'><strong>elegantius,</strong></span> <span class='ocrx_word' id='word_1_104' title='bbox 1396 1197 1568 1255; x_wconf 90' lang='lat' dir='ltr'><strong>quum</strong></span> <span class='ocrx_word' id='word_1_105' title='bbox 1592 1176 1895 1251; x_wconf 78' lang='lat' dir='ltr'><strong>praecedat</strong></span> <span class='ocrx_word' id='word_1_106' title='bbox 1922 1175 2131 1232; x_wconf 77' lang='lat' dir='ltr'><strong>turbae</strong></span> 
     </span>
     <span class='ocr_line' id='line_1_15' title="bbox 251 1255 2125 1333; baseline -0.002 -21"><span class='ocrx_word' id='word_1_107' title='bbox 251 1258 546 1314; x_wconf 83' lang='lat' dir='ltr'><strong>hominum</strong></span> <span class='ocrx_word' id='word_1_108' title='bbox 569 1260 803 1314; x_wconf 88' lang='lat' dir='ltr'><strong>mentio.</strong></span> <span class='ocrx_word' id='word_1_109' title='bbox 891 1257 1178 1316; x_wconf 80' lang='lat' dir='ltr'><strong>Graecum</strong></span> <span class='ocrx_word' id='word_1_110' title='bbox 1207 1271 1293 1316; x_wconf 83' lang='lat' dir='ltr'><strong>est</strong></span> <span class='ocrx_word' id='word_1_111' title='bbox 1319 1259 1479 1333; x_wconf 77' lang='grc' dir='ltr'><em>ἔλεγε,</em></span> <span class='ocrx_word' id='word_1_112' title='bbox 1513 1262 1703 1315; x_wconf 86' lang='lat' dir='ltr'><strong>rarior</strong></span> <span class='ocrx_word' id='word_1_113' title='bbox 1729 1259 1900 1314; x_wconf 88' lang='lat' dir='ltr'><strong>lectio</strong></span> <span class='ocrx_word' id='word_1_114' title='bbox 1937 1255 2125 1328; x_wconf 56' lang='lat' dir='ltr'><strong>mayor,</strong></span> 
     </span>
     <span class='ocr_line' id='line_1_16' title="bbox 251 1341 2123 1419; baseline -0.001 -23"><span class='ocrx_word' id='word_1_115' title='bbox 251 1343 441 1396; x_wconf 86' lang='lat' dir='ltr'><strong>minus</strong></span> <span class='ocrx_word' id='word_1_116' title='bbox 468 1343 572 1396; x_wconf 83' lang='lat' dir='ltr'><strong>illa</strong></span> <span class='ocrx_word' id='word_1_117' title='bbox 597 1341 908 1417; x_wconf 81' lang='lat' dir='ltr'><strong>divulgata.</strong></span> <span class='ocrx_word' id='word_1_118' title='bbox 969 1344 1065 1413; x_wconf 92' lang='grc'><strong>12,</strong></span> <span class='ocrx_word' id='word_1_119' title='bbox 1095 1345 1194 1398; x_wconf 86' lang='grc'><strong>40.</strong></span> <span class='ocrx_word' id='word_1_120' title='bbox 1223 1353 1284 1399; x_wconf 85' lang='lat' dir='ltr'><strong>et</strong></span> <span class='ocrx_word' id='word_1_121' title='bbox 1311 1341 1655 1419; x_wconf 79' lang='lat' dir='ltr'><strong>intelligant</strong></span> <span class='ocrx_word' id='word_1_122' title='bbox 1678 1359 1781 1415; x_wconf 88' lang='lat' dir='ltr'><strong>pro</strong></span> <span class='ocrx_word' id='word_1_123' title='bbox 1813 1349 1873 1396; x_wconf 81' lang='lat' dir='ltr'><strong>et</strong></span> <span class='ocrx_word' id='word_1_124' title='bbox 1899 1359 2009 1396; x_wconf 86' lang='lat' dir='ltr'><strong>non</strong></span> <span class='ocrx_word' id='word_1_125' title='bbox 2039 1342 2123 1395; x_wconf 87' lang='lat' dir='ltr'><strong>in-</strong></span> 
     </span>
     <span class='ocr_line' id='line_1_17' title="bbox 255 1422 2127 1502; baseline -0.001 -24"><span class='ocrx_word' id='word_1_126' title='bbox 255 1422 550 1500; x_wconf 71' lang='lat' dir='ltr'><strong>eolligunt.</strong></span> <span class='ocrx_word' id='word_1_127' title='bbox 633 1423 1034 1481; x_wconf 78' lang='lat' dir='ltr'><strong>Antecesserat</strong></span> <span class='ocrx_word' id='word_1_128' title='bbox 1059 1427 1311 1502; x_wconf 81' lang='lat' dir='ltr'><strong>negatio,</strong></span> <span class='ocrx_word' id='word_1_129' title='bbox 1340 1443 1505 1500; x_wconf 86' lang='lat' dir='ltr'><strong>quae,</strong></span> <span class='ocrx_word' id='word_1_130' title='bbox 1532 1432 1599 1481; x_wconf 90' lang='lat' dir='ltr'><strong>ut</strong></span> <span class='ocrx_word' id='word_1_131' title='bbox 1622 1431 1995 1498; x_wconf 82' lang='lat' dir='ltr'><strong>repeteretur,</strong></span> <span class='ocrx_word' id='word_1_132' title='bbox 2024 1439 2127 1476; x_wconf 87' lang='lat' dir='ltr'><strong>ne-</strong></span> 
     </span>
     <span class='ocr_line' id='line_1_18' title="bbox 256 1505 2127 1564; baseline -0.001 -4"><span class='ocrx_word' id='word_1_133' title='bbox 256 1507 566 1561; x_wconf 86' lang='lat' dir='ltr'><strong>cessarium</strong></span> <span class='ocrx_word' id='word_1_134' title='bbox 593 1519 708 1561; x_wconf 85' lang='lat' dir='ltr'><strong>non</strong></span> <span class='ocrx_word' id='word_1_135' title='bbox 733 1506 1050 1564; x_wconf 75' lang='lat' dir='ltr'><strong>videbatur.</strong></span> <span class='ocrx_word' id='word_1_136' title='bbox 1095 1505 1398 1564; x_wconf 85' lang='lat' dir='ltr'><strong>Caeterum</strong></span> <span class='ocrx_word' id='word_1_137' title='bbox 1424 1526 1517 1564; x_wconf 84' lang='lat' dir='ltr'><strong>res</strong></span> <span class='ocrx_word' id='word_1_138' title='bbox 1538 1506 1877 1562; x_wconf 74' lang='lat' dir='ltr'><strong>conficitur·</strong></span> <span class='ocrx_word' id='word_1_139' title='bbox 1861 1524 1923 1561; x_wconf 80' lang='lat' dir='ltr'><strong>in</strong></span> <span class='ocrx_word' id='word_1_140' title='bbox 1933 1505 2127 1559; x_wconf 86' lang='lat' dir='ltr'><strong>Amia-</strong></span> 
     </span>
     <span class='ocr_line' id='line_1_19' title="bbox 252 1587 2129 1666; baseline -0.002 -22"><span class='ocrx_word' id='word_1_141' title='bbox 252 1589 364 1646; x_wconf 85' lang='lat' dir='ltr'><strong>tini</strong></span> <span class='ocrx_word' id='word_1_142' title='bbox 414 1587 626 1643; x_wconf 86' lang='lat' dir='ltr'><strong>codicis</strong></span> <span class='ocrx_word' id='word_1_143' title='bbox 669 1591 1160 1666; x_wconf 78' lang='lat' dir='ltr'><strong>praerogativam,</strong></span> <span class='ocrx_word' id='word_1_144' title='bbox 1210 1591 1359 1666; x_wconf 88' lang='lat' dir='ltr'><strong>quod</strong></span> <span class='ocrx_word' id='word_1_145' title='bbox 1404 1593 1467 1646; x_wconf 91' lang='lat' dir='ltr'><strong>in</strong></span> <span class='ocrx_word' id='word_1_146' title='bbox 1511 1587 1751 1645; x_wconf 78' lang='lat' dir='ltr'><strong>Graecis</strong></span> <span class='ocrx_word' id='word_1_147' title='bbox 1800 1596 2129 1644; x_wconf 81' lang='lat' dir='ltr'><strong>constanter</strong></span> 
     </span>
     <span class='ocr_line' id='line_1_20' title="bbox 255 1663 2131 1748; baseline -0.002 -22"><span class='ocrx_word' id='word_1_148' title='bbox 255 1672 468 1748; x_wconf 80' lang='lat' dir='ltr'><strong>legitur</strong></span> <span class='ocrx_word' id='word_1_149' title='bbox 501 1663 733 1737; x_wconf 78' lang='grc' dir='ltr'><strong><em>νοήσωσι</em></strong></span> <span class='ocrx_word' id='word_1_150' title='bbox 771 1673 895 1728; x_wconf 87' lang='lat' dir='ltr'><strong>sine</strong></span> <span class='ocrx_word' id='word_1_151' title='bbox 927 1675 1045 1729; x_wconf 87' lang='lat' dir='ltr'><strong>ulla</strong></span> <span class='ocrx_word' id='word_1_152' title='bbox 1095 1673 1447 1746; x_wconf 82' lang='lat' dir='ltr'><strong>repetitione</strong></span> <span class='ocrx_word' id='word_1_153' title='bbox 1511 1673 1751 1729; x_wconf 76' lang='lat' dir='ltr'><strong>voculae</strong></span> <span class='ocrx_word' id='word_1_154' title='bbox 1782 1666 1879 1742; x_wconf 85' lang='grc' dir='ltr'><strong>μὴ,</strong></span> <span class='ocrx_word' id='word_1_155' title='bbox 1926 1687 2069 1746; x_wconf 88' lang='lat' dir='ltr'><strong>quae</strong></span> <span class='ocrx_word' id='word_1_156' title='bbox 2098 1689 2131 1723; x_wconf 88' lang='lat' dir='ltr'><strong>e</strong></span> 
     </span>
     <span class='ocr_line' id='line_1_21' title="bbox 253 1753 2132 1830; baseline -0.002 -20"><span class='ocrx_word' id='word_1_157' title='bbox 253 1755 514 1828; x_wconf 83' lang='lat' dir='ltr'><strong>proxime</strong></span> <span class='ocrx_word' id='word_1_158' title='bbox 550 1753 1016 1812; x_wconf 83' lang='lat' dir='ltr'><strong>antecedentibus</strong></span> <span class='ocrx_word' id='word_1_159' title='bbox 1061 1755 1235 1816; x_wconf 80' lang='lat' dir='ltr'><strong>facile</strong></span> <span class='ocrx_word' id='word_1_160' title='bbox 1280 1757 1603 1830; x_wconf 87' lang='lat' dir='ltr'><strong>suppletur·</strong></span> <span class='ocrx_word' id='word_1_161' title='bbox 1588 1797 1605 1827; x_wconf 91' lang='lat'>,</span> <span class='ocrx_word' id='word_1_162' title='bbox 1665 1773 1801 1830; x_wconf 86' lang='lat' dir='ltr'><strong>ergo</strong></span> <span class='ocrx_word' id='word_1_163' title='bbox 1845 1755 2132 1830; x_wconf 83' lang='lat' dir='ltr'><strong>glossator</strong></span> 
     </span>
     <span class='ocr_line' id='line_1_22' title="bbox 253 1834 2133 1914; baseline -0.002 -21"><span class='ocrx_word' id='word_1_164' title='bbox 253 1840 526 1894; x_wconf 86' lang='lat' dir='ltr'><strong>iteratum</strong></span> <span class='ocrx_word' id='word_1_165' title='bbox 553 1855 666 1892; x_wconf 87' lang='lat' dir='ltr'><strong>non</strong></span> <span class='ocrx_word' id='word_1_166' title='bbox 689 1839 751 1892; x_wconf 94' lang='lat' dir='ltr'><strong>in</strong></span> <span class='ocrx_word' id='word_1_167' title='bbox 769 1834 994 1894; x_wconf 82' lang='lat' dir='ltr'><strong>Latinis</strong></span> <span class='ocrx_word' id='word_1_168' title='bbox 1021 1839 1305 1914; x_wconf 85' lang='lat' dir='ltr'><strong>adjunxit.</strong></span> <span class='ocrx_word' id='word_1_169' title='bbox 1364 1840 1459 1909; x_wconf 89' lang='lat'><strong>12,</strong></span> <span class='ocrx_word' id='word_1_170' title='bbox 1478 1839 1575 1894; x_wconf 87' lang='grc'><strong>42.</strong></span> <span class='ocrx_word' id='word_1_171' title='bbox 1607 1841 1676 1896; x_wconf 81' lang='lat' dir='ltr'><strong>de</strong></span> <span class='ocrx_word' id='word_1_172' title='bbox 1702 1855 2001 1914; x_wconf 78' lang='lat' dir='ltr'><strong>synagoga</strong></span> <span class='ocrx_word' id='word_1_173' title='bbox 2027 1853 2133 1909; x_wconf 87' lang='lat' dir='ltr'><strong>pro</strong></span> 
     </span>
     <span class='ocr_line' id='line_1_23' title="bbox 258 1914 2134 2019; baseline -0.001 -43"><span class='ocrx_word' id='word_1_174' title='bbox 258 1938 288 1976; x_wconf 78' lang='grc' dir='ltr'><strong><em>ο</em></strong></span> <span class='ocrx_word' id='word_1_175' title='bbox 312 1937 646 2017; x_wconf 66' lang='lat' dir='ltr'><strong>synagoga,</strong></span> <span class='ocrx_word' id='word_1_176' title='bbox 685 1914 1118 2019; x_wconf 61' lang='grc' dir='ltr'><strong><em>ἆποσυνάγοηοις</em></strong></span> <span class='ocrx_word' id='word_1_177' title='bbox 1179 1921 1341 1978; x_wconf 77' lang='lat' dir='ltr'><strong>vides</strong></span> <span class='ocrx_word' id='word_1_178' title='bbox 1376 1921 1651 1977; x_wconf 88' lang='lat' dir='ltr'><strong>Nostrum</strong></span> <span class='ocrx_word' id='word_1_179' title='bbox 1690 1921 1943 1975; x_wconf 84' lang='lat' dir='ltr'><strong>limatius</strong></span> <span class='ocrx_word' id='word_1_180' title='bbox 1988 1919 2134 1975; x_wconf 88' lang='lat' dir='ltr'><strong>scri-</strong></span> 
     </span>
     <span class='ocr_line' id='line_1_24' title="bbox 255 2000 2133 2077; baseline 0 -20"><span class='ocrx_word' id='word_1_181' title='bbox 255 2004 453 2077; x_wconf 87' lang='lat' dir='ltr'><strong>psisse.</strong></span> <span class='ocrx_word' id='word_1_182' title='bbox 532 2003 636 2071; x_wconf 88' lang='lat'>12,</span> <span class='ocrx_word' id='word_1_183' title='bbox 663 2004 762 2058; x_wconf 87' lang='lat'><strong>46.</strong></span> <span class='ocrx_word' id='word_1_184' title='bbox 791 2007 852 2059; x_wconf 76' lang='lat' dir='ltr'><strong>in</strong></span> <span class='ocrx_word' id='word_1_185' title='bbox 879 2006 1088 2059; x_wconf 79' lang='lat' dir='ltr'><strong>mundo</strong></span> <span class='ocrx_word' id='word_1_186' title='bbox 1113 2020 1219 2077; x_wconf 88' lang='lat' dir='ltr'><strong>pro</strong></span> <span class='ocrx_word' id='word_1_187' title='bbox 1246 2006 1307 2059; x_wconf 85' lang='lat' dir='ltr'><strong>in</strong></span> <span class='ocrx_word' id='word_1_188' title='bbox 1334 2004 1636 2074; x_wconf 81' lang='lat' dir='ltr'><strong>mundum,·</strong></span> <span class='ocrx_word' id='word_1_189' title='bbox 1688 2000 1787 2059; x_wconf 86' lang='lat' dir='ltr'><strong>hie</strong></span> <span class='ocrx_word' id='word_1_190' title='bbox 1813 2020 1929 2057; x_wconf 86' lang='lat' dir='ltr'><strong>nou</strong></span> <span class='ocrx_word' id='word_1_191' title='bbox 1953 2001 2133 2057; x_wconf 88' lang='lat' dir='ltr'><strong>ambi-</strong></span> 
     </span>
     <span class='ocr_line' id='line_1_25' title="bbox 259 2082 2138 2178; baseline -0.001 -39"><span class='ocrx_word' id='word_1_192' title='bbox 259 2102 370 2159; x_wconf 86' lang='lat' dir='ltr'><strong>gue</strong></span> <span class='ocrx_word' id='word_1_193' title='bbox 403 2083 664 2178; x_wconf 78' lang='lat' dir='ltr'><strong>praefero</strong></span> <span class='ocrx_word' id='word_1_194' title='bbox 697 2093 1019 2157; x_wconf 87' lang='lat' dir='ltr'><strong>receptum,</strong></span> <span class='ocrx_word' id='word_1_195' title='bbox 1065 2088 1283 2141; x_wconf 87' lang='lat' dir='ltr'><strong>rectius</strong></span> <span class='ocrx_word' id='word_1_196' title='bbox 1328 2087 1763 2142; x_wconf 83' lang='lat' dir='ltr'><strong>convenientem</strong></span> <span class='ocrx_word' id='word_1_197' title='bbox 1800 2083 2021 2140; x_wconf 85' lang='lat' dir='ltr'><strong>Graeco</strong></span> <span class='ocrx_word' id='word_1_198' title='bbox 2066 2082 2138 2145; x_wconf 81' lang='grc' dir='ltr'><strong>εἷς</strong></span> 
     </span>
     <span class='ocr_line' id='line_1_26' title="bbox 255 2159 2139 2245; baseline 0.002 -26"><span class='ocrx_word' id='word_1_199' title='bbox 255 2161 350 2221; x_wconf 79' lang='grc' dir='ltr'><strong>τὸν</strong></span> <span class='ocrx_word' id='word_1_200' title='bbox 375 2159 588 2235; x_wconf 83' lang='grc' dir='ltr'><strong>κόσμον,</strong></span> <span class='ocrx_word' id='word_1_201' title='bbox 619 2184 792 2240; x_wconf 88' lang='lat' dir='ltr'><strong>quum</strong></span> <span class='ocrx_word' id='word_1_202' title='bbox 817 2168 889 2223; x_wconf 82' lang='lat' dir='ltr'><strong>de</strong></span> <span class='ocrx_word' id='word_1_203' title='bbox 913 2176 1072 2223; x_wconf 81' lang='lat' dir='ltr'><strong>motu</strong></span> <span class='ocrx_word' id='word_1_204' title='bbox 1101 2171 1160 2224; x_wconf 82' lang='lat' dir='ltr'><strong>in</strong></span> <span class='ocrx_word' id='word_1_205' title='bbox 1190 2168 1371 2225; x_wconf 83' lang='lat' dir='ltr'><strong>locum</strong></span> <span class='ocrx_word' id='word_1_206' title='bbox 1401 2168 1643 2239; x_wconf 84' lang='lat' dir='ltr'><strong>dicatur,</strong></span> <span class='ocrx_word' id='word_1_207' title='bbox 1667 2186 1783 2223; x_wconf 87' lang='lat' dir='ltr'><strong>nou</strong></span> <span class='ocrx_word' id='word_1_208' title='bbox 1807 2170 2139 2245; x_wconf 77' lang='lat' dir='ltr'><strong>generatim</strong></span> 
     </span>
     <span class='ocr_line' id='line_1_27' title="bbox 261 2247 2140 2341; baseline 0.001 -38"><span class='ocrx_word' id='word_1_209' title='bbox 261 2249 330 2303; x_wconf 87' lang='lat' dir='ltr'><strong>de</strong></span> <span class='ocrx_word' id='word_1_210' title='bbox 358 2247 622 2341; x_wconf 53' lang='lat' dir='ltr'><strong>advcentu.</strong></span> <span class='ocrx_word' id='word_1_211' title='bbox 682 2248 1041 2318; x_wconf 77' lang='grc' dir='ltr'><strong>13,1.Ιιονα</strong></span> <span class='ocrx_word' id='word_1_212' title='bbox 1067 2268 1170 2325; x_wconf 86' lang='lat' dir='ltr'><strong>pro</strong></span> <span class='ocrx_word' id='word_1_213' title='bbox 1200 2251 1347 2308; x_wconf 79' lang='lat' dir='ltr'><strong>hora</strong></span> <span class='ocrx_word' id='word_1_214' title='bbox 1376 2254 1523 2323; x_wconf 69' lang='lat' dir='ltr'><strong>esua,</strong></span> <span class='ocrx_word' id='word_1_215' title='bbox 1548 2254 1607 2306; x_wconf 90' lang='lat' dir='ltr'><strong>in</strong></span> <span class='ocrx_word' id='word_1_216' title='bbox 1626 2248 1869 2306; x_wconf 83' lang='lat' dir='ltr'><strong>Graecis</strong></span> <span class='ocrx_word' id='word_1_217' title='bbox 1894 2248 2140 2305; x_wconf 84' lang='lat' dir='ltr'><strong>habetur</strong></span> 
     </span>
     <span class='ocr_line' id='line_1_28' title="bbox 262 2323 2136 2407; baseline 0.001 -22"><span class='ocrx_word' id='word_1_218' title='bbox 262 2325 424 2384; x_wconf 71' lang='grc' dir='ltr'><strong><em>αὑτοῦ</em></strong></span> <span class='ocrx_word' id='word_1_219' title='bbox 447 2324 480 2395; x_wconf 81' lang='grc' dir='ltr'><strong><em>ἦ</em></strong></span> <span class='ocrx_word' id='word_1_220' title='bbox 505 2323 632 2399; x_wconf 75' lang='grc' dir='ltr'><strong>ὥρα.</strong></span> <span class='ocrx_word' id='word_1_221' title='bbox 692 2330 792 2401; x_wconf 87' lang='grc'><strong>13,</strong></span> <span class='ocrx_word' id='word_1_222' title='bbox 821 2332 875 2385; x_wconf 90' lang='grc'><strong>7.</strong></span> <span class='ocrx_word' id='word_1_223' title='bbox 904 2334 1052 2389; x_wconf 81' lang='lat' dir='ltr'><strong>dicit</strong></span> <span class='ocrx_word' id='word_1_224' title='bbox 1075 2352 1178 2407; x_wconf 86' lang='lat' dir='ltr'><strong>pro</strong></span> <span class='ocrx_word' id='word_1_225' title='bbox 1210 2336 1382 2399; x_wconf 72' lang='lat' dir='ltr'><strong>dixit,</strong></span> <span class='ocrx_word' id='word_1_226' title='bbox 1410 2328 1563 2389; x_wconf 75' lang='grc' dir='ltr'><strong>εἶπεν.</strong></span> <span class='ocrx_word' id='word_1_227' title='bbox 1607 2332 1893 2389; x_wconf 83' lang='lat' dir='ltr'><strong>Similiter</strong></span> <span class='ocrx_word' id='word_1_228' title='bbox 1914 2332 2051 2388; x_wconf 83' lang='lat' dir='ltr'><strong>ibid.</strong></span> <span class='ocrx_word' id='word_1_229' title='bbox 2081 2350 2136 2388; x_wconf 80' lang='lat' dir='ltr'><strong>v.</strong></span> 
     </span>
     <span class='ocr_line' id='line_1_29' title="bbox 261 2412 2136 2493; baseline -0.001 -23"><span class='ocrx_word' id='word_1_230' title='bbox 261 2414 359 2470; x_wconf 84' lang='lat'><strong>24.</strong></span> <span class='ocrx_word' id='word_1_231' title='bbox 382 2413 480 2467; x_wconf 90' lang='grc'><strong>27.</strong></span> <span class='ocrx_word' id='word_1_232' title='bbox 499 2412 597 2467; x_wconf 88' lang='lat'><strong>31.</strong></span> <span class='ocrx_word' id='word_1_233' title='bbox 603 2412 748 2482; x_wconf 85' lang='lat' dir='ltr'><strong>‚ubi</strong></span> <span class='ocrx_word' id='word_1_234' title='bbox 776 2422 968 2469; x_wconf 85' lang='lat' dir='ltr'><strong>tamen</strong></span> <span class='ocrx_word' id='word_1_235' title='bbox 995 2416 1124 2487; x_wconf 76' lang='grc' dir='ltr'><em>λέγει</em></span> <span class='ocrx_word' id='word_1_236' title='bbox 1151 2425 1241 2471; x_wconf 88' lang='lat' dir='ltr'><strong>est</strong></span> <span class='ocrx_word' id='word_1_237' title='bbox 1266 2420 1541 2492; x_wconf 84' lang='lat' dir='ltr'><strong>scriptum</strong></span> <span class='ocrx_word' id='word_1_238' title='bbox 1569 2434 1792 2493; x_wconf 83' lang='lat' dir='ltr'><strong>graece.</strong></span> <span class='ocrx_word' id='word_1_239' title='bbox 1824 2416 1921 2487; x_wconf 85' lang='lat'>13,</span> <span class='ocrx_word' id='word_1_240' title='bbox 1948 2416 2003 2470; x_wconf 90' lang='grc'><strong>8.</strong></span> <span class='ocrx_word' id='word_1_241' title='bbox 2033 2413 2136 2470; x_wconf 72' lang='lat' dir='ltr'><strong>Ita·</strong></span> 
     </span>
     <span class='ocr_line' id='line_1_30' title="bbox 261 2494 2135 2570; baseline -0.001 -18"><span class='ocrx_word' id='word_1_242' title='bbox 261 2496 358 2552; x_wconf 74' lang='lat' dir='ltr'><strong>bea</strong></span> <span class='ocrx_word' id='word_1_243' title='bbox 381 2514 484 2570; x_wconf 87' lang='lat' dir='ltr'><strong>pro</strong></span> <span class='ocrx_word' id='word_1_244' title='bbox 513 2494 769 2561; x_wconf 75' lang='lat' dir='ltr'><strong>habebis,</strong></span> <span class='ocrx_word' id='word_1_245' title='bbox 795 2506 986 2568; x_wconf 87' lang='lat' dir='ltr'><strong>reete,</strong></span> <span class='ocrx_word' id='word_1_246' title='bbox 1015 2516 1212 2555; x_wconf 83' lang='lat' dir='ltr'><strong>omnes</strong></span> <span class='ocrx_word' id='word_1_247' title='bbox 1243 2502 1395 2555; x_wconf 91' lang='lat' dir='ltr'><strong>enim</strong></span> <span class='ocrx_word' id='word_1_248' title='bbox 1428 2500 1561 2555; x_wconf 87' lang='lat' dir='ltr'><strong>libri</strong></span> <span class='ocrx_word' id='word_1_249' title='bbox 1587 2497 1856 2555; x_wconf 84' lang='lat' dir='ltr'><strong>habent’&#39;</strong></span> <span class='ocrx_word' id='word_1_250' title='bbox 1824 2518 1962 2567; x_wconf 78' lang='grc' dir='ltr'><strong>εχεις.</strong></span> <span class='ocrx_word' id='word_1_251' title='bbox 2039 2499 2135 2567; x_wconf 89' lang='grc'><strong>13,</strong></span> 
     </span>
     <span class='ocr_line' id='line_1_31' title="bbox 261 2576 2138 2659; baseline 0.001 -26"><span class='ocrx_word' id='word_1_252' title='bbox 261 2579 360 2633; x_wconf 90' lang='grc'><strong>26.</strong></span> <span class='ocrx_word' id='word_1_253' title='bbox 401 2580 499 2635; x_wconf 82' lang='lat' dir='ltr'><strong>cui</strong></span> <span class='ocrx_word' id='word_1_254' title='bbox 535 2580 836 2657; x_wconf 79' lang='lat' dir='ltr'><strong>respondit</strong></span> <span class='ocrx_word' id='word_1_255' title='bbox 877 2598 980 2654; x_wconf 87' lang='lat' dir='ltr'><strong>pro</strong></span> <span class='ocrx_word' id='word_1_256' title='bbox 1020 2585 1350 2659; x_wconf 78' lang='lat' dir='ltr'><strong>respondit,</strong></span> <span class='ocrx_word' id='word_1_257' title='bbox 1396 2576 1751 2655; x_wconf 77' lang='grc' dir='ltr'><strong><em>ἆποκρίνεταις</em></strong></span> <span class='ocrx_word' id='word_1_258' title='bbox 1802 2580 1897 2637; x_wconf 86' lang='lat' dir='ltr'><strong>hic</strong></span> <span class='ocrx_word' id='word_1_259' title='bbox 1926 2579 2138 2635; x_wconf 83' lang='lat' dir='ltr'><strong>Noster</strong></span> 
     </span>
     <span class='ocr_line' id='line_1_32' title="bbox 263 2658 2138 2739; baseline 0.001 -24"><span class='ocrx_word' id='word_1_260' title='bbox 263 2662 639 2736; x_wconf 75' lang='lat' dir='ltr'><strong>glossatorem</strong></span> <span class='ocrx_word' id='word_1_261' title='bbox 663 2664 804 2737; x_wconf 80' lang='lat' dir='ltr'><strong>agit.</strong></span> <span class='ocrx_word' id='word_1_262' title='bbox 858 2663 954 2733; x_wconf 83' lang='lat'>13,</span> <span class='ocrx_word' id='word_1_263' title='bbox 982 2663 1080 2718; x_wconf 91' lang='grc'><strong>27.</strong></span> <span class='ocrx_word' id='word_1_264' title='bbox 1110 2673 1247 2720; x_wconf 81' lang='lat' dir='ltr'><strong>tunc</strong></span> <span class='ocrx_word' id='word_1_265' title='bbox 1276 2667 1545 2721; x_wconf 75' lang='lat' dir='ltr'><strong>introivit</strong></span> <span class='ocrx_word' id='word_1_266' title='bbox 1570 2682 1673 2739; x_wconf 85' lang='lat' dir='ltr'><strong>pro</strong></span> <span class='ocrx_word' id='word_1_267' title='bbox 1702 2667 1991 2735; x_wconf 72' lang='lat' dir='ltr'><strong>tntroivit,</strong></span> <span class='ocrx_word' id='word_1_268' title='bbox 2018 2658 2138 2717; x_wconf 74' lang='grc' dir='ltr'><strong>τότε</strong></span> 
     </span>
     <span class='ocr_line' id='line_1_33' title="bbox 261 2740 2137 2822; baseline 0.003 -25"><span class='ocrx_word' id='word_1_269' title='bbox 261 2740 516 2809; x_wconf 69' lang='grc' dir='ltr'><strong>εἶς-ἦλθεν,</strong></span> <span class='ocrx_word' id='word_1_270' title='bbox 557 2745 656 2800; x_wconf 89' lang='lat' dir='ltr'><strong>sed</strong></span> <span class='ocrx_word' id='word_1_271' title='bbox 691 2763 806 2800; x_wconf 88' lang='lat' dir='ltr'><strong>non</strong></span> <span class='ocrx_word' id='word_1_272' title='bbox 842 2746 1201 2802; x_wconf 88' lang='lat' dir='ltr'><strong>reticendum</strong></span> <span class='ocrx_word' id='word_1_273' title='bbox 1239 2756 1355 2819; x_wconf 86' lang='lat' dir='ltr'><strong>est,</strong></span> <span class='ocrx_word' id='word_1_274' title='bbox 1388 2766 1444 2803; x_wconf 79' lang='lat' dir='ltr'><strong>v.</strong></span> <span class='ocrx_word' id='word_1_275' title='bbox 1481 2742 1597 2802; x_wconf 84' lang='grc' dir='ltr'><em>τότε</em></span> <span class='ocrx_word' id='word_1_276' title='bbox 1628 2749 1690 2803; x_wconf 89' lang='lat' dir='ltr'><strong>in</strong></span> <span class='ocrx_word' id='word_1_277' title='bbox 1717 2748 1935 2822; x_wconf 81' lang='lat' dir='ltr'><strong>aliquot</strong></span> <span class='ocrx_word' id='word_1_278' title='bbox 1962 2746 2137 2802; x_wconf 88' lang='lat' dir='ltr'><strong>docu-</strong></span> 
     </span>
     <span class='ocr_line' id='line_1_34' title="bbox 261 2827 2138 2907; baseline 0.002 -26"><span class='ocrx_word' id='word_1_279' title='bbox 261 2828 468 2881; x_wconf 86' lang='lat' dir='ltr'><strong>mentis</strong></span> <span class='ocrx_word' id='word_1_280' title='bbox 495 2828 700 2882; x_wconf 87' lang='lat' dir='ltr'><strong>omitti.</strong></span> <span class='ocrx_word' id='word_1_281' title='bbox 770 2830 876 2900; x_wconf 88' lang='lat'>13,</span> <span class='ocrx_word' id='word_1_282' title='bbox 903 2829 1001 2884; x_wconf 88' lang='grc'><strong>29.</strong></span> <span class='ocrx_word' id='word_1_283' title='bbox 1031 2832 1170 2905; x_wconf 79' lang='lat' dir='ltr'><strong>qnia</strong></span> <span class='ocrx_word' id='word_1_284' title='bbox 1202 2831 1353 2886; x_wconf 79' lang='lat' dir='ltr'><strong>dicit</strong></span> <span class='ocrx_word' id='word_1_285' title='bbox 1376 2847 1479 2903; x_wconf 88' lang='lat' dir='ltr'><strong>pro</strong></span> <span class='ocrx_word' id='word_1_286' title='bbox 1508 2832 1665 2907; x_wconf 80' lang='lat' dir='ltr'><strong>quod</strong></span> <span class='ocrx_word' id='word_1_287' title='bbox 1688 2832 1971 2901; x_wconf 74' lang='lat' dir='ltr'><strong>dixisset3</strong></span> <span class='ocrx_word' id='word_1_288' title='bbox 2016 2827 2138 2884; x_wconf 94' lang='lat' dir='ltr'><strong>No-</strong></span> 
     </span>
     <span class='ocr_line' id='line_1_35' title="bbox 265 2906 2138 2987; baseline 0.002 -24"><span class='ocrx_word' id='word_1_289' title='bbox 265 2918 382 2963; x_wconf 85' lang='lat' dir='ltr'><strong>ster</strong></span> <span class='ocrx_word' id='word_1_290' title='bbox 407 2916 673 2963; x_wconf 85' lang='lat' dir='ltr'><strong>accurate</strong></span> <span class='ocrx_word' id='word_1_291' title='bbox 697 2909 771 2963; x_wconf 89' lang='lat' dir='ltr'><strong>ad</strong></span> <span class='ocrx_word' id='word_1_292' title='bbox 799 2910 1110 2968; x_wconf 83' lang='lat' dir='ltr'><strong>Graecum:</strong></span> <span class='ocrx_word' id='word_1_293' title='bbox 1155 2906 1235 2966; x_wconf 82' lang='grc' dir='ltr'><strong>ὅτι</strong></span> <span class='ocrx_word' id='word_1_294' title='bbox 1258 2914 1412 2984; x_wconf 75' lang='grc' dir='ltr'><em>λέγεις</em></span> <span class='ocrx_word' id='word_1_295' title='bbox 1437 2932 1737 2987; x_wconf 74' lang='lat' dir='ltr'><strong>praeseuS,</strong></span> <span class='ocrx_word' id='word_1_296' title='bbox 1774 2920 1840 2966; x_wconf 89' lang='lat' dir='ltr'><strong>ut</strong></span> <span class='ocrx_word' id='word_1_297' title='bbox 1871 2913 1934 2968; x_wconf 91' lang='lat' dir='ltr'><strong>in</strong></span> <span class='ocrx_word' id='word_1_298' title='bbox 1959 2930 2138 2986; x_wconf 86' lang='lat' dir='ltr'><strong>popu-</strong></span> 
     </span>
     <span class='ocr_line' id='line_1_36' title="bbox 262 2991 2141 3072; baseline 0.003 -27"><span class='ocrx_word' id='word_1_299' title='bbox 262 2992 372 3045; x_wconf 85' lang='lat' dir='ltr'><strong>lari</strong></span> <span class='ocrx_word' id='word_1_300' title='bbox 396 2991 678 3060; x_wconf 86' lang='lat' dir='ltr'><strong>oratione,</strong></span> <span class='ocrx_word' id='word_1_301' title='bbox 699 2996 1062 3067; x_wconf 86' lang='lat' dir='ltr'><strong>exquisitius,</strong></span> <span class='ocrx_word' id='word_1_302' title='bbox 1079 2996 1696 3071; x_wconf 81' lang='lat' dir='ltr'><strong>plusquamperfectum</strong></span> <span class='ocrx_word' id='word_1_303' title='bbox 1724 2993 2141 3072; x_wconf 72' lang='lat' dir='ltr'><strong>explic-atinum</strong></span> 
     </span>
     <span class='ocr_line' id='line_1_37' title="bbox 265 3072 2141 3177; baseline 0.002 -49"><span class='ocrx_word' id='word_1_304' title='bbox 265 3082 367 3128; x_wconf 87' lang='lat' dir='ltr'><strong>est.</strong></span> <span class='ocrx_word' id='word_1_305' title='bbox 427 3073 522 3142; x_wconf 89' lang='grc'><strong>14,</strong></span> <span class='ocrx_word' id='word_1_306' title='bbox 553 3073 608 3127; x_wconf 93' lang='grc'><strong>7.</strong></span> <span class='ocrx_word' id='word_1_307' title='bbox 637 3080 992 3148; x_wconf 72' lang='lat' dir='ltr'><strong>cognoscitis</strong></span> <span class='ocrx_word' id='word_1_308' title='bbox 1019 3096 1122 3177; x_wconf 82' lang='lat' dir='ltr'><strong>pro</strong></span> <span class='ocrx_word' id='word_1_309' title='bbox 1151 3082 1553 3157; x_wconf 75' lang='lat' dir='ltr'><strong>cognosceti85</strong></span> <span class='ocrx_word' id='word_1_310' title='bbox 1587 3072 1872 3149; x_wconf 75' lang='grc' dir='ltr'><strong>γινώσκετε.</strong></span> <span class='ocrx_word' id='word_1_311' title='bbox 1958 3074 2141 3132; x_wconf 86' lang='lat' dir='ltr'><strong>Recte</strong></span> 
     </span>
     <span class='ocr_line' id='line_1_38' title="bbox 265 3151 2139 3228; baseline 0.002 -17"><span class='ocrx_word' id='word_1_312' title='bbox 265 3155 504 3225; x_wconf 86' lang='lat' dir='ltr'><strong>Noster,</strong></span> <span class='ocrx_word' id='word_1_313' title='bbox 558 3173 688 3211; x_wconf 85' lang='lat' dir='ltr'><strong>nam</strong></span> <span class='ocrx_word' id='word_1_314' title='bbox 716 3151 1034 3228; x_wconf 74' lang='grc' dir='ltr'><strong>γνώσεσθε</strong></span> <span class='ocrx_word' id='word_1_315' title='bbox 1016 3179 1076 3214; x_wconf 83' lang='lat' dir='ltr'><strong>in</strong></span> <span class='ocrx_word' id='word_1_316' title='bbox 1105 3161 1373 3218; x_wconf 85' lang='lat' dir='ltr'><strong>subsidiis</strong></span> <span class='ocrx_word' id='word_1_317' title='bbox 1409 3160 1777 3217; x_wconf 87' lang='lat' dir='ltr'><strong>inferioribus</strong></span> <span class='ocrx_word' id='word_1_318' title='bbox 1806 3160 2007 3216; x_wconf 83' lang='lat' dir='ltr'><strong>ordine</strong></span> <span class='ocrx_word' id='word_1_319' title='bbox 2036 3168 2139 3216; x_wconf 87' lang='lat' dir='ltr'><strong>est.</strong></span> 
     </span>
     <span class='ocr_line' id='line_1_39' title="bbox 272 3236 2145 3315; baseline 0.004 -23"><span class='ocrx_word' id='word_1_320' title='bbox 272 3239 368 3309; x_wconf 88' lang='lat'>14,</span> <span class='ocrx_word' id='word_1_321' title='bbox 397 3239 495 3293; x_wconf 87' lang='lat'><strong>23.</strong></span> <span class='ocrx_word' id='word_1_322' title='bbox 521 3240 848 3295; x_wconf 67' lang='lat' dir='ltr'><strong>neamiones</strong></span> <span class='ocrx_word' id='word_1_323' title='bbox 873 3259 974 3315; x_wconf 88' lang='lat' dir='ltr'><strong>pro</strong></span> <span class='ocrx_word' id='word_1_324' title='bbox 1001 3246 1387 3315; x_wconf 83' lang='lat' dir='ltr'><strong>mansionem,</strong></span> <span class='ocrx_word' id='word_1_325' title='bbox 1414 3236 1588 3314; x_wconf 78' lang='grc' dir='ltr'><strong>μονήν.</strong></span> <span class='ocrx_word' id='word_1_326' title='bbox 1675 3240 1789 3298; x_wconf 88' lang='lat' dir='ltr'><strong>Hie</strong></span> <span class='ocrx_word' id='word_1_327' title='bbox 1828 3244 1991 3299; x_wconf 88' lang='lat' dir='ltr'><strong>cedat</strong></span> <span class='ocrx_word' id='word_1_328' title='bbox 2020 3241 2145 3299; x_wconf 91' lang='lat' dir='ltr'><strong>No-</strong></span> 
     </span>
     <span class='ocr_line' id='line_1_40' title="bbox 269 3320 2147 3399; baseline 0.003 -24"><span class='ocrx_word' id='word_1_329' title='bbox 269 3329 386 3375; x_wconf 82' lang='lat' dir='ltr'><strong>ster</strong></span> <span class='ocrx_word' id='word_1_330' title='bbox 411 3329 658 3393; x_wconf 82' lang='lat' dir='ltr'><strong>recepto.</strong></span> <span class='ocrx_word' id='word_1_331' title='bbox 729 3322 836 3392; x_wconf 84' lang='lat'>15,</span> <span class='ocrx_word' id='word_1_332' title='bbox 861 3325 917 3378; x_wconf 83' lang='lat'><strong>6.</strong></span> <span class='ocrx_word' id='word_1_333' title='bbox 946 3326 1112 3379; x_wconf 82' lang='lat' dir='ltr'><strong>aruit</strong></span> <span class='ocrx_word' id='word_1_334' title='bbox 1134 3342 1238 3399; x_wconf 87' lang='lat' dir='ltr'><strong>pro</strong></span> <span class='ocrx_word' id='word_1_335' title='bbox 1272 3334 1532 3390; x_wconf 78' lang='lat' dir='ltr'><strong>arescet,</strong></span> <span class='ocrx_word' id='word_1_336' title='bbox 1562 3320 1851 3397; x_wconf 77' lang='grc' dir='ltr'><strong><em>ἐξηράνθης</em></strong></span> <span class='ocrx_word' id='word_1_337' title='bbox 1898 3327 2147 3381; x_wconf 85' lang='lat' dir='ltr'><strong>aoristus</strong></span> 
     </span>
     <span class='ocr_line' id='line_1_41' title="bbox 269 3404 2144 3482; baseline 0.003 -25"><span class='ocrx_word' id='word_1_338' title='bbox 269 3404 492 3474; x_wconf 81' lang='lat' dir='ltr'><strong>positus</strong></span> <span class='ocrx_word' id='word_1_339' title='bbox 531 3412 620 3459; x_wconf 80' lang='lat' dir='ltr'><strong>est</strong></span> <span class='ocrx_word' id='word_1_340' title='bbox 655 3406 1010 3479; x_wconf 82' lang='lat' dir='ltr'><strong>cogitatione</strong></span> <span class='ocrx_word' id='word_1_341' title='bbox 1045 3408 1132 3461; x_wconf 91' lang='lat' dir='ltr'><strong>rei</strong></span> <span class='ocrx_word' id='word_1_342' title='bbox 1170 3418 1327 3465; x_wconf 88' lang='lat' dir='ltr'><strong>certo</strong></span> <span class='ocrx_word' id='word_1_343' title='bbox 1370 3408 1597 3465; x_wconf 83' lang='lat' dir='ltr'><strong>futurae</strong></span> <span class='ocrx_word' id='word_1_344' title='bbox 1638 3412 1759 3482; x_wconf 80' lang='lat' dir='ltr'><strong>jam</strong></span> <span class='ocrx_word' id='word_1_345' title='bbox 1804 3416 2144 3463; x_wconf 83' lang='lat' dir='ltr'><strong>transactae.</strong></span> 
     </span>
    </p>
   </div>
   <div class='ocr_carea' id='block_1_4' title="bbox 2355 2916 2360 3862">
    <p class='ocr_par' dir='ltr' id='par_1_5' title="bbox 2355 2916 2360 3862">
     <span class='ocr_line' id='line_1_42' title="bbox 2355 2916 2360 3862; baseline 0 0"><span class='ocrx_word' id='word_1_346' title='bbox 2355 2916 2360 3862; x_wconf 95' lang='lat' dir='ltr'><strong> </strong></span> 
     </span>
    </p>
   </div>
  </div>
 </body>
</html>
