2376 3925
290 151 389 200 218

295 257 347 300 et
362 251 639 310 Dionysius
658 245 967 304 Areopagita
978 274 993 303 ,
1015 243 1067 287 et
1084 253 1197 285 mu-

293 321 391 400 lier
406 318 613 364 nomine
632 313 861 361 Damaris
874 343 889 372 ‚
911 313 963 358 et
978 309 1068 356 alii
1086 320 1200 354 cum

296 401 385 434 eis.

540 497 581 546 C
593 496 637 544 A
647 492 709 543 P.
764 490 957 544 XVIII.

297 593 490 637 Paulum
524 591 732 634 Corinthi
768 590 989 632 infestant
1016 585 1199 628 Judaei.

297 651 437 694 Venit
455 648 699 704 Ephesum,
718 647 797 687 ubi
824 641 990 697 Apollo
1010 641 1202 682 Judaeis

336 707 603 762 persuadet,
624 704 780 746 Jesum
798 712 897 743 esse
920 697 1163 739 Christum.

367 803 413 846 1.
448 801 571 845 Post
590 793 715 844 haec
728 803 961 852 egressus
973 791 1033 837 ab
1044 789 1204 836 Athe-

303 868 400 925 nis,
422 866 562 912 venit
582 861 893 909 Corinthum.

372 937 418 980 2.
453 933 521 978 Et
542 929 810 977 inveniens
831 925 1090 983 quemdam
1110 925 1205 969 Ju-

305 1004 479 1048 daeum
505 998 711 1044 nomine
738 993 995 1052 Aquilam,
1025 990 1206 1037 Ponti-

306 1083 417 1115 cum
437 1079 652 1125 genere,
691 1062 777 1120 qui
804 1073 967 1118 nuper
994 1059 1208 1105 venerat

306 1138 365 1183 ab
393 1133 565 1192 Italia,
606 1134 657 1178 et
682 1127 965 1176 Priscillam
992 1139 1208 1173 uxorem

306 1202 351 1260 ej
359 1215 415 1248 us
428 1207 449 1231 ⁰
462 1200 547 1261 (eo
561 1196 1047 1257 quodpraecepisset
1057 1192 1209 1238 Clau-

306 1270 415 1316 dius
444 1268 702 1314 discedere
733 1277 908 1310 omnes
940 1261 1161 1324 Judaeos
1180 1273 1210 1304 a

306 1336 505 1396 Roma),
528 1333 741 1382 accessit
760 1331 823 1377 ad
842 1344 947 1377 eos.

376 1407 422 1450 3.
457 1404 525 1449 Et
544 1402 661 1460 quia
692 1398 915 1456 ejusdem
942 1397 1051 1442 erat
1068 1393 1209 1452 artis,

308 1472 542 1518 manebat
566 1467 697 1526 apud
727 1478 815 1511 eos
832 1495 846 1522 ,
886 1465 937 1510 et
964 1463 1211 1520 operaba-

308 1543 455 1594 turP3
489 1535 659 1594 (erant
694 1533 859 1578 autem
890 1529 1211 1576 scenofacto-

314 1607 421 1652 riae
441 1601 603 1661 artis.)

376 1675 426 1718 4.
460 1671 529 1716 Et
555 1667 835 1727 disputabat
859 1666 915 1712 in
952 1674 1214 1724 synagoga

309 1753 401 1800 per
421 1753 569 1785 omne
590 1737 861 1793 sabbatum,
880 1733 1214 1789 interponens

310 1821 497 1855 nomen
508 1804 753 1852 Domini-l
758 1817 863 1862 eu,
878 1800 1214 1855 suadebatque

311 1876 515 1924 Judaeis
538 1875 589 1920 et
608 1870 831 1918 Graecis.

382 1947 427 1991 5.
483 1943 607 1988 Cum
654 1939 916 1986 venissent
950 1938 1118 1982 autem
1154 1932 1214 1978 de

314 2009 613 2058 Macedonia
641 2006 771 2053 Silas
802 2007 852 2051 et
873 2003 1165 2049 Timotheus
1176 2004 1217 2057 9,

314 2078 533 2123 instabat
550 2075 706 2119 verbo
727 2070 928 2127 Paulus,
943 2069 1216 2113 testificans

314 2142 519 2188 Judaeis
541 2152 652 2184 esse
674 2138 926 2181 Christum
942 2134 973 2179 J
978 2147 1132 2179 esum.

382 2212 428 2253 6.
451 2202 921 2251 contradicentibus
939 2203 1108 2245 autem
1124 2199 1216 2259 eis,

318 2278 368 2322 et
411 2270 898 2330 blasphemantibus,
956 2267 1218 2314 excutiens

317 2342 617 2389 vestimenta
664 2350 779 2396 sua,
828 2336 956 2383 dixit
1001 2335 1063 2381 ad
1102 2347 1218 2381 eos:

322 2408 535 2469 Sanguis
564 2407 734 2453 vester
764 2417 915 2462 super
944 2404 1091 2461 caput
1129 2415 1219 2448 ve-

322 2476 499 2526 strum!
530 2474 744 2523 mundus
774 2486 897 2532 ego,
938 2484 1005 2518 ex
1031 2470 1128 2516 hoc
1156 2469 1222 2515 ad

320 2547 506 2593 Gentes
525 2543 703 2591 vadam
714 2546 749 2585 ²².

386 2616 433 2659 7.
468 2614 537 2658 Et
568 2610 793 2667 migrans
830 2606 975 2665 inde,
1013 2605 1224 2651 intravit

319 2681 374 2725 in
393 2681 593 2726 domum
610 2676 689 2735 cuj
697 2676 883 2733 usdam,
895 2673 1102 2719 nomine
1118 2672 1223 2717 Titi

319 2747 476 2805 Justi,
508 2745 721 2793 colentis
747 2742 934 2799 Deum,
966 2740 1107 2797 qu'us
1129 2738 1222 2784 do-

319 2826 429 2858 mus
450 2815 558 2858 erat
576 2812 850 2870 conjuncta.
866 2818 1173 2868 synagogae.

388 2881 433 2923 8.
472 2880 707 2937 Crispus⁸
732 2881 900 2925 autem
926 2875 1222 2934 archisyna-

370 2982 387 3001 o
403 2986 443 3027 y.
462 2975 518 3010 18.
536 2976 597 3009 26.
632 2972 750 3009 Rom.
768 2977 835 3017 16,
855 2978 892 3011 3.
925 2977 946 3009 1
968 2971 1056 3010 Cor.
1076 2974 1143 3013 16,
1162 2974 1224 3007 19.

598 3045 607 3056 .
671 3026 694 3051 P
716 3030 749 3055 c.
766 3024 835 3063 20,
853 3024 917 3057 34.
959 3023 980 3055 1
1002 3020 1089 3055 Cor.
1106 3020 1147 3059 4,
1165 3020 1226 3053 12.

497 3070 531 3109 1,
549 3069 585 3102 9.
622 3069 643 3100 1
664 3062 810 3101 Thess.
828 3070 873 3110 2,
890 3070 929 3103 9.
994 3072 1012 3099 9
1032 3078 1064 3102 c.
1084 3068 1143 3105 17,
1162 3064 1224 3098 14.

489 3124 545 3194 οἷ.
585 3136 596 3152 ,
616 3114 673 3147 19.
718 3116 737 3135 ἲ
757 3122 789 3147 c.
808 3115 873 3154 13,
892 3114 951 3147 45.
980 3116 1040 3149 51.
1075 3115 1145 3153 20,
1162 3112 1222 3146 26.

442 3308 554 3363 Cap.
591 3304 747 3347 XVII.
830 3306 899 3345 34.
951 3302 1230 3357 Ariopagita.

538 142 803 199 Alc'rUs
852 132 1501 193 APOSTOLORUM.
1559 129 1725 180 CAP.
1761 128 1948 178 17.18.

1265 249 1426 299 gogus
1446 231 1884 280 crediditDomino
1898 245 2017 276 cum
2035 233 2186 277 omni

1266 309 1414 353 domo
1433 314 1551 358 sua3
1568 301 1620 346 et
1637 299 1780 344 multi
1791 297 2186 344 Corinthiorum

1267 371 1526 420 audientes
1547 366 1846 425 credebant,
1876 366 1928 411 et
1946 366 2184 424 baptiza-

1266 441 1462 489 bantur.

1333 510 1379 552 9.
1413 503 1561 550 Dixit
1580 502 1747 547 autem
1757 499 2007 545 Dominus
2027 502 2185 546 nocte

1267 586 1358 633 per
1378 567 1659 618 visionemt
1676 566 1869 613 Paulo:
1889 567 2014 613 Noli
2031 567 2186 612 time-

1268 655 1342 701 re,
1364 639 1452 686 sed
1472 639 1700 694 loquere,
1723 637 1774 680 et
1791 647 1859 680 ne
1877 632 2074 680 taceas!

1338 721 1419 765 10.
1455 719 1671 775 Propter
1690 714 1827 772 quod
1850 728 1954 772 ego
1976 727 2086 760 sum
2101 715 2186 759 te-

1273 800 1412 844 cum3
1432 790 1484 832 et
1501 796 1650 831 nemo
1672 783 1961 840 apponetur
1981 781 2098 840 tibi,
2125 783 2187 825 ut

1271 857 1454 901 noceat
1484 853 1563 910 te3
1595 850 1833 908 quoniam
1861 848 2084 906 populus
2109 849 2188 894 est

1271 922 1393 970 mihi
1411 919 1595 966 multus
1615 918 1670 962 in
1692 917 1785 962 hac
1805 915 2030 961 civitate.

1341 1004 1422 1048 11.
1460 999 1603 1046 Sedit
1627 999 1792 1043 autem
1816 994 1884 1041 ibi
1913 1007 2113 1040 annum
2140 995 2190 1040 et

1274 1084 1369 1117 sex
1387 1079 1604 1126 menses,
1619 1065 1803 1111 doeens
1815 1059 1944 1120 apud
1956 1074 2052 1107 eos
2067 1074 2186 1107 ver-

1275 1141 1391 1185 bum
1410 1135 1522 1181 Dei.

1344 1206 1423 1249 12.
1461 1200 1696 1247 Gallione
1711 1198 1874 1244 autem
1889 1208 2189 1254 proconsu-

1277 1272 1326 1318 le
1362 1269 1582 1316 Achaiae
1601 1299 1616 1326 ,
1655 1264 2040 1312 insurrexerunt
2071 1275 2188 1308 uno

1279 1339 1446 1384 animo
1468 1335 1648 1382 Judaei
1677 1335 1730 1380 in
1757 1331 1993 1389 Paulum,
2023 1331 2074 1376 et
2091 1330 2187 1375 ad·-

1281 1406 1537 1454 duxerunt
1556 1417 1669 1449 eum
1689 1401 1751 1446 ad
1769 1398 2010 1458 tribunal,

1348 1487 1428 1531 13.
1466 1485 1716 1530 dicentes:
1751 1479 1882 1532 Quia
1912 1480 2092 1526 contra
2112 1478 2189 1524 le-

1283 1567 1395 1612 gem
1418 1552 1499 1598 hic
1519 1549 1788 1609 persuadet
1799 1547 2088 1593 hominibus
2098 1558 2187 1590 co-

1280 1621 1390 1668 lere
1409 1619 1586 1665 Deum.

1350 1690 1430 1733 14.
1479 1685 1758 1742 Incipiente
1812 1683 1984 1727 autem
2033 1679 2188 1725 Paulo

1285 1755 1483 1814 aperire
1506 1767 1580 1812 os,
1603 1751 1732 1797 dixit
1746 1749 1912 1794 Gallio
1929 1748 1995 1793 ad
2004 1748 2034 1793 J
2039 1747 2189 1793 udae-

1285 1837 1369 1870 os:
1405 1822 1460 1868 Si
1479 1820 1678 1878 quidem
1697 1818 1832 1863 esset
1849 1816 2082 1872 iniquum
2100 1815 2191 1860 ali-

1285 1891 1430 1950 quid,
1468 1891 1554 1933 aut
1589 1885 1785 1932 facinus
1821 1883 2124 1942 pessimum,
2163 1895 2192 1926 o

1285 1958 1384 2005 viri
1420 1957 1450 2003 J
1453 1953 1622 2003 udaeil
1659 1953 1798 2000 recte
1836 1964 1932 1997 vos
1973 1950 2192 1997 sustine-

1283 2039 1418 2082 rem;

1354 2094 1435 2137 15.
1473 2090 1517 2137 si
1553 2100 1678 2135 vero
1713 2086 2043 2145 quaestiones
2079 2086 2196 2131 sunt

1288 2158 1350 2205 de
1369 2160 1552 2216 verbo,
1585 2160 1636 2203 et
1653 2150 1942 2201 nominibus
1957 2184 1972 2213 ,
2014 2154 2066 2199 et
2084 2153 2194 2210 lege

1289 2228 1484 2284 vestra,
1506 2238 1598 2270 vos
1625 2222 1724 2281 ipsi
1742 2220 2004 2278 videritis3
2031 2220 2196 2266 Judex

1289 2308 1385 2353 ego
1405 2294 1588 2340 horum
1604 2290 1728 2336 nolo
1751 2302 1862 2334 esse
1871 2293 1912 2333 ὕ.

1356 2376 1436 2419 16.
1470 2372 1538 2419 Et
1555 2370 1768 2417 minavit
1787 2382 1876 2415 eos
1891 2381 1920 2414 a
1937 2366 2194 2415 tribunali.

1356 2456 1437 2500 17.
1506 2449 1958 2509 Apprehendentes
2035 2448 2197 2493 autem

1291 2534 1464 2567 omnes
1517 2519 1856 2567 Sosthenem⁹
1914 2515 2200 2573 principem

1290 2600 1616 2648 synagogae,
1680 2582 2037 2644 percutiebant
2088 2595 2198 2627 eum

1290 2658 1406 2701 ante
1448 2652 1698 2711 tribuna13
1755 2653 1807 2698 et
1846 2649 1979 2695 nihil
2025 2662 2198 2695 eorum

1292 2722 1515 2769 Gallioni
1535 2735 1684 2768 curae
1711 2719 1837 2765 erat.

1359 2802 1438 2845 18.
1483 2798 1668 2844 Paulus
1715 2807 1843 2841 vero
1887 2806 2003 2839 cum
2043 2792 2198 2837 adhuc

1293 2866 1613 2913 sustinuisset
1625 2864 1731 2909 dies
1741 2861 1945 2919 multos,
1959 2858 2198 2906 fratribus

1291 2934 1627 2991 valefaciens,
1648 2927 1909 2987 navigavit
1927 2928 1984 2973 in
2005 2925 2201 2985 Syriam

1291 3004 1368 3063 (et
1385 3016 1498 3048 cum
1517 3013 1578 3046 eo
1591 2996 1822 3045 Priscilla
1841 2996 1894 3041 et
1902 2992 2104 3051 Aquila,
2117 2992 2201 3049 qui

1338 3113 1411 3145 Φ(ι.
1437 3112 1504 3152 16,
1529 3113 1567 3147 9.
1614 3110 1684 3149 23,
1711 3110 1769 3143 11.
1834 3102 1962 3139 '‘Joh.
1983 3105 2054 3145 18,
2079 3106 2138 3139 31.
2183 3108 2202 3125 ⁹

1293 3161 1316 3194 1
1336 3156 1427 3193 Cor.
1446 3161 1482 3198 1,
1502 3160 1538 3192 1.

1360 3301 1542 3347 xvm.
1618 3307 1661 3345 3.
1702 3298 2105 3343 scenaefactoriae.
2163 3301 2204 3338 1-

329 3364 504 3407 Desunt
520 3360 659 3405 verba
677 3361 969 3411 interponens
987 3370 1147 3399 nomen
1177 3359 1358 3401 Domini
1377 3359 1514 3409 Jesu;
1543 3358 1652 3402 ibid.
1684 3357 1886 3400 Judaeos
1915 3359 1962 3396 et
1992 3352 2204 3395 Graecos·

331 3424 371 3459 5.
404 3432 431 3459 a
449 3416 729 3460 Macedonia.
792 3418 857 3453 11.
889 3412 1131 3461 Deestibi3
1158 3414 1268 3456 ibid.
1303 3414 1468 3457 docens
1495 3416 1543 3457 in
1572 3416 1653 3457 eis.
1714 3415 1780 3453 15.
1812 3408 1994 3462 etlegis
2011 3413 2194 3451 vestrae

336 3476 401 3514 16.
433 3480 479 3515 et
498 3472 723 3516 eminavit·

784 3472 849 3509 18.
883 3466 1055 3519 Syriam
1078 3468 1224 3521 (deest
1238 3468 1323 3522 in).
