2376 3925
343 184 577 237 EPIST.
615 184 827 236 PAULI
860 186 957 237 AD
994 187 1445 241 TIMOTHEUM
1480 190 1521 240 Ι.
1561 193 1711 243 CAP.
1734 196 1782 243 1.

195 290 282 333 15.
325 289 382 332 et
419 288 577 333 nolite
615 288 758 345 quasi
794 288 1048 335 inimicum

1918 194 2019 246 329

1183 292 1263 337 17.
1302 292 1565 353 Salutatio,
1584 309 1695 341 mea
1714 310 1864 342 manu
1882 298 2015 344 Pau-

121 355 465 414 existimare,
494 354 584 400 sed
611 354 850 412 corripite
872 358 924 401 ut
941 358 1047 401 fra·
1112 356 1178 415 1i3
1200 359 1333 415 quod
1353 362 1430 405 est
1449 361 1646 419 signum
1674 363 1728 408 in
1751 363 1888 410 omni
1908 365 2014 423 epi-

117 425 258 467 trem
270 414 311 467 ὅ.

193 490 280 533 16.
317 488 443 545 Ipse
479 489 645 534 eutem
673 488 920 535 Dominus
955 502 1045 547 pe·-

121 555 198 601 cis
218 556 310 601 det
333 554 483 600 vobis
503 568 675 613 pacem
694 556 1046 614 sempiternam

120 624 176 667 in
198 622 350 667 omni
371 621 509 668 loco.
577 623 820 669 Dominus
850 624 916 669 sit
935 637 1044 671 cum

123 690 372 736 omnibus
395 689 553 736 vobis.

166 764 184 791 ὅ
202 770 222 801 1
246 764 412 801 Thess.
430 767 468 808 5,
486 768 546 802 14.

1115 424 1248 471 stola
1256 432 1292 471 0.
1362 428 1439 473 Ita
1457 428 1639 475 scribo.

1182 528 1261 571 18.
1300 526 1473 573 Gratia
1490 528 1695 574 Domini
1712 531 1876 577 nostri
1892 534 1925 578 J
1926 545 2015 578 esu

1115 593 1304 639 Christi
1324 607 1435 639 cum
1465 595 1695 641 omnibus
1716 599 1875 643 vobis.
1945 602 2016 644 A·

1109 673 1243 706 men.

1157 773 1174 793 ⁰
1192 773 1213 805 1
1234 767 1324 805 Cor.
1344 772 1403 813 16,
1420 773 1482 807 21.

802 930 1352 979 ψ

245 1040 1214 1179 EPISTOLA
1342 1098 1901 1186 PAULI

1015 1262 1130 1314 AD

463 1384 1536 1458 TIMOTHEIJM
1615 1392 1693 1459 Ι.

459 1649 629 1700 CAP.
676 1650 718 1700 1.

123 1732 176 1774 In
205 1730 480 1775 memoriam
503 1734 709 1779 revocat,
740 1743 854 1785 quae
883 1730 1040 1774 Timo-

121 1786 282 1829 theum
333 1785 562 1827 docuerat.
627 1784 732 1827 Lex
776 1786 1042 1838 injustorum

127 1838 270 1885 causa
293 1840 408 1881 data
427 1844 511 1881 est·
569 1841 726 1882 Monet
737 1839 1039 1893 Timotheum,

224 1899 282 1939 ut
303 1901 494 1937 strenuo
513 1894 674 1938 similis
692 1897 774 1939 fiat
790 1896 940 1940 militi.

171 2001 220 2044 1.
247 1975 309 2046 P
312 1995 460 2043 aulus
471 1997 744 2054 Apostolus
756 1998 880 2044 Iesu
892 1998 1039 2044 Chri-

128 2065 192 2110 sti
211 2064 494 2112 secundum
523 2065 788 2123 imperium
809 2066 908 2112 Dei
925 2066 1039 2113 Sal-

125 2133 323 2178 vetoris
363 2131 554 2192 nostri,
603 2134 656 2179 et
673 2163 676 2166 -
693 2132 881 2180 Christi
915 2135 1039 2180 Jesu

125 2200 235 2255 spei
253 2202 484 2245 nostrae.
1014 2227 1020 2237 ·

191 2267 239 2311 2.
279 2266 590 2312 Timotheo⁰
607 2265 791 2314 dilecto
817 2261 956 2314 finob
983 2269 1037 2314 in

130 2331 225 2378 fide
245 2334 442 2393 gratia,
461 2332 837 2393 misericordia,
869 2337 920 2381 et
937 2349 1040 2393 pax

126 2411 155 2442 a
173 2399 285 2446 Deo
306 2402 478 2458 Patre,
499 2401 550 2446 et
570 2400 769 2449 Christo
789 2403 914 2449 Jesu
927 2403 1038 2450 Do-

124 2465 260 2512 mino
281 2471 480 2514 nostro.

193 2534 238 2578 3.
277 2536 424 2582 Sicut
440 2535 622 2592 rogavi
639 2537 709 2593 te,
729 2537 786 2581 ut
801 2549 1037 2583 remane-

125 2611 206 2644 res
224 2601 439 2660 Ephesi,
456 2616 568 2648 cum
585 2602 712 2648 irem
731 2603 1038 2650 inMacedo-

127 2665 262 2714 niam
275 2676 315 2729 0,
366 2670 423 2714 ut
459 2669 790 2717 denunciares
830 2671 1036 2728 quibus-

130 2731 256 2793 dam,
277 2750 348 2782 ne
367 2735 516 2781 aliter
536 2735 794 2801 docerent,

191 2803 241 2847 4.
266 2816 436 2859 neque
456 2801 779 2849 intenderent
795 2803 977 2850 fabulis
990 2797 1034 2864 ἆ,

132 2868 181 2911 et
245 2868 566 2927 genealogiis
586 2874 606 2897 ⁶
673 2870 1034 2929 interminatis3

133 2946 258 2988 quae
287 2936 614 2994 quaestiones
644 2940 902 2993 praestant
927 2951 1035 2983 ma-

134 3001 209 3056 gis
222 3033 237 3060 ,
281 3016 432 3060 quam
477 3002 876 3051 aedificationem
917 3005 1034 3063 Dei,

133 3079 258 3122 quae
278 3072 358 3118 est
375 3071 429 3116 in
447 3070 559 3116 fide.

175 3160 197 3179 ⁸
213 3155 307 3192 Act.
325 3159 385 3198 16,
404 3160 440 3193 1.
504 3155 522 3182 ὃ
537 3153 648 3192 Phil.
662 3158 700 3197 2,
718 3157 778 3193 22.
832 3161 850 3182 ⁸
863 3153 954 3192 Act.
973 3159 1036 3198 20,

135 3201 169 3232 l·
213 3199 235 3226 ἅ
252 3205 277 3236 2
295 3200 401 3238 Tim,
419 3206 460 3244 4,
479 3205 517 3240 4.
543 3201 626 3238 Tit.
645 3206 680 3244 1,
700 3203 758 3238 14.
806 3208 824 3228 θ
841 3200 924 3238 Tit.
941 3206 978 3244 3,
997 3206 1034 3239 9.

135 3245 158 3276 2
178 3243 267 3282 Cor.
287 3252 348 3290 11,
365 3251 425 3284 22.

1174 1658 1222 1701 5.
1257 1656 1401 1703 Finis
1438 1661 1605 1704 autem
1643 1661 1899 1717 praecepti
1936 1662 2015 1707 est

1107 1718 1373 1768 charitass
1393 1724 1453 1770 de
1474 1726 1627 1771 corde
1645 1739 1792 1785 puro,
1814 1730 1867 1773 et
1885 1740 2012 1773 con-

1107 1788 1321 1834 scientia
1342 1792 1493 1850 bona,
1515 1794 1567 1837 et
1584 1793 1679 1838 fide
1696 1806 1803 1838 non
1822 1796 1960 1850 ficta3

1175 1858 1223 1899 6.
1260 1868 1290 1900 a
1326 1857 1505 1911 quibus
1542 1858 1739 1915 quidam
1768 1861 2011 1905 aberran-

1105 1923 1201 1981 tes,
1207 1934 1336 1970 conv
1342 1924 1445 1970 ersi
1456 1928 1573 1970 sunt
1583 1926 1638 1971 in
1650 1926 2009 1987 vaniloquium,

1173 1991 1221 2036 7.
1258 1991 1489 2038 volentes
1520 2006 1630 2039 esse
1664 1993 1795 2052 legis
1833 1995 2011 2041 docto-

1104 2069 1207 2117 res,
1220 2071 1326 2104 non
1337 2058 1681 2118 intelligentes
1700 2075 1863 2118 neque
1884 2076 2011 2119 quae

1103 2124 1398 2186 loquuntur,
1409 2140 1574 2185 neque
1597 2128 1657 2174 de
1678 2129 1855 2185 quibus
1874 2131 2009 2175 affir-

1103 2195 1259 2239 mant.

1171 2262 1217 2305 8.
1256 2261 1449 2307 Scimus
1488 2265 1653 2309 autem
1673 2294 1687 2321 ‚
1726 2264 1843 2320 quia
1877 2267 2011 2311 bona

1105 2328 1182 2372 est
1200 2327 1352 2387 laxe,
1382 2329 1425 2374 si
1444 2331 1555 2386 quis
1576 2343 1637 2377 ea
1654 2331 1877 2388 legitime
1894 2336 2008 2377 uta-

1103 2396 1215 2451 tur;

1173 2463 1219 2505 9.
1256 2461 1421 2508 sciens
1448 2463 1564 2521 hoc,
1604 2463 1721 2519 quia
1747 2464 1835 2509 lex
1866 2465 2006 2520 justo

1103 2540 1210 2572 non
1230 2531 1308 2572 est
1326 2522 1556 2586 positah,
1588 2528 1675 2574 sed
1704 2530 1933 2588 injustis,
1956 2535 2007 2576 et

1102 2607 1210 2639 non
1228 2595 1463 2653 subditis,
1491 2595 1657 2653 impiis
1670 2627 1685 2653 ‚
1705 2598 1755 2641 et
1771 2600 2008 2652 peccato-

1101 2661 1259 2720 ribus,
1272 2662 1552 2721 sceleratis,
1564 2665 1616 2708 et
1634 2663 2005 2722 contaminatis,

1102 2729 1385 2789 parricidis,
1425 2732 1478 2776 et
1510 2729 1801 2788 matricidis,
1840 2731 2005 2778 homi-

1105 2795 1247 2855 cidis,

1170 2864 1251 2907 10.
1305 2861 1623 2919 fornicariis,
1671 2864 2005 2912 masculorum

1103 2929 1513 2974 concubitoribus
1525 2959 1538 2986 ‚
1560 2928 1815 2987 plagiariis
1826 2962 1840 2990 ,
1860 2946 2003 2978 men-

1104 2995 1325 3054 dacibus,
1364 2998 1415 3040 et
1449 2996 1687 3056 periuris,
1726 3000 1776 3044 et
1810 2999 1855 3044 si
1886 2999 2004 3056 quid

1102 3063 1238 3108 aliud
1249 3075 1403 3108 sanae
1416 3063 1675 3110 doctrinae
1689 3065 2001 3122 adversatur,

1169 3127 1249 3174 11.
1286 3143 1413 3186 quae
1444 3133 1520 3176 est
1538 3132 1808 3178 secundum
1826 3131 2001 3178 Evan-

1145 3201 1172 3235 ἰ
1187 3204 1277 3241 Joh.
1305 3210 1373 3248 13,
1400 3209 1463 3243 34.
1489 3210 1547 3244 35.
1610 3213 1635 3240 ε
1651 3206 1765 3244 Rom.
1783 3211 1829 3250 7,
1855 3209 1912 3243 12.
1938 3207 1999 3243 14.

1101 3248 1122 3276 ἢ
1142 3250 1234 3287 Gai.
1252 3255 1289 3292 3,
1310 3256 1367 3288 19.

247 3394 362 3448 Cap.
392 3393 482 3436 111.
543 3398 609 3438 16.
639 3395 860 3438 Dominus
881 3409 976 3438 cum
997 3398 1141 3449 (deest
1158 3398 1258 3453 sit).

249 3447 360 3504 Gap.
392 3449 429 3491 Ι.
487 3453 528 3492 3.
557 3451 800 3494 remanetis
822 3451 1070 3506 (sic);ibid·
1090 3458 1136 3495 et
1157 3455 1443 3498 denuntiares
1464 3456 1607 3508 (deest
1626 3459 1770 3497 altero
1787 3455 1890 3497 *loco
1912 3456 1993 3506 ut)-

140 3503 178 3540 9.
211 3506 460 3556 patricidis.
515 3511 590 3548 io.
621 3506 818 3562 perjuris
841 3507 986 3560 (deest
1003 3511 1086 3563 et).

1510 3571 1597 3614 02
