2376 3925
268 161 333 210 32

537 359 704 411 CAP.
762 361 907 412 XIX.

292 461 363 502 De
400 461 705 508 matrimonio,
746 460 803 502 de
834 460 1063 510 eunuchis,
1104 461 1159 502 do

626 515 814 558 divitiis.

340 611 387 653 1.
422 607 521 653 rEt
552 610 740 655 factum
777 611 871 667 est,
910 622 1023 654 cum
1052 622 1179 655 con-

274 678 569 721 summasset
583 677 615 722 J
618 689 731 722 esus
754 688 1012 722 sermones
1033 675 1177 735 istos,

273 743 513 801 migravit
544 756 574 788 a
604 742 845 800 Galilaea,
883 745 937 788 et
961 743 1178 788 venitin

273 812 397 856 fines
418 811 448 855 J
451 809 639 856 udaeae
658 810 797 854 trans
818 809 848 853 J
852 809 1111 869 ordanem,

342 879 388 922 2.
426 879 476 922 et
494 879 695 922 secutae
716 878 836 921 sunt
864 890 978 922 eum
1001 878 1178 924 turbae

274 945 477 1002 multae,
500 945 552 988 et
570 943 768 988 curavit
784 956 871 988 eos
892 944 977 990 ibi.

343 1013 387 1056 3.
424 1009 494 1056 Et
510 1013 834 1055 accesserunt
844 1010 907 1056 ad
921 1024 1035 1057 eum
1045 1010 1179 1056 Pha-

275 1076 427 1123 risaei
447 1077 701 1122 tentantes
714 1090 843 1136 eum,
857 1079 909 1123 et
930 1077 1176 1124 dicentes:

276 1144 331 1190 Si
349 1143 469 1188 licet
486 1142 681 1190 homini
695 1143 944 1191 dimittere
962 1157 1181 1192 uxorem

276 1222 431 1269 susm,
456 1223 751 1268 quacunque
772 1225 841 1258 ex
862 1225 1027 1258 causa.

342 1279 389 1322 4.
428 1276 851 1335 Quirespondens
867 1280 939 1324 ait
948 1280 1022 1326 eis
1036 1292 1048 1326 :
1062 1279 1180 1325 Non

275 1344 473 1402 legistis
489 1357 503 1390 z
526 1344 673 1404 Quia,
688 1347 773 1402 qui
786 1348 909 1392 fecit
925 1347 1181 1394 hominem

278 1415 338 1457 ab
358 1411 525 1470 initio,
548 1412 862 1470 „masculum
872 1416 924 1460 et
942 1413 1182 1460 feminam

276 1478 437 1538 „fecit
458 1491 547 1524 eos
563 1478 618 1536 ;“
641 1481 693 1524 et
715 1479 867 1525 dixit:

345 1547 391 1590 5.
427 1545 682 1604 „Propter
693 1546 789 1592 hoc
804 1547 1016 1593 dimittet
1027 1548 1180 1594 homo

274 1613 507 1674 „patrem
526 1614 579 1658 et
597 1614 833 1673 matrem,
866 1616 918 1661 et
936 1614 1180 1662 adhaere-

277 1678 389 1740 „bit
403 1679 562 1725 uxori
582 1693 703 1726 suae
717 1711 731 1740 ,
758 1683 811 1727 et
837 1684 988 1727 erunt
1008 1681 1106 1728 duo
1126 1682 1179 1729 in

276 1761 469 1808 „carne
487 1760 590 1793 una
599 1746 672 1794 ⁸.“

344 1817 391 1860 6.
428 1816 601 1872 Itaque
636 1815 742 1872 jam
782 1829 889 1863 non
920 1819 1039 1864 sunt
1062 1817 1180 1877 duo,

276 1881 485 1930 seduna
514 1894 650 1929 caro.
722 1882 869 1935 Quod
898 1897 1022 1942 ergo
1044 1885 1182 1931 Deus

276 1950 563 2011 conjunxit,
584 1950 736 1998 homo
760 1966 866 1998 non
890 1953 1106 2011 separet.

340 2018 387 2063 7.
420 2018 610 2063 Dicunt
624 2017 726 2063 illi:
744 2017 876 2071 Quid
888 2032 1011 2075 ergo
1029 2020 1181 2077 Moy-

276 2096 357 2129 ses
376 2083 661 2129 mandavit‘
692 2084 812 2129 dare
843 2083 1070 2130 libellum
1093 2097 1181 2131 re-

276 2149 431 2207 pudii,
455 2151 507 2194 et
527 2149 809 2195 dimittere?

342 2217 399 2259 8..
424 2214 511 2260 Ait
536 2214 661 2261 illis:
698 2216 950 2268 Quoniam
972 2218 1180 2277 Moyses

275 2281 339 2327 ad
361 2280 593 2327 duritiam
612 2282 781 2328 cordis
802 2284 961 2330 vestri
989 2286 1179 2342 permi-

274 2349 342 2393 sit
383 2348 529 2395 vobis
561 2349 811 2395 dimittere
848 2364 1043 2398 uxores
1084 2366 1179 2399 ve-

275 2419 436 2473 stran
478 2418 539 2462 ab
574 2416 722 2462 initio
751 2418 919 2464 autem
948 2432 1055 2465 non
1082 2421 1181 2467 fuit

274 2496 365 2530 sic.

342 2554 389 2596 9.
424 2552 554 2598 Dico
608 2553 775 2597 nutem
812 2552 985 2599 vobis:
1048 2554 1181 2608 Quia

275 2619 571 2677 quicumque
592 2618 838 2665 dimiserit
854 2632 1072 2667 uxorem
1091 2635 1180 2668 su-

274 2698 371 2744 am,
392 2686 491 2732 nisi
514 2690 577 2732 ob
599 2686 1008 2746 fornicationem,
1023 2690 1074 2733 et
1084 2689 1181 2735 ali-

277 2762 358 2795 am
387 2750 608 2814 duxerit,
648 2754 968 2811 moechatur3
1012 2756 1063 2801 et
1095 2756 1177 2812 qui

279 2817 531 2864 dimissum
549 2821 770 2882 duxerit,
791 2822 1086 2869 moechatur
1094 2828 1135 2870 ¹⁴.

343 2886 424 2928 10.
458 2885 650 2932 Dicunt
684 2889 733 2935 ei
769 2889 1001 2947 discipuli
1039 2889 1179 2948 ejus:

279 2952 332 2998 Si
380 2952 452 2996 ita
500 2954 578 2997 est
626 2967 775 3000 causa
810 2957 1029 3003 hominis
1069 2971 1180 3004 cum

278 3031 462 3077 uxore,
486 3032 593 3064 non
614 3021 821 3078 expedit
838 3026 1044 3071 nubere.

323 3122 343 3135 ⁹
356 3126 395 3151 v.
414 3118 557 3152 1—12.
573 3114 700 3151 Marc.
721 3120 779 3157 10,
798 3121 938 3156 1—12.
986 3126 1002 3145 ¹
1022 3120 1121 3159 Gen.
1141 3124 1180 3165 2,

277 3166 338 3199 21.
384 3165 405 3187 f
420 3160 543 3198 Dent.
560 3163 625 3204 24,
643 3166 677 3198 1.
725 3168 747 3187 ¹⁸
767 3173 800 3199 c.
816 3166 853 3205 5,
863 3168 923 3202 32.
940 3166 1108 3211 Lucas,
1119 3171 1177 3205 18.

754 157 1293 211 MATTHAEUS.
1365 158 1532 210 cAP.
1570 160 1652 209 19.

1309 263 1390 306 11.
1428 261 1528 313 Qui
1545 260 1814 306 dixitillis:
1831 259 1949 305 Non
1969 273 2150 306 omnes

1244 327 1448 385 capiunt
1465 329 1676 374 verbum
1692 327 1842 387 istud,
1859 326 1947 373 sed
1968 327 2150 383 quibus

1245 395 1412 441 dutum
1429 397 1509 440 est
1519 401 1559 439 ν.

1311 463 1391 507 12.
1429 462 1559 508 Sunt
1574 461 1711 507 enim
1729 459 1964 519 eunuchi,
1977 461 2062 518 qui
2085 461 2148 508 de

1242 529 1417 574 matris
1449 530 1599 574 utero
1639 527 1714 573 sic
1749 527 1858 573 nati
1895 530 2042 586 sunt3
2099 531 2152 573 et

1245 597 1363 642 sunt
1390 594 1635 653 eunuchi,
1672 595 1758 651 qui
1786 595 1912 641 facti
1939 597 2062 642 sunt
2087 598 2150 642 ab

1244 662 1557 720 hominib=123
1581 664 1632 708 et
1649 663 1769 708 sunt
1785 662 2033 722 eunuchi,
2065 663 2154 720 qui

1246 743 1300 776 se
1325 730 1464 788 ipsos
1491 731 1890 776 castraveruntw
1937 732 2152 787 propter

1243 809 1456 854 regnum
1489 796 1764 842 coelorum.
1853 795 1953 849 Qui
1980 799 2154 854 potest

1245 876 1446 922 capere,
1473 862 1664 922 capiat!

1313 931 1394 976 13.
1425 932 1608 977 “Tunc
1631 929 1788 977 oblati
1818 932 1938 975 sunt
1961 931 2014 977 ei
2032 944 2154 989 par-

1245 997 1380 1057 vuli,
1401 1000 1457 1043 ut
1473 1010 1650 1044 manus
1671 998 1746 1045 eis
1765 997 2082 1056 imponeret,
2103 1001 2158 1044 et

1247 1066 1434 1112 oraret.
1503 1064 1753 1122 Discipuli
1781 1067 1948 1111 sutem
1979 1064 2156 1112 incre-

1247 1134 1434 1191 pabant
1457 1145 1564 1178 eos.

1315 1201 1396 1244 14.
1431 1198 1580 1244 Iesus
1603 1211 1729 1246 vero
1758 1197 1830 1243 uit
1855 1197 1956 1245 eis:
1987 1197 2156 1245 Sinite

1247 1264 1512 1324 parvulos!
1545 1268 1599 1312 et
1615 1265 1776 1312 nolite
1800 1277 1892 1312 eos
1909 1264 2155 1324 prohibe-

1245 1347 1306 1380 -re
1325 1332 1389 1378 ad
1405 1346 1484 1378 me
1505 1333 1708 1391 venire;
1727 1331 1903 1378 talium
1919 1333 1998 1378 est
2017 1333 2157 1378 enim

1247 1413 1459 1458 regnum
1483 1399 1800 1446 coelorumy.

1316 1468 1396 1513 15.
1431 1466 1503 1512 Et
1545 1481 1657 1513 cum
1707 1467 2032 1524 imposuisset
2081 1467 2157 1513 eis

1247 1547 1444 1594 manus,
1464 1534 1587 1580 abiit
1605 1533 1738 1580 inde.

1317 1603 1397 1646 16.
1432 1602 1534 1646 ‘Et
1553 1599 1694 1647 ecce!
1724 1613 1856 1647 unu·
1885 1599 2158 1662 accedens,

1250 1668 1323 1713 ait
1338 1667 1441 1714 ini:
1462 1668 1710 1726 Magister
1731 1665 1888 1714 bone!
1919 1667 2040 1724 quid
2055 1669 2160 1714 bo-

1247 1735 1305 1781 ni
1323 1735 1520 1795 faciam,
1530 1737 1588 1781 ut
1597 1734 1806 1782 habeam
1817 1735 1972 1782 vitam
1983 1739 2160 1782 aeter-

1249 1815 1366 1848 num
1379 1802 1400 1848 ³

1318 1871 1399 1915 17.
1437 1869 1536 1922 Qui
1556 1869 1687 1915 dixit
1706 1870 1776 1915 ei:
1809 1868 1942 1921 Quid
1966 1883 2048 1916 me
2071 1870 2160 1916 in-

1250 1937 1483 1996 terrogas
1506 1937 1565 1983 de
1586 1937 1755 1983 bono?
1785 1937 1925 1983 Unus
1957 1938 2036 1984 est
2061 1939 2159 1985 bo-

1249 2018 1344 2050 nus
1365 2003 1524 2050 Deus!
1557 2005 1614 2051 Si
1633 2006 1800 2053 autem
1819 2005 1900 2051 vis
1919 2005 1982 2050 ad
1999 2004 2162 2052 vitam

1249 2070 1468 2129 ingredi,
1486 2084 1637 2117 servu
1658 2070 1947 2119 mandataal

1316 2150 1396 2195 18.
1431 2148 1570 2195 Dicit
1585 2149 1686 2195 illi:
1711 2149 1885 2201 Quae?
1900 2149 2049 2195 Jesus
2061 2162 2161 2198 au-

1249 2217 1352 2263 tem
1371 2216 1526 2263 dixit:
1559 2217 1714 2276 „Non
1734 2216 2058 2263 homicidium
2075 2218 2161 2263 fa-

1248 2284 1417 2344 „cies;
1437 2285 1556 2330 Non
1577 2283 1911 2342 adulterabi83
1938 2284 2057 2329 Non
2075 2285 2160 2330 fs.-

1249 2352 1391 2411 „cies
1423 2353 1636 2408 furtum3
1666 2352 1784 2397 Non
1803 2351 1986 2397 falsum
2009 2351 2163 2398 testi·

1249 2418 1512 2478 „monium
1531 2418 1667 2465 dices
1681 2432 1698 2476 ς

1316 2487 1398 2531 19.
1435 2486 1688 2544 „Honora
1713 2486 1906 2544 patrem
1936 2486 2077 2531 tuum
2109 2489 2165 2533 et

1249 2554 1498 2613 „matrem
1507 2550 1698 2609 tuam;“
1711 2555 1778 2611 et,
1791 2551 2022 2610 „Diliges
2031 2565 2163 2609 pro-

1249 2619 1481 2679 „ximum
1500 2621 1640 2664 tuum
1661 2618 1792 2665 sicut
1803 2612 2114 2676 teipsumb.“

1315 2688 1396 2732 20.
1432 2686 1570 2732 Dicit
1586 2686 1665 2733 im
1686 2682 2013 2734 adokscensz
2034 2687 2163 2733 Om-

1249 2753 1335 2800 nis
1379 2753 1504 2799 haec
1540 2753 1794 2800 custodivi
1833 2766 1863 2799 s
1887 2753 2160 2811 juventute

1251 2832 1390 2879 mem
1413 2820 1530 2878 quid
1553 2821 1714 2869 adhuc
1731 2820 1856 2867 mihi
1875 2820 2048 2867 deest?

1295 2946 1315 2965 ⁹
1332 2943 1353 2975 1
1375 2937 1464 2977 Cor.
1482 2943 1517 2982 7,
1533 2942 1569 2977 9.
1588 2942 1646 2977 17.
1701 2944 1735 2966 ¹⁰
1752 2943 1775 2975 1
1791 2937 1881 2977 Cor.
1900 2942 1936 2982 7,
1953 2941 2012 2975 27.
2068 2945 2100 2963 θ
2116 2950 2160 2976 v.

1249 2988 1297 3021 18
1311 3004 1362 3013 —-
1377 2989 1434 3023 15.
1482 2986 1611 3021 blare.
1637 2990 1700 3028 10,
1725 2990 1771 3022 13
1786 3004 1834 3013 ·-
1853 2988 1910 3022 16.
1965 2984 2064 3022 Luc.
2095 2988 2161 3029 18,

1248 3034 1414 3069 15—17.
1471 3040 1495 3067 Y
1515 3044 1546 3069 c·
1564 3035 1625 3075 18,
1642 3036 1680 3069 3ο
1736 3039 1754 3057 ⁸
1772 3042 1811 3069 v·
1830 3035 1995 3069 lss—ae·
2027 3031 2163 3070 Μιῖῧ.

1247 3081 1309 3121 10,
1327 3082 1497 3117 17-31.
1520 3075 1622 3115 Luc.
1641 3080 1701 3120 18,
1719 3080 1886 3115 18—30.
1933 3084 1955 3103 ⁸
1970 3076 2071 3114 Luc.
2089 3081 2158 3120 10,

394 3321 507 3376 Cap.
535 3316 674 3362 xlx,
730 3321 771 3359 1.
800 3319 927 3358 trans
956 3316 1206 3363 soi-danen.
1259 3326 1302 3365 4.
1333 3322 1448 3365 fecit
1474 3322 1531 3363 ab
1559 3324 1689 3365 initio
1717 3323 1864 3377 (deest
1889 3321 2159 3377 hominem).

282 3382 323 3419 5.
346 3378 547 3420 dimittit.
604 3378 647 3416 Ἰ.
674 3372 843 3415 Moses.
900 3376 940 3413 8.
968 3386 1059 3415 non
1086 3377 1151 3417 sie
1168 3376 1274 3419 fuit.
1332 3381 1400 3419 1⁰.
1421 3377 1706 3421 hominicola
1725 3379 1930 3422 muliere.
1987 3382 2055 3422 ss.
2077 3380 2160 3435 qui

284 3434 405 3474 dixit
432 3434 575 3486 (deest
598 3428 734 3482 illis).
774 3430 841 3470 19.
869 3426 1041 3492 §tonora
1069 3434 1245 3483 patrem
1271 3435 1319 3475 et
1341 3436 1528 3477 matrem
1557 3435 1746 3489 (absunt
1769 3439 1892 3479 tunm
1917 3439 1966 3477 et
1988 3436 2158 3489 tuam).

283 3490 352 3527 20.
374 3486 637 3529 adulescens
657 3486 799 3540 (deest
818 3495 846 3524 ο.
860 3488 1096 3535 ‚uvantute
1116 3487 1254 3541 mea).
