2376 3925
277 162 308 209 2
745 142 1282 200 MATTHAEUS.
1354 141 1523 195 CAP.
1561 142 1681 191 1.2.

273 216 2164 249 ...-.....-.--—-——--—————-——--—------

279 259 420 306 thiel.
509 253 751 303 salathiel
795 253 961 298 autem
1008 248 1184 307 genuit

282 323 582 372 zorobabel.
982 365 998 380 ,

347 395 427 438 13.
464 386 751 436 zorobabel
800 386 967 431 autem
1010 381 1184 442 genuit

280 459 456 510 Abiud.
504 454 666 502 Abiud
679 456 843 500 autem
856 452 1030 510 genuit
1039 450 1182 494 Elia-

285 528 395 574 cim.
429 523 640 570 Eliacim
661 523 828 568 autem
846 518 1180 577 genuitAzor.

350 594 430 638 14.
466 593 602 637 Azor
621 592 787 636 autem
812 587 986 645 genuit
1005 584 1180 629 Sadoc.

287 659 448 707 Sadoc
516 660 682 704 autem
753 653 927 712 genuit
991 650 1182 696 Achim.

286 726 461 774 Achim
479 717 644 770 autem
665 721 840 780 genuit
855 717 1023 764 Eliud.

354 796 435 838 15.
470 791 618 838 Eliud
649 791 813 836 autem
839 786 1014 844 genuit
1029 784 1184 831 Elea-

289 875 392 908 zar.
459 859 675 905 Eleazar
695 855 858 900 autem
879 853 1053 911 genuit
1070 853 1184 896 Ma-

288 929 424 975 than.
493 923 699 969 Mathan
717 922 883 967 autem
902 919 1077 978 genuit
1094 920 1183 963 Ja-

293 998 403 1042 cob.

355 1062 436 1106 16.
471 1058 627 1104 Jacob
639 1057 802 1102 autem
814 1053 987 1114 genuit
994 1051 1186 1108 Ioseph

291 1130 455 1174 virum
477 1123 697 1181 Mariae,
729 1122 791 1168 de
818 1135 916 1178 qua
941 1124 1090 1168 natus
1111 1119 1190 1164 est

287 1197 474 1252 JESUS,
495 1191 582 1248 qui
598 1191 810 1236 vocatur
831 1188 1076 1233 Christus.

353 1273 434 1316 17.
473 1271 658 1315 Omnes
687 1269 855 1324 itaque
895 1264 1186 1324 generatio-

287 1353 379 1386 nes
399 1340 460 1384 ab
481 1336 730 1383 Abraham
750 1347 902 1389 usque
923 1333 984 1377 ad
1003 1330 1186 1388 David,

289 1405 646 1465 generationes
667 1399 1066 1458 quatuordecim3
1089 1399 1140 1443 et
1159 1409 1188 1440 a

287 1472 456 1519 David
491 1483 648 1526 usque
687 1468 750 1513 ad
782 1464 1187 1522 transmigratio-

289 1553 406 1586 nem
462 1535 760 1594 Babylonis‚
833 1532 1188 1590 generationes

291 1603 691 1664 quatuordecim3
732 1603 782 1646 et
807 1613 837 1645 a
859 1598 1191 1654 transmigra-

289 1675 431 1720 tione
461 1669 730 1730 Rabylonis
766 1680 922 1724 usque
951 1664 1014 1709 ad
1043 1664 1191 1710 Chri-

293 1746 452 1800 stum,
491 1735 848 1796 generationes
883 1731 1191 1790 quatuorde-

295 1824 406 1856 cim.

360 1879 440 1921 18.
479 1876 715 1920 CHRISTI
745 1873 911 1916 autem
930 1866 1193 1926 generatio

295 1945 366 1993 sic
395 1944 528 1990 erat:
570 1943 692 1987 Cum
722 1940 856 1986 esset
893 1937 1193 1994 desponsata

295 2013 452 2057 mater
473 2010 582 2066 ejus
602 2008 764 2053 Maria
777 2006 793 2034 ἰ
819 2004 1026 2061 Josepli,
1047 2004 1193 2047 ante-

295 2090 441 2135 quam
477 2074 836 2128 convenirent,
874 2070 1082 2116 inventa
1119 2069 1197 2113 est

295 2145 348 2188 in
367 2145 512 2187 utero
533 2140 718 2185 habens
732 2138 790 2183 de
805 2136 989 2193 Spiritu
1003 2136 1194 2179 sancto.

361 2228 442 2270 19.
477 2224 509 2269 J
512 2221 668 2280 oeph
678 2222 843 2268 autem
852 2218 933 2265 vir
945 2218 991 2276 ej
999 2231 1071 2277 us,
1085 2231 1195 2264 cum

297 2295 432 2339 esset
446 2290 629 2349 justus,
647 2292 697 2334 et
715 2286 876 2333 nollet
895 2298 1004 2332 eam
1021 2284 1195 2331 tradu-

299 2373 414 2407 cere
423 2364 466 2418 “,
514 2356 680 2403 voluit
715 2353 910 2401 occulte
948 2352 1196 2399 dimittere

298 2440 422 2475 eam.

365 2496 444 2541 20.
480 2493 616 2539 Haec
646 2490 810 2536 autem
831 2501 892 2533 eo
923 2487 1195 2545 cogitante,

298 2561 438 2609 ecce!
479 2558 688 2619 angelus
723 2554 930 2601 Domini
965 2553 1201 2611 apparuit

299 2631 354 2676 in
373 2629 561 2677 somnis
581 2626 630 2673 ei
657 2624 851 2670 dicens:
880 2621 1096 2679 loseph,
1126 2619 1198 2665 fili

299 2696 484 2742 David!
515 2694 624 2741 noli
641 2684 817 2739 time're
836 2688 1064 2745 accipere
1083 2689 1197 2731 Ma-

299 2764 429 2808 riam
447 2763 713 2820 conjugem
731 2761 891 2812 tuam3
913 2754 1047 2811 quod
1065 2754 1198 2799 enim

301 2831 353 2874 in
375 2842 436 2875 ea
462 2831 630 2874 natum
651 2828 752 2885 est,
783 2826 843 2871 de
865 2822 1052 2881 Spiritu
1079 2833 1198 2867 san-

305 2899 386 2942 cto
409 2900 498 2941 est.

369 2963 450 3006 21.
484 2960 654 3010 Pariet
671 2960 836 3007 autem
852 2957 1022 3017 filium,
1035 2957 1086 3003 et
1103 2968 1201 3002 vo-

347 3056 482 3093 *Lucu
509 3060 544 3098 1,
571 3058 632 3098 27,
657 3058 716 3093 35.

303 3104 427 3141 Dent.
445 3104 507 3144 94,
527 3106 561 3138 1.

780 3061 802 3079 τ·
818 3054 939 3091 Num.
964 3056 1003 3098 ⁵,
1027 3054 1087 3090 12.
1115 3062 1202 3099 sqq.

1251 246 1385 292 cabis
1416 256 1603 290 nomen
1632 243 1742 300 ejus
1761 243 2005 298 Jnsunv’3
2036 240 2161 297 ipse

1251 313 1384 358 enim
1430 309 1624 356 salvum
1667 309 1864 355 facietw
1907 306 2164 366 populum

1250 392 1395 426 suum
1412 390 1443 423 a
1460 376 1679 435 peccatis
1700 389 1889 423 eorum.

1317 447 1397 491 22.
1432 445 1543 490 Hoc
1578 446 1744 490 autem
1769 445 1929 489 totum
1962 441 2161 486 factum

1252 515 1353 572 est,
1390 514 1448 558 ut
1481 509 1861 569 adimpleretur,
1900 508 2033 566 quod
2074 507 2161 552 di-

1252 583 1385 626 ctum
1404 580 1481 625 est
1506 592 1537 626 a
1553 577 1773 624 Domino
1801 589 1893 635 per
1918 575 2159 632 Prophe-

1251 650 1353 693 tam
1370 647 1642 693 dicentem:

1318 715 1398 760 23.
1436 713 1606 773 „Ecce
1634 711 1781 769 virgo
1810 710 1866 755 in
1890 711 2036 755 utero
2054 708 2157 754 ha-

1254 782 1450 842 „bebit,
1472 783 1523 826 et
1540 779 1703 838 pariet
1720 777 1901 834 filium;
1922 779 1972 823 et
1989 788 2154 821 voca-

1253 852 1415 909 „bunt
1431 860 1616 893 nomen
1636 846 1745 903 eius
1764 843 2153 900 Emmanuel,

1255 915 1425 976 „quod
1470 916 1548 960 est
1580 913 1985 969 interpretatum:
2036 909 2153 954 No-

1256 983 1483 1044 „biscum
1498 981 1637 1026 Deus
1646 978 1726 1024 =.“

1321 1051 1401 1095 24.
1431 1047 1705 1105 Exurgens
1731 1046 1897 1091 autem
1912 1043 2109 1101 Ioseph
2126 1056 2159 1089 a

1254 1129 1451 1174 somno,
1490 1115 1611 1161 fecit
1646 1114 1775 1160 sicut
1811 1110 2065 1170 praecepit
2106 1112 2157 1174 ei

1254 1183 1465 1242 angelus
1484 1181 1714 1240 Domini,
1744 1181 1796 1225 et
1814 1177 2005 1236 accepit
2022 1189 2158 1223 con-

1250 1252 1423 1308 ¹iugem
1443 1262 1597 1294 suam.

1322 1318 1402 1361 25.
1434 1315 1504 1362 Et
1532 1328 1637 1360 non
1668 1313 2005 1372 cognoscebat
2022 1323 2158 1370 eam,

1255 1384 1417 1429 donec
1426 1382 1625 1441 peperit
1642 1381 1792 1428 filium
1802 1393 1945 1426 suum
1958 1379 2157 1436 primo-

1256 1450 1507 1509 genitum,
1537 1452 1586 1495 et
1605 1448 1811 1495 vocavit
1836 1460 2021 1494 nomen
2040 1445 2158 1503 ejus

1256 1519 1447 1572 Jsssun.

1560 1637 1729 1690 cAP.
1784 1639 1850 1690 ΙΙ.

1256 1739 1489 1792 Magorum
1509 1738 1727 1780 adoratio.
1789 1737 1959 1779 Christi
1979 1735 2089 1787 fuga
2112 1737 2160 1778 in

1257 1797 1529 1850 Aegyptum.
1558 1793 1898 1836 Infanticidium
1913 1791 2154 1835 Bethlehe-

1315 1853 1529 1894 miticum-
1586 1849 1775 1892 Reditus
1793 1863 1857 1892 ex
1874 1847 2095 1902 Aegypto.

1328 1945 1374 1991 1.
1412 1945 1534 1991 Cum
1553 1956 1675 2001 ergo
1695 1943 1840 1988 natus
1861 1942 1994 1989 esset
2006 1941 2161 1987 Jesus

1260 2012 1311 2057 in
1324 2011 1613 2058 Bethlehem
1622 2016 1653 2052 y
1664 2012 1696 2055 J
1699 2012 1793 2056 uda
1804 2010 1855 2055 in
1868 2009 2037 2056 diebus
2046 2009 2160 2055 He-

1258 2079 1398 2125 rodis
1416 2078 1570 2135 regis,
1592 2091 1707 2123 ecce
1721 2077 1730 2123 Ξ
1744 2078 1880 2135 Magi
1899 2080 1959 2123 ab
1971 2076 2159 2122 Orien-

1261 2149 1311 2192 te
1331 2147 1581 2191 venerunt
1598 2144 1973 2203 lerosolymam,

1329 2214 1376 2257 2.
1413 2212 1659 2258 dicentes:
1691 2212 1786 2257 Ubi
1814 2214 1891 2257 est
1908 2211 1992 2268 qui
2009 2212 2160 2258 natus

1264 2279 1781 2326 estrexsudaeorumz
1792 2278 2014 2325 Vidimus
2026 2278 2163 2324 enim

1264 2346 1459 2393 stellam
1479 2346 1587 2403 ejus
1606 2346 1661 2391 in
1680 2346 1913 2405 Oriente,
1944 2348 1995 2391 et
2011 2346 2163 2391 veni-

1264 2428 1373 2460 mus
1392 2413 1605 2459 adorare
1625 2426 1752 2459 eum.

1333 2482 1378 2527 3.
1408 2480 1631 2527 Audiens
1642 2479 2035 2526 autemHerodes
2044 2492 2163 2538 rex,

1263 2550 1489 2595 turbatus
1520 2550 1621 2607 est,
1652 2550 1703 2595 et
1722 2547 1883 2593 omnis
1902 2546 2163 2606 lerosoly-

1265 2629 1347 2661 ma
1364 2629 1476 2661 cum
1493 2613 1601 2660 illo.

1332 2684 1379 2727 4.
1414 2682 1482 2727 Et
1500 2692 1815 2741 congregans
1826 2694 2000 2728 omnes
2020 2682 2164 2739 prin-

1268 2749 1403 2807 cipes
1425 2748 1765 2808 Sacerdotum,
1788 2750 1839 2795 et
1849 2749 2049 2796 Scribas
2068 2762 2164 2807 po-

1265 2816 1399 2875 puli,
1446 2816 1789 2863 sciscitabatur
1825 2819 1885 2862 ab
1932 2817 2005 2863 eis
2017 2847 2033 2875 ‚
2080 2817 2168 2863 ubi

1271 2884 1495 2930 Christus
1515 2888 1822 2930 nasceretur.

1337 2954 1383 2997 5.
1420 2953 1484 2997 At
1502 2951 1577 2997 illi
1597 2951 1835 2998 dixerunt
1853 2950 1925 2996 ei:
1946 2950 2163 2997 InBeth·

1314 3048 1450 3085 Q'Lucu
1478 3052 1514 3091 1,
1537 3051 1597 3085 31.
1642 3054 1677 3073 Ψ
1694 3045 1785 3084 Act.
1810 3048 1851 3089 4,
1881 3050 1939 3083 12.
1986 3044 2109 3083 ‘lem
2130 3050 2153 3083 7

1269 3098 1331 3132 14.
1379 3102 1402 3129 :r
1422 3095 1523 3132 Gen.
1541 3096 1601 3135 3⁵,
1619 3097 1678 3131 19.
1708 3092 1809 3130 Luc.
1828 3096 1864 3135 2,
1882 3096 1918 3129 4.
1940 3103 2025 3139 sqq.

415 3241 530 3297 Cap.
558 3240 597 3283 Ι.
657 3242 726 3282 1³.
753 3236 963 3281 Iliachim
983 3234 1063 3279 bis.
1112 3240 1178 3278 14.
1210 3234 1389 3277 Saddoc
1406 3231 1485 3275 δὴ.
1537 3234 1605 3272 15.
1635 3228 1859 3272 Matthan.
1908 3229 1976 3268 17.
2009 3236 2164 3267 omnes

305 3313 436 3353 ergw,
464 3296 574 3341 ibid.
603 3294 993 3349 quattuordecem3
1029 3290 1137 3333 ibid.
1165 3304 1305 3343 usque
1334 3286 1783 3339 transmigrationem.
1830 3286 1901 3325 20.
1930 3284 1978 3324 in
1997 3278 2165 3322 somnis

307 3356 458 3409 paruit
485 3354 551 3402 εἰς
590 3350 696 3393 ibid.
724 3350 809 3391 filii
837 3348 930 3402 (ita
954 3346 1310 3389 constantissime
1334 3344 1385 3387 iu
1409 3342 1494 3385 hoc
1511 3340 1696 3394 codice).
1754 3342 1822 3381 23.
1852 3333 2165 3381 Emmanuhel.

307 3414 374 3452 24.
413 3420 679 3459 exsurgens.
735 3405 799 3447 ΙΙ.
839 3409 877 3446 1.
921 3400 1122 3443 Betleem
1154 3402 1382 3449 Judaeae3
1422 3396 1528 3441 ibid.
1557 3394 1913 3447 Hierosolymam
1945 3392 2163 3435 dicentes.

309 3469 349 3505 5.
379 3463 578 3507 Betleem
597 3462 813 3504 Jtidaeae.
