2376 3925
385 255 433 298 8.
465 254 647 311 jubens
675 254 996 298 accusatores
1027 250 1136 307 eJ'us
1159 248 1225 294 ad

318 322 370 366 te
407 311 636 377 venire13
673 333 706 365 a
742 330 840 376 quo
869 317 1062 376 poteris
1093 316 1222 375 ipse,

318 386 574 445 judicans,
615 386 676 432 de
717 386 948 432 omnibus
983 384 1094 430 istis
1132 395 1223 429 co-

319 466 594 513 gnoscere,
625 453 686 499 de
705 453 882 510 quibus
899 465 995 498 nos
1014 463 1221 497 accusa-

318 533 427 566 mus
447 533 575 566 eum.

385 590 432 632 9.
453 586 764 645 Adjecerunt
783 589 948 632 autem
963 588 1013 631 et
1022 584 1221 644 Iudaei,

321 654 544 700 dicentes
563 654 688 701 haec
707 654 778 700 ita
795 667 850 699 se
869 653 1070 698 habere.

386 723 466 766 10.
518 721 796 779 Respondit
837 723 1002 764 autem
1036 717 1222 764 Paulus

320 788 599 846 (annuente
629 787 724 832 sibi
751 786 982 843 praeside
1004 785 1221 845 dicere):

318 856 403 902 Ex
429 855 598 901 multis
627 854 772 899 annis
791 855 842 898 te
871 865 984 898 esse
1001 853 1225 910 judicem

321 923 462 981 genti
497 921 611 967 huic
647 920 840 979 sciens,
878 921 1015 966 bono
1053 920 1221 966 animo

319 1002 413 1046 pro
432 1002 510 1034 me
531 988 849 1033 satisfaciam.

387 1058 466 1101 11.
510 1055 664 1100 Potes
712 1055 846 1100 enim
892 1066 1222 1112 cognoscere,

321 1122 436 1178 quia
481 1134 588 1167 non
633 1121 748 1180 plus
786 1123 904 1168 sunt
936 1121 1058 1166 mihi
1096 1121 1221 1180 dies,

319 1201 465 1246 quam
485 1189 773 1248 duodecim,
805 1203 871 1235 ex
900 1202 998 1246 quo
1019 1188 1224 1234 ascendi

321 1256 536 1303 adorare
553 1256 610 1302 in
627 1256 902 1303 Ierusalem
916 1271 930 1313 ;

387 1325 468 1370 12.
505 1325 557 1370 et
587 1337 750 1380 neque
777 1324 832 1369 in
858 1322 1044 1381 templo
1077 1322 1225 1368 inve-

319 1393 506 1436 nerunt
522 1405 603 1436 me
627 1404 738 1436 cum
765 1391 936 1447 aliquo
964 1390 1224 1446 disputan-

319 1463 446 1515 tem,
493 1459 581 1502 aut
618 1469 918 1502 concursum
955 1457 1224 1502 facientem

315 1525 511 1582 turbae,
532 1536 696 1579 neque
715 1523 770 1568 in
788 1524 1062 1581 synagogis
1073 1529 1139 1578 ”⁸3

385 1605 465 1649 13.
501 1616 666 1660 neque
701 1603 757 1649 in
795 1603 1021 1660 civitate3
1059 1615 1223 1659 neque

321 1673 536 1728 probare
566 1672 783 1729 possunt
807 1670 924 1730 tibi,
956 1671 1016 1716 de
1045 1670 1224 1727 quibus

321 1752 457 1785 nunc
473 1753 554 1786 me
576 1739 830 1785 accusant.

385 1809 466 1852 14.
504 1808 760 1853 Confiteor
790 1807 957 1852 autem
988 1805 1086 1852 hoc
1113 1804 1223 1863 tibi,

320 1874 454 1932 quod
474 1875 744 1921 secundum
759 1875 962 1933 sectam,
979 1887 1124 1930 quam
1146 1872 1224 1917 di-

320 1944 442 1988 cunt
457 1942 704 1988 haeresim
713 1947 757 2001 ³,
778 1942 850 1987 sic
871 1941 1105 1987 deservio
1123 1940 1223 1986 Pa-

319 2009 388 2053 tri
405 2007 574 2054 etDeo
593 2022 726 2066 meo,
742 2008 952 2053 credens
973 2007 1222 2065 omnibus,

319 2087 446 2129 quac
465 2074 666 2130 inLege
685 2077 737 2119 et
750 2074 1017 2130 Prophetis
1037 2072 1225 2131 scripta

319 2140 494 2195 sunt03

386 2206 465 2249 15.
501 2217 638 2262 spem
691 2205 881 2251 habens
932 2205 989 2251 in
1040 2206 1220 2265 Deum,

320 2284 465 2328 quam
486 2272 538 2317 et
554 2271 607 2317 hi
625 2271 724 2329 ipsi
751 2275 1106 2334 exspectantP,
1135 2287 1222 2320 re-

319 2338 684 2385 surrectionem
710 2340 927 2386 futuram
950 2340 1221 2402 justorum,

321 2410 372 2453 et
389 2407 691 2464 iniquorum.

387 2477 466 2520 16.
502 2476 560 2520 In
579 2474 676 2520 hoc
697 2476 748 2521 et
774 2473 884 2532 ipse
913 2475 1091 2522 studeo
1109 2475 1221 2523 sine

321 2541 626 2589 offendiculo
647 2542 1008 2589 conscientiam
1035 2543 1221 2590 habere

320 2609 380 2653 ad
399 2609 562 2656 Deum
581 2612 632 2655 et
649 2608 709 2654 ad
731 2609 959 2655 homines
981 2623 1193 2668 semper.

387 2690 466 2734 17.
501 2690 626 2735 Post
651 2702 812 2735 annos
844 2689 1008 2735 autem
1027 2690 1218 2749 plures,

321 2753 668 2815 eleemosynas
697 2758 918 2803 facturus
939 2756 992 2801 in
1019 2758 1217 2815 gentem

317 2832 496 2944 {nectam
535 2824 704 2883 venir,
743 2826 794 2870 et
830 2823 1130 2885 oblationes,
1169 2825 1221 2870 et

364 2994 376 3020 1
396 3008 428 3031 c.
447 2998 507 3037 23,
525 2999 584 3032 80·
649 3003 680 3021 ”⁸
699 3008 732 3032 C·
751 3002 811 3041 2⁵,
827 3003 862 3037 8.
882 3004 942 3042 28,
962 3005 1018 3039 17.

319 3056 349 3079 ε’.
370 3046 428 3084 19,
447 3044 483 3077 9.

315 3093 373 3125 17.
397 3098 480 3135 sqq.

535 3047 551 3066 ⁰
573 3052 605 3077 c.
623 3044 682 3083 26,
701 3046 760 3079 22.
809 3052 830 3077 Ρ
853 3058 884 3081 c.
904 3051 964 3088 23,
983 3051 1018 3084 6.
1069 3004 1217 3091 flag-23:

1282 3100 1323 3136 4,
1343 3102 1402 3135 12.

599 147 866 202 Ac'rus
920 143 1571 199 APOSTOLORUM.
1628 142 1797 194 cAP.
1834 144 1918 193 24.

1358 248 1440 292 18.
1478 246 1533 292 in
1566 246 1744 303 quibus
1778 245 2109 294 invenerunt
2138 263 2230 296 me

1292 314 1603 372 purificatum
1628 313 1685 359 in
1708 312 1897 370 templo
1912 343 1927 372 ,
1960 327 2077 360 non
2100 331 2227 362 eum

1292 383 1453 440 turba,
1474 393 1639 437 neque
1659 393 1771 426 cum
1789 381 2023 427 tumultu.

1360 449 1439 492 19.
1479 447 1691 500 Quidam
1709 449 1877 492 autem
1898 461 1968 494 ex
1977 449 2107 496 Asia
2118 452 2227 497 Ju-

1294 515 1433 574 daei,
1492 527 1619 572 quos
1667 516 1937 572 oportebat
1984 517 2125 573 apud
2170 523 2226 564 te

1285 570 1495 641 ‘praesto
1517 593 1647 639 esse,
1668 586 1722 626 et
1738 593 2001 643 accusare,
2022 584 2070 629 si
2090 586 2227 641 quid

1292 650 1539 696 haberent
1554 648 1825 694 adversum
1842 663 1925 696 me
1938 665 1953 707 3

1358 717 1440 761 20.
1475 719 1561 762 aut
1579 715 1633 761 hi
1659 715 1757 773 ipsi
1786 715 1987 776 dicant,
2016 718 2061 764 si
2087 720 2219 775 quid

1292 784 1601 830 invenerunt
1618 783 1673 828 iu
1684 796 1763 828 me
1775 782 2081 845 iniquitatis,
2094 800 2219 832 cum

1292 854 1419 896 stem
1437 851 1491 896 in
1513 849 1762 906 concilim

1358 920 1439 962 21.
1474 917 1575 963 nisi
1595 917 1657 962 de
1673 931 1778 962 una
1806 916 1899 963 hac
1918 918 2214 966 solummo-

1292 984 1356 1031 do
1386 997 1541 1043 voce,
1572 997 1670 1041 qua
1700 984 1905 1030 clamavi
1934 985 2084 1031 inter
2116 1001 2213 1034 eos

1292 1055 1486 1097 stansr:
1511 1051 1760 1105 Quoniam
1778 1051 1834 1096 dc
1851 1055 2213 1101 resurrectio-

1291 1133 1357 1166 ne
1376 1122 1692 1165 mortuorum
1712 1131 1806 1178 ego
1820 1118 2021 1176 judicor
2038 1121 2213 1168 hodie

1292 1199 1322 1231 a
1340 1187 1501 1232 vobis.

1302 1303 1317 1312 ,
1359 1256 1439 1298 22.
1474 1253 1686 1300 Distulit
1702 1255 1867 1300 autem
1885 1253 2003 1300 illos
2020 1253 2207 1315 Felix,

1293 1320 1573 1367 certissime
1600 1321 1766 1368 sciens
1786 1321 1846 1367 de
1868 1322 1951 1367 via
1968 1323 2059 1368 hac
2072 1353 2089 1382 ,
2114 1322 2208 1368 di·-

1292 1401 1440 1435 cens:
1482 1389 1605 1433 Cum
1638 1389 1869 1435 tribunus
1896 1390 2077 1448 Lysias
2108 1389 2209 1436 de-

1292 1455 1562 1514 scenderit,
1584 1455 1781 1501 audiam
1800 1469 1913 1502 vos.
2222 1465 2229 1470 '

1358 1523 1438 1567 2³.
1474 1523 1505 1567 J
1510 1523 1730 1580 usitqne
1770 1524 2073 1571 centurioni
2110 1539 2203 1571 cu-

1292 1589 1483 1635 stodire
1503 1603 1633 1649 eum,
1655 1591 1705 1635 et
1722 1590 1911 1638 habere
1924 1592 2155 1649 requiem
2164 1599 2203 1651 ⁸,

1291 1669 1386 1702 nec
1406 1670 1701 1714 quemquam
1720 1658 1780 1704 de
1802 1659 1908 1704 suis
1927 1659 2202 1718 prohibere

1290 1724 1577 1769 ministrare
1597 1724 1662 1770 ei.

1357 1794 1439 1836 24.
1491 1791 1617 1836 Post
1658 1790 1852 1849 aliquot
1888 1795 2057 1840 autem
2094 1793 2201 1840 dies

1292 1859 1503 1904 veniens
1510 1857 1661 1904 Felix
1673 1873 1784 1905 cum
1793 1860 2024 1906 Drusilla
2034 1875 2203 1908 uxore

1292 1939 1399 1985 sua,
1439 1939 1565 1984 quae
1602 1928 1714 1972 erat
1742 1927 1955 1989 Iudaea,
1996 1929 2205 1975 vocavit

1289 1994 1527 2052 Paulum,
1556 1996 1608 2040 et
1636 1994 1831 2040 audivit
1856 1998 1919 2042 ab
1950 2010 2013 2043 eo
2032 1996 2200 2055 fidem,

1291 2073 1417 2117 quae
1438 2063 1517 2107 est
1534 2060 1587 2106 in
1608 2062 1861 2107 Christum
1878 2064 2069 2109 Jesnm.

1357 2140 1438 2183 25.
1473 2138 1774 2197 Disputante
1812 2144 1981 2187 autem
2016 2142 2108 2187 illo
2140 2142 2202 2187 de

1285 2205 1499 2265 iustitia,
1522 2210 1572 2252 et
1594 2207 1838 2266 castitate,
1853 2211 1906 2253 et
1926 2209 1987 2254 de
2004 2209 2199 2267 judicio

1289 2274 1459 2320 futuro
1474 2304 1488 2331 ,
1528 2274 1881 2320 tremefactus‘
1923 2275 2075 2323 Felix
2112 2290 2198 2323 re-

1289 2341 1515 2398 spondit:
1548 2340 1693 2394 Quod
1712 2355 1848 2387 nunc
1866 2344 2075 2402 attinet,
2108 2356 2199 2389 va-

1290 2408 1378 2466 de;
1426 2409 1655 2466 tempore
1696 2412 1863 2455 autem
1906 2413 2197 2469 opportuno

1289 2488 1544 2521 accersam
1564 2478 1629 2521 te.

1354 2544 1435 2587 26.
1473 2543 1633 2588 Simul
1644 2544 1696 2589 et
1714 2556 1945 2605 sperans,
1960 2546 2094 2602 quod
2105 2559 2197 2603 pe-

1289 2609 1437 2655 cunia
1456 2610 1506 2655 ei
1526 2610 1729 2656 daretur
1747 2625 1777 2657 a
1794 2612 1974 2672 Paulo,
1987 2616 2199 2671 propter

1288 2675 1421 2731 quod
1471 2679 1522 2722 et
1575 2679 1869 2734 frequenter
1928 2693 2195 2727 accersens

1288 2756 1417 2801 eum,
1439 2742 1739 2800 loquebatur
1759 2760 1869 2791 cum
1892 2760 1974 2793 eo.

1354 2811 1434 2855 27.
1464 2810 1678 2857 Biennio
1691 2815 1857 2858 autem
1868 2814 2093 2872 expleto,
2104 2827 2194 2860 ac-

1287 2877 1420 2934 cepit
1439 2890 1783 2925 successorem
1802 2880 1957 2927 Felix
1967 2880 2197 2927 Fortium

1284 2943 1511 3002 Festum3
1542 2946 1721 2992 volens
1750 2950 1920 2994 autem
1946 2948 2198 3007 gratiarn‘·

1329 3056 1540 3096 rc.23,6.
1588 3058 1798 3098 ³c.27‚3.
1833 3059 1985 3100 28,16.
2032 3055 2195 3095 *Hebr-

1448 3106 1471 3124 ἰ
1490 3110 1524 3135 e.
1544 3103 1604 3139 25.
1623 3106 1657 3139 9.
1677 3100 1805 3138 Marc.
1826 3107 1885 3145 15,
1906 3108 1969 3140 15.

431 3234 544 3289 Cap.
601 3233 783 3277 XXIV.
843 3242 909 3279 10.
939 3252 1038 3282 esse
1067 3246 1128 3285 to.
1198 3247 1264 3286 13.
1304 3253 1518 3290 accusant
1545 3262 1629 3292 mo.
1693 3254 1760 3293 14.
1792 3252 1918 3305 patri
1948 3250 2063 3294 Deo.
2123 3255 2191 3293 22-

319 3292 374 3333 de
403 3292 478 3333 via
499 3292 650 3333 dicens
678 3293 821 3344 (deest
846 3292 942 3342 hac,
969 3294 1040 3337 ita
1061 3298 1243 3351 partim
1262 3314 1318 3343 ex
1336 3303 1442 3345 anti

319 3346 568 3400 rectione);
595 3344 704 3389 ibid.
735 3348 1020 3391 descenderit
1038 3352 1220 3403 Lysias.
1276 3360 1345 3397 23.

1440 3318 1529 3360 qua
1555 3304 1647 3347 scri
1680 3311 1800 3355 tura,
1815 3304 1999 3363 partim
2014 3320 2073 3349 es:
2092 3318 2195 3349 cor·

1376 3360 1610 3411 prohibere
1662 3374 1687 3405 e
1705 3363 1812 3404 suis.
1872 3365 1942 3404 24.
1970 3363 2021 3405 in
2038 3362 2195 3405 Jesum

324 3400 567 3443 Christum.
634 3406 702 3443 25.
741 3406 788 3443 et
818 3403 871 3444 de
901 3406 1132 3457 castitat03
1169 3410 1277 3453 ibid.
1308 3418 1553 3466 oportunm
1582 3416 1691 3459 ibid.
1720 3419 1965 3461 arces-ian
1993 3420 2055 3461 te.
2125 3421 2191 3459 20.

323 3467 512 3507 sperans
533 3459 634 3509 quin
655 3459 848 3511 pecunia
869 3458 1052 3502 daretur
1071 3462 1111 3503 ei
1133 3475 1183 3514 a;
1204 3464 1313 3509 ibid.
1334 3472 1595 3515 arcessieris.
1654 3476 1725 3517 27.
1754 3474 1981 3517 Porcium.
