2376 3925
298 144 398 195 384

597 136 1021 192 EPISTOLA
1061 130 1411 188 JOANNIS
1453 128 1544 181 111.
1618 126 1777 178 CAP.
1808 126 1858 175 1.

301 200 2166 233 Μ

363 247 444 290 11.
495 244 592 297 Qui
637 243 772 289 enim
815 240 935 286 dicit
969 239 1048 284 illi
1081 251 1193 296 ave,

299 312 632 360 communicat
667 308 904 366 operibus
941 306 1051 364 ejus
1086 318 1197 350 ma-

300 381 468 439 lignis.

367 479 446 522 12.
481 475 633 521 Plura
667 474 857 519 habens
896 470 1041 516 vobis
1071 467 1198 514 scri-

1260 237 1535 289 mentum⁶;
1575 242 1724 288 spero
1756 229 1891 275 enim
1916 240 1999 273 me
2027 228 2165 273 futu·

1262 316 1373 348 rum
1392 299 1522 357 apud
1542 312 1659 356 vos,
1690 299 1742 342 et
1760 308 1817 342 os
1836 294 1900 340 ad
1920 308 1977 339 os
1996 294 2163 352 loqui;

1266 374 1321 415 ut
1338 366 1573 426 gaudium
1590 367 1810 410 vestrum
1830 361 2033 420 plenum
2053 362 2133 406 sit.

1334 437 1415 480 13.
1437 433 1667 480 salutant
1674 434 1725 478 te
1736 430 1827 477 filii
1837 428 2035 475 sororis
2053 432 2165 474 tuae

301 548 438 603 bere,
459 541 604 588 nolui
630 554 722 599 per
751 540 971 586 chartam
992 539 1042 583 et
1064 539 1201 581 atra-
1270 502 1477 619 ⁰¹:³32}
1498 581 1557 616 1³.

966 744 1513 795 -ψ-

347 912 1147 1005 EPISTOLA
1260 904 1909 994 JOANNIS
1982 903 2129 985 ΙΙΙ.

625 1228 793 1282 GAP.
849 1226 893 1277 1.

309 1332 531 1375 Laudatio
562 1330 683 1383 Gaji.
741 1329 812 1371 De
839 1323 1106 1379 Diotrcphis
1136 1334 1211 1364 ca-

309 1388 502 1431 lumniis.
563 1387 786 1441 optimum
804 1382 1036 1426 Demetrio
1058 1376 1211 1433 perhi-

520 1444 652 1484 betur
681 1438 997 1482 testimonium.

376 1564 424 1605 1.
465 1538 666 1606 Senior
700 1558 866 1615 Gajo⁰
895 1555 1207 1615 charissimo,

312 1641 457 1686 quem
476 1641 571 1686 ego
595 1626 747 1684 diligo
768 1626 822 1671 in
840 1624 1070 1669 veritate.

379 1697 426 1740 2.
482 1691 809 1741 Charissime!
865 1692 925 1737 de
981 1690 1210 1735 omnibus

313 1762 596 1810 orationem
623 1762 756 1807 facio
786 1771 1029 1817 prospere
1057 1760 1108 1803 te
1129 1758 1211 1803 in-

313 1830 456 1889 gredi
493 1833 543 1877 et
583 1830 767 1888 valere,
806 1828 935 1873 sicut
968 1838 1212 1883 prospere

313 1898 419 1956 agit
438 1899 602 1943 anima
617 1900 719 1942 tua.

381 1967 427 2011 3.
473 1965 686 2010 Gavisus
707 1977 814 2010 sum
835 1960 980 2008 valde
999 1960 1213 2007 venien-

313 2034 444 2079 tibus
481 2033 717 2078 fratribus
733 2062 747 2090 ‚
789 2033 840 2075 et
872 2027 1215 2074 testimonium

315 2099 688 2156 perhibentibus
710 2096 910 2142 veritati
930 2098 1064 2154 tuae,
1087 2095 1218 2140 sicut

313 2169 369 2211 tu
388 2165 441 2208 in
461 2165 672 2208 veritate
693 2162 930 2208 ambulas.

380 2233 428 2275 4.
462 2231 564 2286 Maj
572 2243 711 2274 orem
729 2230 911 2274 horum
928 2239 1036 2272 non
1052 2226 1215 2273 habeo

316 2297 543 2357 gratiam,
582 2309 727 2353 quam
761 2297 820 2342 ut
854 2294 1051 2339 audiam
1083 2294 1216 2340 filios

314 2379 454 2412 meos
475 2366 527 2411 in
549 2364 760 2410 veritate
780 2361 1049 2409 ambulare.

384 2437 429 2478 5.
467 2429 792 2478 Charissime!
830 2429 1043 2476 fideliter
1072 2428 1216 2487 facis,

319 2501 555 2558 quidquid
583 2498 811 2557 operaris
841 2498 896 2543 in
924 2498 1134 2556 fratres,
1169 2497 1220 2542 et

318 2568 418 2614 hoc
436 2568 491 2614 in
509 2565 826 2626 peregrinos.

387 2637 432 2680 6.
470 2635 570 2687 Qui
601 2632 940 2680 testimonium
985 2629 1220 2676 reddide-

319 2704 440 2746 runt
458 2700 687 2747 charitati
705 2702 821 2744 tuae
834 2730 852 2754 ‚
872 2698 926 2742 in
946 2699 1223 2754 conspectu

319 2767 578 2813 Ecclesiae
591 2782 606 2825 3
628 2780 772 2825 quos,
781 2765 1120 2824 benefaciens,
1133 2763 1221 2809 de-

323 2834 472 2880 duces
493 2835 642 2892 digne
659 2835 788 2879 Deo.

389 2903 434 2946 ⁷.
471 2902 571 2946 Pro
593 2901 798 2946 nomine
817 2899 950 2946 enim
971 2899 1080 2956 ejus
1099 2911 1223 2956 pro-

369 2987 390 3006 ⁴
407 2979 524 3016 Rom.
543 2981 602 3021 16,
620 2983 678 3016 23.

437 3125 550 3179 Cap.
580 3123 619 3166 Ι.
679 3128 746 3168 11.
788 3125 998 3178 operibus
1025 3125 1151 3168 illius
1190 3125 1337 3181 (illius
1374 3126 1517 3170 literis
1554 3124 1803 3168 minor-ihm
1836 3137 1859 3166 ε

1276 1222 1399 1269 fecti
1409 1222 1527 1268 sunt
1536 1220 1665 1267 nihil
1685 1220 1991 1279 accipientes
2002 1221 2173 1266 aGen-

1277 1291 1425 1336 tibus.

1345 1360 1391 1403 8.
1437 1357 1544 1402 Nos
1583 1368 1705 1413 ergo
1746 1355 1982 1401 debemus
2022 1355 2175 1399 susci-

1277 1438 1399 1483 pere
1418 1423 1723 1481 hujusmodi,
1742 1425 1800 1467 ut
1819 1425 2173 1479 cooperatores

1276 1492 1431 1538 simus
1456 1489 1697 1537 veritatis.

1346 1562 1392 1604 9.
1430 1558 1753 1615 Scripsissem
1772 1554 2173 1601 forsitanEccle-

1279 1627 1413 1683 siae3
1446 1626 1623 1682 sedis,
1654 1623 1738 1680 qui
1769 1625 1905 1668 amat
1922 1622 2176 1680 primatum

1280 1706 1459 1752 gerere
1496 1693 1551 1737 in
1588 1692 1679 1750 eis,
1717 1690 2044 1748 Diotrephes,
2080 1701 2173 1733 non

1278 1760 1461 1817 recipit
1478 1772 1589 1805 nos.

1348 1829 1429 1872 10.
1464 1827 1680 1883 Propter
1730 1824 1829 1871 hoc
1874 1824 1920 1869 si
1975 1835 2173 1877 venero,

1282 1895 1611 1942 commonebo
1634 1894 1742 1950 ejus
1763 1904 1939 1949 opera,
1961 1904 2089 1947 quae
2108 1890 2177 1935 fa-

1283 1964 1379 2022 cit,
1409 1961 1576 2008 verbis
1604 1960 1839 2018 malignis
1866 1958 2099 2017 garriens
2131 1957 2177 2002 in

1282 2044 1403 2087 nos3
1443 2031 1495 2076 et
1523 2029 1665 2085 quasi
1698 2041 1804 2072 non
1842 2027 1889 2072 ei
1921 2027 2022 2071 ista
2049 2026 2178 2070 suffl-

1284 2099 1435 2154 ciant,
1447 2109 1611 2152 neque
1630 2095 1737 2152 ipse
1758 2094 1968 2150 suscipit
1986 2095 2178 2140 fratres·

1285 2167 1336 2210 et
1354 2177 1469 2221 eos,
1500 2163 1585 2219 qui
1603 2161 1908 2219 suscipiunt,
1938 2160 2181 2218 prohibet,

1286 2235 1337 2277 et
1356 2232 1415 2276 de
1434 2229 1665 2276 Ecclesia
1684 2229 1837 2285 ejicit.

1352 2314 1433 2356 11.
1478 2307 1802 2356 Charissime!
1850 2306 1960 2354 noli
2006 2303 2180 2352 imitari

1284 2378 1495 2436 malum,
1548 2377 1637 2423 sed
1686 2375 1823 2432 quod
1863 2377 2054 2421 bonum
2096 2377 2181 2418 est.

1288 2445 1386 2498 Qui
1415 2443 1683 2502 benefacit,
1722 2455 1789 2488 ex
1816 2443 1930 2488 Deo
1965 2443 2068 2497 est3
2106 2438 2183 2495 qui

1286 2512 1556 2570 malefacit,
1577 2524 1684 2556 non
1703 2509 1829 2555 vidit
1844 2509 2025 2554 Deum.

1354 2593 1435 2636 12.
1447 2591 1705 2637 Demetrio
1717 2589 2063 2635 testimonium
2073 2585 2182 2632 red-

1289 2659 1421 2704 ditur
1440 2661 1500 2704 ab
1523 2658 1769 2715 omnibus,
1782 2658 1834 2701 et
1844 2657 1905 2701 ab
1926 2656 2037 2712 ipsa
2054 2652 2183 2699 veri·

1288 2729 1389 2772 tate
1403 2740 1417 2784 3
1432 2726 1519 2771 sed
1530 2729 1583 2772 et
1600 2737 1694 2770 nos
1713 2723 2057 2769 testimonium
2074 2732 2183 2778 per·

1290 2794 1532 2852 bibemus,
1555 2795 1605 2838 et
1623 2791 1775 2848 nosti,
1792 2790 2035 2846 quoniam
2050 2786 2182 2833 testi-

1289 2861 1513 2907 monium
1530 2861 1761 2905 nostrum
1778 2870 1959 2904 verum
1976 2848 2098 2902 estb.

1340 2977 1356 3005 ὅ
1372 2977 1463 3016 Joh.
1480 2982 1539 3022 19,
1556 2980 1619 3016 35.
1636 2981 1697 3020 21,
1713 2979 1775 3013 24.

1860 3123 2060 3180 criptum
2084 3119 2179 3170 cst)-

325 3187 392 3226 12·
441 3184 610 3224 mmm
648 3179 747 3232 (κά
777 3192 917 3234 ΜΡΜ
951 3179 1180 3224 invenitur
1217 3183 1355 3226 litera
1381 3183 1411 3225 h
1438 3182 1681 3226 minuscule
1716 3179 1941 3236 εστ-ὄρεα),
1984 3177 2089 3220 ibid.
2128 3174 2183 3214 sit

326 3238 522 3293 plenum.

439 3293 551 3346 Cap.
581 3291 621 3333 Ι.
693 3295 734 3331 4.
775 3289 1071 3334 ambulantes.
1147 3295 1188 3336 6.
1227 3294 1487 3337 benefacies
1526 3293 1705 3334 ducens.
1783 3293 1825 3333 ἵ.
1864 3291 2039 3332 nomine
2074 3285 2188 3328 enin

327 3347 495 3414 (omisa
515 3346 648 3399 ejus).
715 3348 756 3387 9.
788 3345 1025 3410 primatum
1051 3361 1213 3398 genere
1236 3349 1331 3402 (sic,
1354 3363 1441 3406 per
1466 3361 1663 3392 errorem
1682 3341 1867 3390 librarii
1877 3347 1915 3400 5)
1930 3344 2059 3395 mid.
2084 3341 2188 3383 nio-

326 3406 485 3455 trnpes.
546 3406 598 3443 1⁰
645 3412 942 3443 commoneam
955 3416 969 3450 3
989 3401 1096 3444 thid.
1117 3416 1195 3445 eos
1214 3405 1289 3458 qui
1310 3407 1523 3460 cupiunt3
1543 3403 1648 3447 ibid.
1670 3404 1793 3446 eicit.
1854 3406 1922 3444 11.
1954 3413 2039 3442 non
2056 3396 2188 3440 videt.

331 3459 396 3497 12.
427 3459 473 3497 et
490 3469 573 3498 uos
593 3454 762 3511 (omiss.
781 3455 897 3508 sed).
