2376 3925
296 129 361 180 58

362 231 441 274 23.
476 227 545 274 Et
566 228 864 275 convocatis
893 228 967 273 eis
984 257 998 285 ,
1029 227 1085 272 'm
1112 240 1205 285 pa—

293 296 484 344 rabolis
524 295 723 342 dicebat
758 294 886 340 illis:
936 292 1204 347 Quomodo

296 365 464 421 potest
482 366 683 408 satanas
702 364 929 408 satanam
948 360 1170 418 ejicere?

366 431 446 475 24.
480 429 548 475 Et
566 429 610 474 si
628 441 843 486 regnum
858 429 912 474 in
932 443 987 474 se
1008 427 1204 473 divida-

300 499 381 542 tur
394 527 408 554 ,
454 510 561 542 non
605 499 777 554 potest
818 509 1034 554 regnum
1079 494 1206 540 illud

301 567 452 610 stare.

365 633 446 678 25.
480 631 549 677 Et
578 631 624 677 si
660 631 835 677 domus
864 642 1017 687 super
1046 630 1207 674 semet

299 700 459 757 ipsam
496 698 817 756 dispertiatur
830 726 845 756 ,
892 709 999 742 non
1035 698 1205 754 potest

300 767 473 813 domus
493 766 581 813 illa
600 768 752 811 stare.

366 835 445 879 26.
481 834 548 878 Et
566 833 611 878 si
628 834 831 877 satanas
856 843 1201 877 consurrexe-

297 902 367 947 rit
378 902 431 946 in
445 903 603 946 semet
613 900 793 957 ipsum,
804 898 1094 956 dispertitus
1107 901 1201 957 est,

300 970 352 1014 et
378 981 484 1013 non
511 967 701 1025 poterit
736 968 890 1026 stare,
928 965 1019 1012 sed
1052 967 1203 1012 finem

299 1036 463 1081 habet.

364 1103 445 1147 27.
480 1102 640 1148 Nemo
672 1103 845 1159 potest
873 1114 998 1147 vasa
1032 1100 1200 1160 fortis,

296 1171 555 1228 ingressus
592 1170 649 1215 in
686 1169 887 1215 domum
900 1199 914 1227 ,
961 1168 1200 1226 diripere,

294 1237 398 1284 nisi
414 1238 553 1295 prius
574 1239 761 1283 fortem
780 1236 981 1297 alliget,
1012 1239 1063 1282 et
1080 1238 1202 1282 tunc

298 1306 499 1351 domum
517 1305 627 1362 ejus
648 1303 866 1362 diripiet.

364 1375 444 1418 28.
480 1374 638 1418 Amen
660 1372 773 1418 dico
786 1371 952 1430 vobis,
965 1369 1206 1427 quoniam

297 1439 467 1485 omnia
479 1439 791 1484 dimittentur
809 1439 924 1484 filiis
942 1437 1205 1483 hominum

296 1508 528 1564 peccata,
549 1508 601 1551 et
626 1505 992 1564 blasphemiae,
1022 1504 1202 1561 quibus

298 1570 756 1630 blasphemaverint
767 1585 781 1629 ς

361 1643 441 1686 29.
478 1639 563 1697 qui
574 1641 740 1685 autem
753 1637 927 1697 blasph
934 1631 1207 1685 amaveriti

294 1709 349 1755 in
369 1707 611 1766 Spiritum
629 1709 863 1753 sanctum
876 1738 889 1765 ‚
918 1719 1026 1752 non
1045 1706 1204 1752 habe-

295 1777 367 1824 bit
384 1776 738 1822 remissionem
753 1775 809 1820 in
820 1776 1100 1833 aeternum,
1114 1773 1206 1819 sed

292 1857 413 1891 reus
434 1842 532 1890 erit
548 1843 745 1890 aeterni
764 1842 951 1889 delicti.

364 1913 443 1957 30.
482 1912 733 1965 Quoniam
755 1910 1016 1957 dicebant:
1040 1907 1204 1968 Spiri-

296 1983 400 2025 tum
419 1979 727 2025 immundum
744 1979 910 2024 habet.

363 2048 443 2091 31.
479 2037 503 2073 k
512 2046 580 2090 Et
598 2046 813 2090 veniunt
840 2045 1002 2089 mater
1020 2042 1131 2099 ejus
1152 2043 1205 2087 et

295 2114 496 2168 fratres,
520 2115 569 2155 et
588 2111 714 2156 foris
736 2110 1206 2169 stantes,miserunt

297 2177 359 2223 ad
379 2191 508 2233 eum,
528 2179 773 2223 vocantes
792 2190 924 2235 eum,

364 2245 443 2289 32.
465 2246 517 2289 et
530 2243 735 2289 sedebat
749 2243 884 2289 circa
900 2257 1013 2289 eum
1026 2244 1173 2289 turba
1186 2256 1202 2299 3

298 2314 348 2357 et
368 2310 539 2356 dicunt
558 2311 631 2357 ei:
657 2308 817 2356 Ecce!
837 2312 999 2357 mater
1018 2308 1131 2370 tua,
1152 2312 1206 2357 et

296 2380 480 2425 fratres
500 2379 575 2424 tui
594 2377 723 2424 foris
743 2381 993 2434 quaerunt
1009 2376 1081 2423 te!

364 2448 443 2492 33.
496 2446 565 2492 Et
600 2444 915 2503 respondens
964 2445 1065 2505 eis,
1104 2444 1201 2492 ait:

300 2515 439 2567 Quae
470 2517 547 2560 est
580 2514 740 2559 mater
768 2526 897 2572 mea,
938 2515 989 2559 et
1016 2514 1204 2559 fratres

296 2581 395 2626 mei
408 2582 427 2626 ἒ

366 2650 443 2693 34.
477 2649 546 2696 Et
565 2647 973 2705 circumspiciens
994 2660 1103 2706 eos,
1118 2646 1202 2703 qui

296 2714 350 2759 in
389 2715 601 2763 circuitu
638 2716 747 2774 ejtls
786 2714 1053 2773 sedebant,
1101 2715 1202 2760 ait:

296 2780 453 2827 Ecce!
474 2787 633 2830 mater
651 2797 788 2842 mea,
812 2784 863 2829 et
880 2784 1064 2828 fratres
1085 2782 1203 2827 mei.

365 2848 445 2891 35.
483 2849 583 2901 Qui
602 2852 737 2897 enim
763 2850 945 2897 fecerit
964 2848 1204 2895 volunta-

298 2917 399 2960 tem
417 2914 530 2973 Dei,
542 2916 624 2962 hic
645 2919 801 2963 frater
821 2931 979 2977 meus,
993 2920 1044 2963 et
1053 2929 1206 2964 soror

294 2994 425 3040 mea,
448 2984 499 3029 et
516 2985 675 3028 mater
696 2987 787 3028 est.

343 3087 359 3116 ἰ
374 3089 519 3137 Mauh.
538 3092 597 3131 12,
617 3092 677 3127 32.
736 3088 759 3117 ’τ
774 3092 921 3130 Μιιιιι.
949 3098 1009 3137 12,
1027 3095 1204 3131 46-50.

294 3136 395 3174 Luc.
413 3140 449 3179 8,
470 3139 641 3173 19-21.

876 124 1158 176 MARCU
1174 123 1230 175 S.
1304 122 1473 174 CAP.
1512 123 1561 173 3.
1583 122 1633 172 4.

1569 269 1738 322 CAP.
1795 271 1887 323 IV.

1271 369 1526 413 Parabolae
1541 370 1596 412 de
1617 371 1902 420 seminatore,
1915 370 1971 412 de
1992 369 2182 413 lucerna

1272 439 1408 481 super
1446 423 1790 474 candelabrum,
1829 426 1884 467 de
1924 427 2091 468 semine
2132 429 2182 468 in

1271 488 1437 525 terram
1451 481 1591 533 Jacto,
1615 482 1669 524 ile
1690 494 1829 533 grano
1848 483 2037 536 sinapis.
2093 479 2181 524 Se-

1413 537 1546 579 datur
1563 541 1811 591 tempestas
1829 538 1886 578 ab
1907 537 2035 580 Jesu.

1338 632 1386 677 1.
1421 623 1439 660 ¹
1445 631 1516 676 Et
1531 631 1715 676 iterum
1733 631 1905 689 eoepit
1918 630 2101 678 docere
2112 633 2180 677 ad

1269 711 1435 756 mare;
1467 701 1520 744 et
1549 701 1860 756 congregata
1887 702 1966 744 est
1983 699 2044 744 ad
2063 713 2181 745 eum

1271 768 1417 813 turba
1434 766 1592 811 multa
1605 797 1618 824 ‚
1640 766 1712 811 ita
1733 767 1787 811 ut
1805 766 1978 812 navim
1997 780 2179 812 ascen-

1271 834 1424 892 dens,
1453 833 1656 880 sederet
1673 833 1728 878 in
1747 831 1902 891 mari,
1933 836 1986 880 et
2015 835 2178 880 omnis

1269 904 1416 948 turba
1453 901 1589 948 circa
1623 913 1762 946 mare
1801 912 1953 957 super
1991 904 2180 948 terram

1271 972 1395 1016 erat.

1337 1038 1384 1081 2.
1418 1035 1488 1082 Et
1507 1034 1720 1080 docebat
1737 1048 1828 1080 eos
1847 1035 1902 1080 in
1919 1035 2177 1093 parabolis

1269 1103 1448 1163 multa,
1471 1105 1522 1149 et
1539 1103 1735 1149 dicebat
1752 1102 1855 1148 illis
1872 1102 1926 1148 in
1947 1102 2182 1148 doctrina

1269 1184 1388 1216 sua:

1337 1239 1384 1283 3.
1419 1235 1624 1282 Audite!
1663 1237 1817 1295 Ecce,
1854 1236 1986 1282 exiit
2019 1236 2178 1281 semi-

1268 1317 1396 1350 nans
1417 1304 1481 1350 ad
1498 1303 1860 1350 seminandum.

1333 1373 1383 1417 4.
1417 1371 1486 1416 Et
1505 1372 1620 1418 dum
1639 1371 1870 1430 seminat,
1884 1370 2021 1416 aliud
2039 1371 2177 1417 ceci-

1270 1439 1343 1485 dit
1361 1439 1496 1485 circa
1519 1439 1668 1497 viam,
1681 1441 1732 1484 et
1749 1441 2004 1484 venerunt
2021 1437 2176 1484 volu-

1270 1519 1381 1552 cres
1403 1505 1552 1564 coeli,
1574 1509 1625 1552 et
1645 1505 1972 1552 comederunt
1989 1504 2130 1550 illud.

1339 1576 1385 1618 5.
1419 1572 1572 1618 Aliud
1621 1586 1748 1619 vero
1798 1571 1976 1619 cecidit
2021 1585 2179 1630 super

1269 1643 1500 1699 petrosa,
1539 1640 1627 1685 ubi
1653 1652 1760 1684 non
1787 1639 1959 1685 habuit
1984 1641 2182 1685 terram

1269 1707 1499 1764 multam3
1532 1709 1584 1752 et
1611 1708 1779 1752 statim
1808 1707 2047 1752 exortum
2083 1709 2180 1765 est,

1270 1775 1508 1832 quoniam
1526 1787 1632 1820 non
1642 1774 1857 1820 habebat
1865 1772 2181 1820 altitudinem

1271 1846 1468 1900 terrae3

1337 1912 1385 1954 6.
1423 1911 1474 1954 et
1492 1907 1692 1966 quando
1727 1909 1942 1956 exortus
1974 1909 2054 1954 est
2080 1908 2178 1967 sol,

1271 1977 1622 2034 exaestuavit3
1653 1979 1704 2023 et
1723 1990 1785 2023 eo
1806 1976 1943 2033 quod
1961 1989 2066 2022 non
2085 1976 2180 2021 ha-

1272 2046 1418 2091 bebat
1435 2044 1674 2102 radicem,
1696 2044 1916 2089 exaruit.

1338 2113 1384 2156 7.
1418 2110 1488 2156 Et
1515 2112 1652 2157 aliud
1679 2111 1861 2158 cecidit
1893 2111 1948 2157 in
1977 2111 2179 2168 spinas;

1272 2180 1325 2224 et
1344 2178 1683 2225 ascenderunt
1701 2178 1905 2236 spinae,
1937 2180 1991 2224 et
2017 2178 2182 2224 suffo-

1272 2249 1519 2293 caverunt
1553 2245 1697 2304 illud,
1736 2247 1788 2291 et
1827 2246 2046 2291 fructum
2073 2258 2184 2290 non

1272 2313 1423 2360 dedit.

1338 2383 1385 2425 8.
1422 2379 1492 2426 Et
1530 2379 1666 2425 aliud
1697 2379 1879 2427 cecidit
1905 2380 1961 2425 in
1991 2382 2185 2425 terram

1269 2450 1478 2507 bonam,
1509 2450 1561 2493 et
1590 2447 1738 2493 dabat
1762 2448 1978 2492 fructum
1999 2459 2184 2493 ascen-

1271 2515 1489 2573 dentem,
1503 2518 1555 2560 et
1574 2516 1910 2570 crescentem3
1925 2516 1978 2559 et
1995 2514 2184 2560 affere-

1270 2584 1356 2629 bat
1362 2595 1519 2627 unum
1527 2581 1756 2640 triginta,
1770 2595 1922 2627 unum
1933 2582 2186 2639 sexagin-

1269 2652 1340 2709 ta,
1362 2652 1414 2694 et
1435 2661 1588 2693 unum
1607 2652 1824 2695 centum.

1339 2718 1386 2761 9.
1421 2715 1490 2761 Et
1510 2715 1728 2762 dicebat:
1746 2715 1845 2769 Qui
1862 2716 2016 2762 habet
2032 2728 2184 2763 aures

1270 2782 1526 2840 audiendi,
1547 2781 1741 2829 audiat!

1339 2851 1420 2896 10.
1455 2849 1524 2896 Et
1565 2863 1673 2895 cum
1713 2850 1850 2895 esset
1885 2848 2184 2907 singularis,

1271 2917 1723 2976 interrogaverunt
1742 2930 1852 2962 eum
1873 2916 1943 2975 hi,
1963 2916 2053 2973 qui
2074 2930 2187 2964 cum

1273 2998 1336 3031 eo
1357 2987 1504 3031 erant
1521 2983 1804 3043 duodecim,
1824 2983 2136 3041 parabolam.

1271 3142 1300 3176 4
1319 3092 1556 3178 z*fil—20.
1586 3090 1734 3129 Mutua.
1755 3096 1816 3135 13,
1840 3094 1985 3131 1-23.
2015 3090 2118 3131 Luc.
2145 3095 2186 3135 8,

408 3286 521 3341 Cap.
552 3286 641 3328 111.
700 3290 769 3327 24.
812 3294 934 3329 stare
961 3300 1145 3339 regnum
1176 3286 1320 3329 illius·
1387 3288 1460 3329 26.
1491 3288 1794 3330 consurrexit.
1863 3289 1932 3328 2⁴1.
1967 3286 2186 3341 deripiet.

295 3341 379 3383 lv.
439 3347 479 3385 1.
510 3344 558 3385 in
575 3354 733 3383 navem
755 3342 1019 3383 ascendens.
1077 3347 1118 3384 2.
1152 3344 1346 3385 docebat
1374 3340 1497 3385 illos.
1555 3348 1598 3386 4.
1628 3340 1837 3384 volucres
1866 3340 2015 3383 onzia-
2047 3340 2186 3385 coeli.

298 3399 339 3437 6.
372 3401 419 3439 et
436 3398 555 3450 quod
572 3411 661 3439 nou
682 3396 883 3439 haberet.
952 3401 994 3439 8.
1026 3401 1073 3440 et
1089 3412 1225 3441 unum
1246 3397 1502 3449 sexaginta.
1565 3403 1633 3441 10.
1665 3410 1764 3440 cum
1784 3396 2021 3440 duodecim
2044 3396 2157 3453 (εἰς)
2169 3412 2188 3449 5

299 3448 407 3494 ibid.
428 3450 684 3507 parabolas.
