2376 3925
295 137 495 184 xxxn
713 132 1259 178 coMMENTATlo
1316 131 1729 176 ISAGOGICA.

295 267 548 324 neralior
583 267 660 320 sit
700 265 1003 318 sententia.
1080 261 1148 332 5,
1187 262 1287 316 20.
1319 267 1659 338 peccantem
1696 277 1797 334 pro
1824 267 2174 338 peccantes,

293 345 416 412 τοὺς
453 341 857 420 ἁμαρτάνοντας.
932 347 1002 415 6,
1042 345 1098 398 4.
1122 361 1404 421 pugnans
1439 343 1741 398 verborum
1784 361 1887 416 pro
1925 361 2171 419 pugnas

294 432 620 497 verborum,
657 428 999 500 λογομαχίας,
1041 426 1190 501 quod
1214 444 1387 500 quum
1411 443 1447 480 a
1469 424 1729 499 praeced.
1762 423 1879 497 περὶ
1903 424 2171 499 pendeat,

299 515 368 570 de
401 512 584 568 nihilo
629 521 717 569 est
743 511 942 567 Nostri
979 509 1238 564 mutatio.
1301 510 1374 578 6,
1420 509 1512 562 16.
1544 505 1725 563 lacem
1762 506 2039 564 habitans
2065 525 2171 580 pro

299 605 358 652 et
396 594 578 651 lucem
621 593 934 650 inhabitat.
1019 588 1232 646 Noster
1264 599 1394 665 apte
1429 592 1607 647 vertit
1648 590 1719 645 ad
1754 588 1864 660 φῶς
1889 586 2054 644 οἰκῶν.
2110 591 2172 661 6,

297 680 395 734 17.
429 679 672 755 superbe
709 693 918 752 sapere
951 692 1054 747 pro
1095 671 1337 730 sublime
1372 691 1618 750 sapere,
1667 667 1737 743 μὴ
1782 668 2173 746 ὑψηλοφρονεῖν.

297 759 584 836 Receptus
619 758 968 827 accuratior,
1012 755 1224 811 Noster
1248 755 1345 812 hic
1374 757 1709 832 elegantior.
1747 787 1819 796 -
1861 756 1901 810 2
1929 752 2080 810 Tim.
2112 754 2175 824 2,

297 847 354 900 6.
373 847 642 921 accipere
655 859 756 914 pro
773 841 1106 915 percipere,
1113 833 1543 910 μεταλαμβάνεινς
1564 836 1883 893 Amiatinus
1906 845 2081 892 recte.
2096 867 2169 878 —·

422 926 606 981 Aliam
635 924 893 998 syllogen
920 921 1297 997 adjungamus
1324 941 1355 976 e
1384 921 1569 977 literis
1598 919 1909 976 catholicis.
1952 922 1979 975 l
2014 917 2171 974 Petr.

299 1012 360 1080 2,
381 1009 473 1063 12.
496 1009 557 1062 in
583 1025 645 1060 eo
675 1006 824 1081 quod
851 1003 1169 1063 detrahunt
1187 1007 1375 1078 proin
1404 1023 1465 1060 eo
1494 1005 1647 1080 quod
1671 1005 2031 1072 detrectant,
2052 1005 2106 1056 ἐν
2135 990 2177 1074 ᾧ

295 1087 689 1146 καταλαλοῦσιν.
751 1087 824 1156 2,
865 1087 958 1141 14.
995 1088 1076 1143 ad
1111 1089 1436 1144 vindictam
1474 1085 1757 1142 malorum
1791 1104 1895 1160 pro
1940 1087 2021 1142 ad
2043 1085 2171 1141 vin-

299 1176 516 1231 dictam
543 1167 1022 1240 malefactorum,
1041 1166 1110 1230 εἷς
1133 1168 1383 1238 ἐκδίκησιν
1407 1165 1700 1222 κακοποιῶν
1708 1190 1725 1232 ,·
1756 1187 1829 1222 ex
1855 1169 2173 1241 oppositio-

297 1257 388 1311 nis
415 1256 545 1330 lege
589 1245 881 1329 (sequitur
907 1253 1061 1307 enim
1095 1245 1479 1332 ἀγαθοποιῶν)
1526 1269 1641 1306 non
1678 1249 2049 1306 dubitandum
2084 1260 2173 1306 est

297 1338 366 1394 de
389 1338 636 1393 lectione
660 1343 907 1408 recepta.
974 1335 1045 1404 2,
1074 1337 1173 1392 24.
1198 1345 1265 1392 at
1276 1336 1551 1413 peccatis
1580 1337 1925 1411 mortuiper
1954 1332 2175 1407 lignum

293 1423 612 1478 viveremus
640 1437 742 1492 pro
770 1426 836 1472 ut
849 1421 1124 1495 peccatis
1151 1420 1373 1475 mortui
1380 1418 1671 1490 justitiae
1696 1419 1989 1484 vivamus,
2037 1433 2177 1470 con-

295 1510 512 1558 stanter
536 1503 599 1556 in
611 1497 711 1555 Gr.
730 1496 794 1571 τῇ
823 1493 1122 1570 δικαιοσύνῃ
1147 1495 1388 1572 ζήσωμεν.
1418 1498 1591 1554 Nulla
1616 1506 1703 1554 est
1724 1499 1883 1553 codd.
1902 1499 2175 1554 varietas.

294 1583 496 1641 Nostri
521 1584 704 1658 igitur
727 1583 970 1638 mutatio
996 1600 1112 1637 non
1141 1583 1424 1638 correctio
1452 1591 1568 1652 est,
1614 1581 1714 1636 sed
1752 1581 1990 1636 arbitrio
2018 1580 2176 1634 facta

293 1677 395 1724 aut
413 1684 614 1723 errore
639 1665 880 1722 scribae.
937 1665 1006 1736 3,
1037 1665 1092 1718 8.
1120 1667 1182 1721 in
1196 1665 1331 1735 fide
1358 1673 1551 1721 autem
1577 1683 1679 1737 pro
1711 1665 1771 1718 in
1786 1663 1947 1734 fine,
1986 1663 2083 1718 sed
2110 1658 2175 1716 τὸ

293 1750 348 1806 δὲ
371 1751 533 1815 τέλος,
571 1748 721 1825 quod
743 1767 940 1804 omnes
967 1747 1254 1819 referunt,
1280 1765 1396 1804 uon
1422 1747 1675 1802 admittit
1701 1745 1873 1801 aliud.
1958 1744 2065 1801 Est
2088 1747 2173 1800 le·-

297 1835 409 1890 ctio
448 1834 518 1890 ob
559 1833 910 1909 dogmaticas
949 1849 1148 1888 causas
1192 1831 1363 1887 facta.
1428 1831 1499 1901 3,
1537 1831 1636 1885 20.
1678 1828 2033 1906 expectabat
2056 1827 2179 1886 Dei

295 1917 603 1975 clementia
639 1933 741 1991 pro
794 1915 1218 1994 exspectabant
1258 1913 1379 1971 Dei
1402 1913 1799 1989 patientiam,
1839 1911 1913 1967 >ad
1946 1912 2177 1967 literam

297 2002 552 2056 concinit
581 2018 711 2053 cum
735 1992 1062 2064 ἀπεξεδέχετο
1087 1992 1122 2063 ἦ
1147 1992 1242 2050 τοῦ
1262 1993 1403 2051 θεοῦ
1425 1995 1785 2067 μακροθυμία,
1814 2013 1989 2071 quum
2016 2014 2176 2051 rece-

293 2088 427 2157 ptus
451 2082 664 2136 latinus
693 2097 864 2134 sensu
892 2078 1275 2134 commodiore
1290 2078 1607 2134 destitutus
1630 2080 1725 2133 sit.
1776 2079 1838 2148 4,
1874 2079 1924 2133 l.
1956 2081 2113 2136 desit
2140 2098 2177 2132 a

287 2163 557 2241 peccatis
597 2180 700 2235 pro
747 2162 927 2218 desiit
955 2181 993 2217 a
1014 2163 1315 2237 peccatis,
1357 2162 1619 2214 πέπαυται
1658 2156 1925 2233 ἆμαρτίας.
1978 2162 2049 2231 4,
2082 2162 2176 2216 14.

293 2246 563 2321 quoniam
601 2241 830 2318 gloriae
858 2241 979 2299 Dei
1022 2245 1276 2321 spiritus
1313 2246 1373 2301 in
1400 2244 1557 2300 vobis
1595 2245 1911 2319 requiescit
1938 2245 2009 2300 ab
2034 2243 2177 2299 aliis

295 2323 730 2402 blasphematus
768 2344 805 2379 a
839 2326 999 2382 vobis
1051 2336 1247 2383 autem
1282 2326 1707 2397 honorificatus
1755 2344 1858 2400 pro
1907 2328 2178 2403 quoniam

297 2411 448 2486 qaod
473 2418 562 2465 est
589 2407 854 2477 honoris,
897 2406 1157 2487 gloriae,
1187 2416 1249 2464 et
1270 2411 1513 2466 virtutis
1539 2408 1689 2479 Dei,
1720 2416 1779 2466 et
1805 2411 1905 2485 qui
1932 2420 2023 2465 est
2049 2410 2177 2481 ejas

295 2491 590 2570 Spiritus,
631 2506 809 2568 super
847 2509 949 2547 vos
983 2494 1321 2567 requiescit.
1406 2489 1619 2548 Noster
1646 2511 1791 2548 unus
1827 2510 1963 2547 vere
1988 2492 2181 2548 reddit

301 2572 554 2645 Graeca,
578 2572 678 2630 sed
703 2574 1060 2649 aliquantum
1089 2582 1414 2631 contracta:
1460 2569 1541 2629 ὅτι
1564 2567 1626 2629 τὸ
1653 2572 1741 2643 τῆς
1765 2568 1917 2643 δόξης
1951 2573 2057 2649 [καὶ
2086 2574 2177 2629 δυ-

297 2651 514 2730 νάμεως]
547 2654 635 2711 καὶ
659 2649 720 2711 τὸ
746 2654 842 2711 τοῦ
864 2654 1006 2711 θεοῦ
1029 2653 1235 2727 πνεῦμα
1262 2651 1337 2727 ἐφ’
1368 2652 1501 2727 ῦμᾶς
1526 2651 1874 2721 ἀναπαύεται,
1914 2652 2049 2711 κατὰ
2085 2657 2181 2729 μὲν

299 2732 486 2800 αὖτοὺς
521 2738 923 2811 βλασφημεῖται,
967 2733 1100 2792 κατὰ
1147 2738 1203 2793 δὲ
1245 2734 1380 2811 ῦμᾶς
1414 2733 1697 2803 δοξάζεται.
1776 2738 1947 2795 Unus
1982 2738 2178 2796 Lach-

297 2839 542 2879 mannus
576 2824 774 2895 reJicit
815 2822 1020 2893 verba,
1055 2839 1201 2897 quae
1226 2823 1289 2877 in
1313 2831 1545 2897 recepto
1571 2824 1751 2879 latino
1784 2823 2016 2893 desunt,
2046 2842 2177 2879 cum

297 2904 540 2961 testibus
567 2905 788 2979 aliquot
812 2905 1186 2962 orientalibus
1222 2906 1464 2980 aliisque
1492 2902 1799 2962 nonnullis.
1843 2936 1916 2947 —-
1962 2904 2082 2961 Jac.
2112 2906 2177 2975 2,

297 2988 396 3043 20.
425 2987 615 3042 otiosa
644 2994 734 3041 est
757 3003 860 3060 pro
888 2997 1120 3045 mortua
1149 2994 1255 3043 est.
1301 2986 1488 3065 Vulgo
1514 2987 1692 3061 νεκρὰ,
1717 2991 1780 3043 in
1806 2988 2175 3062 paucioribus

299 3068 566 3127 subsidiis
587 3072 875 3141 reperitur
902 3065 1066 3141 ἀργὴ,
1103 3070 1253 3146 quod
1280 3072 1405 3126 sine
1439 3071 1654 3127 indicio
1681 3079 2175 3147 argumentorum,

298 3162 364 3208 ut
391 3153 556 3223 solet,
582 3152 802 3225 recepit
826 3148 1237 3209 Lac-lemannus
1264 3172 1422 3209 more
1450 3172 1551 3209 suo
1576 3156 1915 3209 taciturnus.

429 3237 456 3290 l
475 3232 560 3289 Jo.
577 3236 635 3303 1,
657 3235 708 3288 l.
723 3242 1119 3291 temtaverunt
1131 3254 1233 3307 pro
1258 3244 1798 3307 contrectaverant,
1810 3230 2172 3309 ἐψηλάφησαν.

298 3316 394 3373 Ex
431 3317 542 3374 hac
578 3316 944 3386 diversitate,
979 3317 1030 3370 si
1071 3316 1215 3372 nihil
1250 3317 1436 3387 aliud,
1479 3316 1720 3374 discitur
1759 3328 1913 3374 certe
1940 3322 2179 3396 antiqua

298 3409 552 3473 potestas
574 3417 700 3456 voc.
729 3406 1004 3471 tenuare,
1033 3398 1184 3474 quod
1212 3409 1323 3457 est:
1340 3400 1601 3477 palpare
1628 3403 1771 3477 quid
1792 3404 2079 3473 manibus,
2108 3412 2177 3459 at
