2376 3925
392 184 616 236 EPIST.
657 184 870 235 PAULI
907 186 1001 237 AD
1041 186 1489 237 TIMOTHEUM
1525 189 1590 238 ΙΙ.
1632 189 1781 239 CAP.
1804 191 1854 238 1.
1966 190 2065 241 335

169 290 410 333 mentum
448 289 635 333 bonum
663 287 716 332 in
753 288 1001 346 futurum3
1044 290 1097 333 ut
1161 288 1445 347 novitates,
1486 292 1537 335 et
1572 291 1919 348 oppositiones
1951 293 2066 337 falsi

169 353 570 411 apprehendant
587 366 759 399 veram
780 353 946 399 vitam.
1161 355 1661 415 nominisscientiae,

242 456 329 498 20.
372 456 416 497 Ο
453 453 740 500 Timothee!
780 453 1095 511 depositum⁰
1229 423 1310 467 21⁰
1347 435 1495 478 quam
1530 424 1725 479 qnidam
1763 425 2063 481 promitten-

169 519 643 577 custodi,devitans
661 522 900 578 profanas
914 534 1093 567 vocum
1158 490 1236 600 ΞΒ
1250 519 1264 547 ’
1290 556 1301 567 .
1320 502 1455 535 ‘²¹¹'oe
1505 490 1650 535 fidem
1690 492 1999 539 'exciderunt
2014 498 2058 537 Ρ·

1205 559 1337 601 ratio.
1354 558 1533 602 tecum.
1602 558 1775 603 Amen.

852 793 1402 842 w

253 955 1250 1045 EPISTOLA
1402 958 1977 1044 PAULI

1067 1126 1177 1176 AD

483 1247 1558 1319 TIMOTHEIJM
1647 1252 1772 1318 Π.

513 1530 677 1580 CAP.
717 1533 758 1580 1.

167 1628 420 1671 Laudatur
437 1628 552 1670 fides
571 1628 818 1670 Timothei.
881 1628 1089 1670 Christus

167 1686 286 1727 vicit
313 1687 522 1726 mortem·
579 1683 878 1725 Praedicator
912 1682 1090 1725 familia

501 1736 782 1792 Onesiphori.

241 1860 292 1903 1.
332 1833 563 1915 Paulus,
631 1856 905 1913 Apostolus
968 1858 1090 1901 Jesu

171 1924 377 1972 Christi
412 1938 504 1982 per
541 1923 854 1971 voluntatem
879 1923 978 1970 Dei
1007 1937 1088 1970 se-

171 1995 399 2040 cundum
411 1992 799 2050 promissionem
809 1992 1089 2049 vitae‚quae

175 2064 257 2106 est
277 2061 336 2106 in
359 2060 560 2105 Christo
581 2061 612 2104 ,Ι
615 2073 718 2105 esu.

243 2129 292 2172 2.
333 2127 606 2173 Timotheo
636 2126 930 2172 charissimo
949 2125 1089 2171 ίίΙίο(ι

174 2195 374 2254 gratia,
401 2194 776 2251 misericordia,
809 2207 909 2250 pax
927 2207 958 2238 a
977 2194 1086 2239 Deo

174 2261 349 2321 Patre,
389 2263 442 2308 et
477 2261 676 2307 Christo
713 2262 836 2306 Jesu
867 2260 1086 2305 Domino

177 2331 382 2374 nostro.

245 2397 294 2442 3.
333 2394 536 2440 Gratias
565 2407 662 2452 ago
690 2395 830 2452 Deo,
871 2392 952 2439 cui
977 2405 1086 2438 ser-

180 2455 300 2507 vio⁶
347 2476 378 2508 a
414 2461 824 2520 progenitoribus
870 2460 924 2505 in
961 2473 1081 2506 con-

179 2529 398 2576 scientia
407 2541 550 2587 pura,
561 2527 696 2584 quod
710 2527 820 2573 sine
830 2527 1088 2572 intermis-

179 2596 330 2642 sione
360 2597 568 2642 habeam
595 2595 671 2641 tui
705 2593 998 2640 memoriam
1034 2593 1088 2639 in

183 2663 504 2709 orationibus
520 2663 664 2721 meis,
686 2664 837 2708 nocte
856 2674 915 2708 ac
935 2660 1042 2717 die3

248 2744 296 2788 4.
335 2741 628 2788 desiderans
664 2744 715 2788 te
755 2742 942 2800 videre,
979 2755 1089 2786 me·-

183 2822 295 2854 mor
315 2810 653 2866 lacrymarum
665 2809 946 2866 tuarum‚ut
963 2820 1088 2865 gau-

185 2874 268 2921 dio
289 2875 519 2934 implear.

253 2946 300 2988 5.
355 2941 776 2988 Recordationem
837 2940 1090 2997 accipiens

190 3009 299 3064 ejus
319 3009 462 3066 fidei,
492 3020 618 3065 quae
647 3010 722 3053 est
748 3008 802 3053 in
828 3010 881 3052 te
909 3019 1012 3052 non
1032 3009 1090 3052 fi-

189 3077 316 3135 ctae,
358 3089 484 3133 quae
513 3077 566 3122 et
600 3074 844 3120 habitavit
878 3073 1092 3130 primum

188 3141 242 3186 in
272 3143 388 3188 avia
413 3146 500 3188 tua
528 3141 713 3201 Loide,
743 3143 794 3188 et
818 3142 976 3186 matre
1006 3141 1092 3186 tua

237 3255 296 3285 αι
319 3251 410 3286 Cor.
444 3254 484 3294 4,
520 3254 577 3288 15.
625 3249 752 3286 ⁶Act.
777 3251 842 3293 24,
875 3250 936 3286 14.
971 3253 1027 3287 16.
1077 3256 1094 3274 0

193 3293 300 3331 Phil.
319 3300 358 3339 2,
373 3299 538 3334 ιιι-22.

1153 1532 1351 1579 Eunice
1364 1526 1409 1593 d,
1430 1536 1595 1581 certus
1616 1547 1725 1580 sum
1743 1536 1909 1580 autem
1928 1536 2063 1591 quod

1156 1603 1209 1645 et
1226 1600 1282 1644 in
1298 1602 1364 1647 te.

1224 1668 1271 1710 6.
1305 1668 1523 1725 Propter
1551 1682 1698 1724 quam
1735 1682 1933 1715 causam
1970 1669 2059 1713 ad-

1155 1744 1342 1778 moneo
1363 1737 1432 1793 te,
1451 1738 1509 1779 ut
1526 1736 1827 1780 resuscitesc
1848 1736 2061 1792 gratiam

1157 1798 1279 1855 Dei,
1318 1812 1445 1855 quae
1474 1803 1551 1846 est
1574 1801 1627 1846 in
1654 1803 1705 1846 te
1730 1814 1822 1857 per
1850 1802 2058 1857 imposi-

1155 1863 1349 1909 tionem
1364 1878 1602 1911 manuum
1619 1880 1857 1912 mearum.

1225 1948 1271 1992 7.
1306 1948 1423 1995 Non
1446 1950 1578 1995 enim
1598 1950 1733 1996 dedit
1754 1951 1900 1998 nobis
1920 1951 2056 1997 Deus

1157 2014 1389 2071 spiritum
1415 2010 1657 2064 timoriss
1669 2033 1683 2076 3
1724 2019 1812 2064 sed
1838 2019 2053 2076 virtutis,

1156 2084 1208 2127 et
1229 2082 1531 2143 dilectionis,
1554 2087 1605 2131 et
1622 2086 1923 2133 sobrietatis.

1223 2169 1269 2211 8.
1298 2167 1418 2213 Noli
1434 2169 1605 2224 itaque
1623 2173 1959 2216 erubesceres*
1977 2175 2055 2216 te-

1153 2233 1445 2282 stimonium
1483 2237 1693 2282 Domini
1727 2239 1927 2298 nostri,
1963 2252 2055 2284 ne-

1155 2313 1251 2356 que
1270 2315 1350 2347 me
1369 2303 1591 2349 vinctum
1610 2305 1747 2363 ejus3
1780 2305 1868 2351 sed
1896 2305 2055 2351 colla-

1154 2369 1279 2416 bora
1296 2369 1581 2428 Evangelio
1601 2372 1876 2418 secundum
1898 2373 2057 2417 virtu-

1153 2436 1256 2479 tem
1274 2435 1388 2494 nei,

1224 2503 1271 2544 9.
1307 2503 1506 2558 quinos
1535 2504 1792 2561 liberavit,
1825 2507 1877 2550 et
1904 2517 2056 2550 voca-

1155 2565 1231 2611 vit
1248 2569 1518 2615 vocatione
1538 2584 1628 2616 sua
1649 2573 1955 2629 sancta,non
1975 2585 2056 2616 se-

1156 2633 1373 2680 cundum
1410 2649 1566 2693 opera
1600 2641 1803 2696 nostra,
1850 2637 1938 2683 sed
1976 2651 2057 2684 se-

1156 2701 1372 2748 cundum
1418 2704 1730 2761 propositum
1784 2717 1951 2762 suum,
2010 2709 2060 2751 et

1156 2769 1396 2828 gratiam,
1426 2783 1553 2826 quae
1583 2771 1696 2815 data
1725 2772 1802 2815 est
1828 2772 1974 2818 nobis
2005 2773 2057 2817 in

1158 2835 1359 2880 Christo
1390 2837 1511 2882 Jesu
1539 2839 1656 2882 ante
1686 2838 1915 2894 tempora
1944 2853 2057 2885 sae-

1158 2895 1402 2947 culariah.

1226 2969 1305 3012 10.
1325 2967 1647 3014 Manifestata
1662 2973 1739 3016 est
1748 2976 1913 3019 autem
1924 2987 2057 3019 nunc

1157 3047 1249 3091 per
1295 3034 1712 3083 illuminationem
1751 3034 2059 3086 Salvatorisi

1157 3101 1324 3146 nostri
1342 3102 1464 3148 Jesu
1485 3103 1686 3163 Christi,
1708 3107 1793 3162 qui
1812 3106 2059 3153 destruxit

1204 3207 1226 3234 ὅ
1242 3207 1333 3247 Act.
1352 3213 1421 3254 16,
1440 3216 1473 3249 1.
1520 3220 1537 3239 θ
1553 3217 1576 3249 1
1593 3212 1698 3248 Tim.
1717 3217 1763 3255 4,
1792 3218 1852 3250 14.
1900 3213 1924 3244 f
1940 3213 2056 3252 Rom.

1156 3257 1195 3297 8,
1212 3258 1271 3292 15·
1317 3261 1343 3291 ὅ
1357 3255 1471 3308 Rom.
1492 3263 1528 3301 1,
1544 3262 1605 3296 16.
1652 3256 1673 3285 ἢ
1691 3267 1711 3297 1
1732 3261 1819 3297 Cor.
1838 3263 1874 3301 2,
1898 3265 1929 3296 7.
1947 3259 2054 3306 Eph.

1157 3304 1196 3342 2,
1218 3305 1254 3338 8.
1272 3306 1307 3338 9.
1355 3309 1370 3328 ⁸
1391 3303 1471 3341 Tit.
1488 3309 1525 3346 ·1,
1545 3309 1581 3343 3.

309 3441 421 3496 Cap.
459 3441 498 3484 1.
573 3448 616 3486 3.
654 3456 783 3498 quam
824 3445 919 3487 sine
957 3447 1299 3494 intermissione.
1372 3457 1411 3492 4.
1452 3451 1735 3494 lacrimarum
1770 3459 1957 3494 tuarum.
2017 3457 2057 3496 9.

202 3499 436 3541 vocatione
455 3505 608 3542 sancta
632 3502 773 3554 (deest
791 3501 906 3554 sua).
