<?xml version="1.0" encoding="UTF-8"?>
<!DOCTYPE html PUBLIC "-//W3C//DTD XHTML 1.0 Transitional//EN"
    "http://www.w3.org/TR/xhtml1/DTD/xhtml1-transitional.dtd">
<html xmlns="http://www.w3.org/1999/xhtml" xml:lang="en" lang="en">
 <head>
  <title>
</title>
<meta http-equiv="Content-Type" content="text/html;charset=utf-8" />
  <meta name='ocr-system' content='tesseract 3.04.00' />
  <meta name='ocr-capabilities' content='ocr_page ocr_carea ocr_par ocr_line ocrx_word'/>
</head>
<body>
  <div class='ocr_page' id='page_1' title='image "./novumtestamentu01flecgoog_0248.png"; bbox 0 0 2376 3925; ppageno 0'>
   <div class='ocr_carea' id='block_1_1' title="bbox 294 175 393 226">
    <p class='ocr_par' dir='ltr' id='par_1_1' title="bbox 294 175 393 226">
     <span class='ocr_line' id='line_1_1' title="bbox 294 175 393 226; baseline -0.01 0"><span class='ocrx_word' id='word_1_1' title='bbox 294 175 393 226; x_wconf 80' lang='lat'><strong>180</strong></span> 
     </span>
    </p>
   </div>
   <div class='ocr_carea' id='block_1_2' title="bbox 853 165 1612 222">
    <p class='ocr_par' dir='ltr' id='par_1_2' title="bbox 853 165 1612 222">
     <span class='ocr_line' id='line_1_2' title="bbox 853 165 1612 222; baseline -0.005 -1"><span class='ocrx_word' id='word_1_2' title='bbox 853 167 1177 222; x_wconf 82' lang='lat' dir='ltr'><strong>JOANNE</strong></span> <span class='ocrx_word' id='word_1_3' title='bbox 1192 165 1246 218; x_wconf 92' lang='lat' dir='ltr'><strong>S.</strong></span> <span class='ocrx_word' id='word_1_4' title='bbox 1321 167 1488 218; x_wconf 86' lang='lat' dir='ltr'><strong>CAP.</strong></span> <span class='ocrx_word' id='word_1_5' title='bbox 1527 167 1612 218; x_wconf 83' lang='grc'><strong>19.</strong></span> 
     </span>
    </p>
   </div>
   <div class='ocr_carea' id='block_1_3' title="bbox 288 246 2191 270">
    <p class='ocr_par' dir='ltr' id='par_1_3' title="bbox 288 246 2191 270">
     <span class='ocr_line' id='line_1_3' title="bbox 288 246 2191 270; baseline 0 3655"><span class='ocrx_word' id='word_1_6' title='bbox 288 246 2191 270; x_wconf 95' lang='lat' dir='ltr'><strong> </strong></span> 
     </span>
    </p>
   </div>
   <div class='ocr_carea' id='block_1_4' title="bbox 264 273 1208 3071">
    <p class='ocr_par' dir='ltr' id='par_1_4' title="bbox 294 273 1202 469">
     <span class='ocr_line' id='line_1_4' title="bbox 295 273 1202 324; baseline -0.007 0"><span class='ocrx_word' id='word_1_7' title='bbox 295 281 345 324; x_wconf 84' lang='lat' dir='ltr'><strong>et</strong></span> <span class='ocrx_word' id='word_1_8' title='bbox 370 277 605 323; x_wconf 86' lang='lat' dir='ltr'><strong>tunicam.</strong></span> <span class='ocrx_word' id='word_1_9' title='bbox 672 275 801 321; x_wconf 79' lang='lat' dir='ltr'><strong>Erat</strong></span> <span class='ocrx_word' id='word_1_10' title='bbox 826 276 993 319; x_wconf 82' lang='lat' dir='ltr'><strong>autem</strong></span> <span class='ocrx_word' id='word_1_11' title='bbox 1028 273 1202 318; x_wconf 84' lang='lat' dir='ltr'><strong>tunica</strong></span> 
     </span>
     <span class='ocr_line' id='line_1_5' title="bbox 296 340 1202 402; baseline -0.008 -11"><span class='ocrx_word' id='word_1_12' title='bbox 296 343 614 391; x_wconf 77' lang='lat' dir='ltr'><strong>inconsutilis</strong></span> <span class='ocrx_word' id='word_1_13' title='bbox 634 373 649 402; x_wconf 91' lang='lat'>,</span> <span class='ocrx_word' id='word_1_14' title='bbox 699 341 914 399; x_wconf 82' lang='lat' dir='ltr'><strong>desuper</strong></span> <span class='ocrx_word' id='word_1_15' title='bbox 960 340 1202 386; x_wconf 79' lang='lat' dir='ltr'><strong>contexta</strong></span> 
     </span>
     <span class='ocr_line' id='line_1_6' title="bbox 294 413 581 469; baseline -0.01 -11"><span class='ocrx_word' id='word_1_16' title='bbox 294 425 386 469; x_wconf 89' lang='lat' dir='ltr'><strong>per</strong></span> <span class='ocrx_word' id='word_1_17' title='bbox 405 413 581 457; x_wconf 88' lang='lat' dir='ltr'><strong>totum.</strong></span> 
     </span>
    </p>

    <p class='ocr_par' dir='ltr' id='par_1_5' title="bbox 294 473 1208 994">
     <span class='ocr_line' id='line_1_7' title="bbox 363 473 1200 534; baseline -0.005 -12"><span class='ocrx_word' id='word_1_18' title='bbox 363 481 442 523; x_wconf 81' lang='lat'><strong>24.</strong></span> <span class='ocrx_word' id='word_1_19' title='bbox 462 477 719 523; x_wconf 82' lang='lat' dir='ltr'><strong>Dixerunt</strong></span> <span class='ocrx_word' id='word_1_20' title='bbox 738 489 863 534; x_wconf 80' lang='lat' dir='ltr'><strong>ergo</strong></span> <span class='ocrx_word' id='word_1_21' title='bbox 875 474 937 520; x_wconf 80' lang='lat' dir='ltr'><strong>ad</strong></span> <span class='ocrx_word' id='word_1_22' title='bbox 957 473 1200 519; x_wconf 86' lang='lat' dir='ltr'><strong>invicem:</strong></span> 
     </span>
     <span class='ocr_line' id='line_1_8' title="bbox 294 541 1202 602; baseline -0.007 -11"><span class='ocrx_word' id='word_1_23' title='bbox 294 546 413 592; x_wconf 91' lang='lat' dir='ltr'><strong>Non</strong></span> <span class='ocrx_word' id='word_1_24' title='bbox 432 544 716 590; x_wconf 75' lang='lat' dir='ltr'><strong>scindamus</strong></span> <span class='ocrx_word' id='word_1_25' title='bbox 738 557 873 602; x_wconf 83' lang='lat' dir='ltr'><strong>eam,</strong></span> <span class='ocrx_word' id='word_1_26' title='bbox 906 541 994 587; x_wconf 84' lang='lat' dir='ltr'><strong>sed</strong></span> <span class='ocrx_word' id='word_1_27' title='bbox 1014 541 1202 586; x_wconf 81' lang='lat' dir='ltr'><strong>sortia-</strong></span> 
     </span>
     <span class='ocr_line' id='line_1_9' title="bbox 295 607 1203 670; baseline -0.007 -12"><span class='ocrx_word' id='word_1_28' title='bbox 295 625 407 658; x_wconf 90' lang='lat' dir='ltr'><strong>mur</strong></span> <span class='ocrx_word' id='word_1_29' title='bbox 437 611 497 657; x_wconf 83' lang='lat' dir='ltr'><strong>de</strong></span> <span class='ocrx_word' id='word_1_30' title='bbox 527 611 643 670; x_wconf 81' lang='lat' dir='ltr'><strong>illa,</strong></span> <span class='ocrx_word' id='word_1_31' title='bbox 684 611 827 669; x_wconf 77' lang='lat' dir='ltr'><strong>quus</strong></span> <span class='ocrx_word' id='word_1_32' title='bbox 857 609 948 666; x_wconf 86' lang='lat' dir='ltr'><strong>sit;</strong></span> <span class='ocrx_word' id='word_1_33' title='bbox 990 610 1043 653; x_wconf 89' lang='lat' dir='ltr'><strong>ut</strong></span> <span class='ocrx_word' id='word_1_34' title='bbox 1062 607 1203 653; x_wconf 83' lang='lat' dir='ltr'><strong>Scri-</strong></span> 
     </span>
     <span class='ocr_line' id='line_1_10' title="bbox 296 676 1203 737; baseline -0.007 -12"><span class='ocrx_word' id='word_1_35' title='bbox 296 681 444 737; x_wconf 81' lang='lat' dir='ltr'><strong>ptura</strong></span> <span class='ocrx_word' id='word_1_36' title='bbox 462 679 781 737; x_wconf 86' lang='lat' dir='ltr'><strong>impleretur,</strong></span> <span class='ocrx_word' id='word_1_37' title='bbox 810 677 1007 722; x_wconf 77' lang='lat' dir='ltr'><strong>dicens:</strong></span> <span class='ocrx_word' id='word_1_38' title='bbox 1039 676 1203 734; x_wconf 81' lang='lat' dir='ltr'><strong>„Par-</strong></span> 
     </span>
     <span class='ocr_line' id='line_1_11' title="bbox 297 741 1202 806; baseline -0.007 -14"><span class='ocrx_word' id='word_1_39' title='bbox 297 745 419 806; x_wconf 89' lang='lat' dir='ltr'><strong>„titi</strong></span> <span class='ocrx_word' id='word_1_40' title='bbox 449 747 567 792; x_wconf 87' lang='lat' dir='ltr'><strong>sunt</strong></span> <span class='ocrx_word' id='word_1_41' title='bbox 596 745 895 791; x_wconf 83' lang='lat' dir='ltr'><strong>vestimenta</strong></span> <span class='ocrx_word' id='word_1_42' title='bbox 928 754 1043 788; x_wconf 87' lang='lat' dir='ltr'><strong>mea</strong></span> <span class='ocrx_word' id='word_1_43' title='bbox 1079 741 1202 788; x_wconf 85' lang='lat' dir='ltr'><strong>sibi:</strong></span> 
     </span>
     <span class='ocr_line' id='line_1_12' title="bbox 298 809 1208 872; baseline -0.007 -12"><span class='ocrx_word' id='word_1_44' title='bbox 298 815 389 872; x_wconf 88' lang='lat' dir='ltr'><strong>„et</strong></span> <span class='ocrx_word' id='word_1_45' title='bbox 434 813 488 859; x_wconf 87' lang='lat' dir='ltr'><strong>in</strong></span> <span class='ocrx_word' id='word_1_46' title='bbox 532 816 725 859; x_wconf 83' lang='lat' dir='ltr'><strong>vestem</strong></span> <span class='ocrx_word' id='word_1_47' title='bbox 760 823 921 856; x_wconf 87' lang='lat' dir='ltr'><strong>meam</strong></span> <span class='ocrx_word' id='word_1_48' title='bbox 956 809 1208 855; x_wconf 86' lang='lat' dir='ltr'><strong>miserunt</strong></span> 
     </span>
     <span class='ocr_line' id='line_1_13' title="bbox 298 872 1206 934; baseline -0.004 -8"><span class='ocrx_word' id='word_1_49' title='bbox 298 882 503 926; x_wconf 87' lang='lat' dir='ltr'><strong>sortem.</strong></span> <span class='ocrx_word' id='word_1_50' title='bbox 518 878 553 907; x_wconf 89' lang='lat'><strong>“</strong></span> <span class='ocrx_word' id='word_1_51' title='bbox 568 872 591 908; x_wconf 68' lang='grc' dir='ltr'><strong>ὅ</strong></span> <span class='ocrx_word' id='word_1_52' title='bbox 657 879 727 924; x_wconf 81' lang='lat' dir='ltr'><strong>Et</strong></span> <span class='ocrx_word' id='word_1_53' title='bbox 770 877 957 924; x_wconf 83' lang='lat' dir='ltr'><strong>milites</strong></span> <span class='ocrx_word' id='word_1_54' title='bbox 1004 876 1206 934; x_wconf 84' lang='lat' dir='ltr'><strong>quidem</strong></span> 
     </span>
     <span class='ocr_line' id='line_1_14' title="bbox 296 947 687 994; baseline -0.01 0"><span class='ocrx_word' id='word_1_55' title='bbox 296 949 421 994; x_wconf 85' lang='lat' dir='ltr'><strong>haec</strong></span> <span class='ocrx_word' id='word_1_56' title='bbox 441 947 687 993; x_wconf 84' lang='lat' dir='ltr'><strong>fecerunt.</strong></span> 
     </span>
    </p>

    <p class='ocr_par' dir='ltr' id='par_1_6' title="bbox 264 1012 1208 1273">
     <span class='ocr_line' id='line_1_15' title="bbox 364 1012 1206 1069; baseline -0.005 -10"><span class='ocrx_word' id='word_1_57' title='bbox 364 1016 444 1059; x_wconf 82' lang='grc'><strong>25.</strong></span> <span class='ocrx_word' id='word_1_58' title='bbox 484 1013 694 1059; x_wconf 85' lang='lat' dir='ltr'><strong>Stabant</strong></span> <span class='ocrx_word' id='word_1_59' title='bbox 721 1013 888 1058; x_wconf 79' lang='lat' dir='ltr'><strong>autem</strong></span> <span class='ocrx_word' id='word_1_60' title='bbox 909 1012 1059 1069; x_wconf 83' lang='lat' dir='ltr'><strong>juxta.</strong></span> <span class='ocrx_word' id='word_1_61' title='bbox 1087 1023 1206 1056; x_wconf 87' lang='lat' dir='ltr'><strong>cru-</strong></span> 
     </span>
     <span class='ocr_line' id='line_1_16' title="bbox 298 1079 1206 1137; baseline -0.006 -10"><span class='ocrx_word' id='word_1_62' title='bbox 298 1095 407 1127; x_wconf 87' lang='lat' dir='ltr'><strong>cem</strong></span> <span class='ocrx_word' id='word_1_63' title='bbox 440 1080 564 1126; x_wconf 84' lang='lat' dir='ltr'><strong>Jesu</strong></span> <span class='ocrx_word' id='word_1_64' title='bbox 600 1081 762 1125; x_wconf 82' lang='lat' dir='ltr'><strong>mater</strong></span> <span class='ocrx_word' id='word_1_65' title='bbox 798 1079 928 1137; x_wconf 84' lang='lat' dir='ltr'><strong>ejus,</strong></span> <span class='ocrx_word' id='word_1_66' title='bbox 967 1080 1019 1124; x_wconf 90' lang='lat' dir='ltr'><strong>et</strong></span> <span class='ocrx_word' id='word_1_67' title='bbox 1055 1090 1206 1123; x_wconf 86' lang='lat' dir='ltr'><strong>soror</strong></span> 
     </span>
     <span class='ocr_line' id='line_1_17' title="bbox 264 1146 1208 1205; baseline -0.004 -11"><span class='ocrx_word' id='word_1_68' title='bbox 264 1189 270 1196; x_wconf 84' lang='lat'><strong>.</strong></span> <span class='ocrx_word' id='word_1_69' title='bbox 296 1146 470 1192; x_wconf 83' lang='lat' dir='ltr'><strong>matris</strong></span> <span class='ocrx_word' id='word_1_70' title='bbox 492 1147 621 1205; x_wconf 84' lang='lat' dir='ltr'><strong>ejus,</strong></span> <span class='ocrx_word' id='word_1_71' title='bbox 643 1147 807 1192; x_wconf 82' lang='lat' dir='ltr'><strong>Maria</strong></span> <span class='ocrx_word' id='word_1_72' title='bbox 828 1146 1083 1204; x_wconf 86' lang='lat' dir='ltr'><strong>Cleophae</strong></span> <span class='ocrx_word' id='word_1_73' title='bbox 1095 1152 1133 1204; x_wconf 74' lang='lat'><strong>⁶,</strong></span> <span class='ocrx_word' id='word_1_74' title='bbox 1155 1147 1208 1190; x_wconf 88' lang='lat' dir='ltr'><strong>et</strong></span> 
     </span>
     <span class='ocr_line' id='line_1_18' title="bbox 298 1214 800 1273; baseline 0 -13"><span class='ocrx_word' id='word_1_75' title='bbox 298 1214 463 1260; x_wconf 80' lang='lat' dir='ltr'><strong>Maria</strong></span> <span class='ocrx_word' id='word_1_76' title='bbox 480 1215 800 1273; x_wconf 81' lang='lat' dir='ltr'><strong>Magdalene.</strong></span> 
     </span>
    </p>

    <p class='ocr_par' dir='ltr' id='par_1_7' title="bbox 296 1281 1206 1540">
     <span class='ocr_line' id='line_1_19' title="bbox 363 1281 1206 1338; baseline -0.002 -12"><span class='ocrx_word' id='word_1_77' title='bbox 363 1283 445 1328; x_wconf 83' lang='grc'><strong>26.</strong></span> <span class='ocrx_word' id='word_1_78' title='bbox 485 1283 609 1328; x_wconf 86' lang='lat' dir='ltr'><strong>Cum</strong></span> <span class='ocrx_word' id='word_1_79' title='bbox 646 1281 857 1328; x_wconf 80' lang='lat' dir='ltr'><strong>vidisset</strong></span> <span class='ocrx_word' id='word_1_80' title='bbox 894 1293 1019 1338; x_wconf 83' lang='lat' dir='ltr'><strong>ergo</strong></span> <span class='ocrx_word' id='word_1_81' title='bbox 1057 1281 1206 1326; x_wconf 80' lang='lat' dir='ltr'><strong>Jesus</strong></span> 
     </span>
     <span class='ocr_line' id='line_1_20' title="bbox 296 1349 1205 1408; baseline -0.002 -14"><span class='ocrx_word' id='word_1_82' title='bbox 296 1352 534 1408; x_wconf 79' lang='lat' dir='ltr'><strong>matrem,</strong></span> <span class='ocrx_word' id='word_1_83' title='bbox 566 1351 617 1396; x_wconf 88' lang='lat' dir='ltr'><strong>et</strong></span> <span class='ocrx_word' id='word_1_84' title='bbox 646 1349 945 1406; x_wconf 88' lang='lat' dir='ltr'><strong>discipulum</strong></span> <span class='ocrx_word' id='word_1_85' title='bbox 971 1350 1205 1404; x_wconf 81' lang='lat' dir='ltr'><strong>stantem,</strong></span> 
     </span>
     <span class='ocr_line' id='line_1_21' title="bbox 297 1409 1205 1474; baseline -0.002 -13"><span class='ocrx_word' id='word_1_86' title='bbox 297 1430 445 1473; x_wconf 90' lang='lat' dir='ltr'><strong>quem</strong></span> <span class='ocrx_word' id='word_1_87' title='bbox 459 1409 745 1474; x_wconf 72' lang='lat' dir='ltr'><strong>diligebatd‚</strong></span> <span class='ocrx_word' id='word_1_88' title='bbox 760 1415 881 1460; x_wconf 79' lang='lat' dir='ltr'><strong>dicit</strong></span> <span class='ocrx_word' id='word_1_89' title='bbox 900 1415 1049 1460; x_wconf 84' lang='lat' dir='ltr'><strong>matri</strong></span> <span class='ocrx_word' id='word_1_90' title='bbox 1067 1426 1205 1460; x_wconf 83' lang='lat' dir='ltr'><strong>suae:</strong></span> 
     </span>
     <span class='ocr_line' id='line_1_22' title="bbox 296 1480 971 1540; baseline -0.001 -13"><span class='ocrx_word' id='word_1_91' title='bbox 296 1482 501 1540; x_wconf 85' lang='lat' dir='ltr'>Mulier,</span> <span class='ocrx_word' id='word_1_92' title='bbox 525 1496 661 1540; x_wconf 84' lang='lat' dir='ltr'><strong>ecce,</strong></span> <span class='ocrx_word' id='word_1_93' title='bbox 682 1482 813 1528; x_wconf 85' lang='lat' dir='ltr'><strong>filius</strong></span> <span class='ocrx_word' id='word_1_94' title='bbox 832 1480 971 1527; x_wconf 84' lang='lat' dir='ltr'><strong>tuus!</strong></span> 
     </span>
    </p>

    <p class='ocr_par' dir='ltr' id='par_1_8' title="bbox 298 1547 1206 1742">
     <span class='ocr_line' id='line_1_23' title="bbox 364 1547 1205 1605; baseline 0 -13"><span class='ocrx_word' id='word_1_95' title='bbox 364 1550 444 1594; x_wconf 75' lang='lat'><strong>27.</strong></span> <span class='ocrx_word' id='word_1_96' title='bbox 476 1548 673 1595; x_wconf 84' lang='lat' dir='ltr'><strong>Deinde</strong></span> <span class='ocrx_word' id='word_1_97' title='bbox 686 1549 807 1594; x_wconf 86' lang='lat' dir='ltr'><strong>dicit</strong></span> <span class='ocrx_word' id='word_1_98' title='bbox 819 1547 1065 1605; x_wconf 85' lang='lat' dir='ltr'><strong>discipulo</strong></span> <span class='ocrx_word' id='word_1_99' title='bbox 1078 1559 1090 1592; x_wconf 78' lang='lat' dir='ltr'>z</span> <span class='ocrx_word' id='word_1_100' title='bbox 1102 1547 1205 1593; x_wconf 89' lang='lat' dir='ltr'><strong>Ec-</strong></span> 
     </span>
     <span class='ocr_line' id='line_1_24' title="bbox 298 1614 1206 1674; baseline -0.002 -12"><span class='ocrx_word' id='word_1_101' title='bbox 298 1630 373 1674; x_wconf 88' lang='lat' dir='ltr'><strong>ce,</strong></span> <span class='ocrx_word' id='word_1_102' title='bbox 393 1618 553 1662; x_wconf 83' lang='lat' dir='ltr'><strong>mater</strong></span> <span class='ocrx_word' id='word_1_103' title='bbox 574 1614 680 1661; x_wconf 80' lang='lat' dir='ltr'><strong>tua!</strong></span> <span class='ocrx_word' id='word_1_104' title='bbox 693 1615 763 1661; x_wconf 91' lang='lat' dir='ltr'><strong>Et</strong></span> <span class='ocrx_word' id='word_1_105' title='bbox 780 1630 845 1662; x_wconf 85' lang='lat' dir='ltr'><strong>ex</strong></span> <span class='ocrx_word' id='word_1_106' title='bbox 867 1615 955 1660; x_wconf 83' lang='lat' dir='ltr'><strong>illa</strong></span> <span class='ocrx_word' id='word_1_107' title='bbox 972 1615 1101 1660; x_wconf 82' lang='lat' dir='ltr'><strong>hora</strong></span> <span class='ocrx_word' id='word_1_108' title='bbox 1119 1627 1206 1660; x_wconf 86' lang='lat' dir='ltr'><strong>ac—</strong></span> 
     </span>
     <span class='ocr_line' id='line_1_25' title="bbox 299 1683 1053 1742; baseline -0.003 -13"><span class='ocrx_word' id='word_1_109' title='bbox 299 1684 433 1742; x_wconf 87' lang='lat' dir='ltr'><strong>cepit</strong></span> <span class='ocrx_word' id='word_1_110' title='bbox 452 1697 561 1730; x_wconf 87' lang='lat' dir='ltr'><strong>eam</strong></span> <span class='ocrx_word' id='word_1_111' title='bbox 581 1683 854 1742; x_wconf 85' lang='lat' dir='ltr'><strong>discipulus</strong></span> <span class='ocrx_word' id='word_1_112' title='bbox 873 1683 929 1728; x_wconf 90' lang='lat' dir='ltr'><strong>in</strong></span> <span class='ocrx_word' id='word_1_113' title='bbox 947 1695 1053 1729; x_wconf 84' lang='lat' dir='ltr'><strong>sua.</strong></span> 
     </span>
    </p>

    <p class='ocr_par' dir='ltr' id='par_1_9' title="bbox 298 1748 1208 2001">
     <span class='ocr_line' id='line_1_26' title="bbox 364 1748 1208 1808; baseline -0.002 -12"><span class='ocrx_word' id='word_1_114' title='bbox 364 1753 445 1796; x_wconf 88' lang='lat'><strong>28.</strong></span> <span class='ocrx_word' id='word_1_115' title='bbox 482 1753 667 1798; x_wconf 82' lang='lat' dir='ltr'><strong>Postea</strong></span> <span class='ocrx_word' id='word_1_116' title='bbox 696 1751 860 1798; x_wconf 85' lang='lat' dir='ltr'><strong>sciens</strong></span> <span class='ocrx_word' id='word_1_117' title='bbox 880 1751 1057 1808; x_wconf 67' lang='lat' dir='ltr'><strong>lesus,</strong></span> <span class='ocrx_word' id='word_1_118' title='bbox 1090 1748 1208 1806; x_wconf 84' lang='lat' dir='ltr'><strong>quia</strong></span> 
     </span>
     <span class='ocr_line' id='line_1_27' title="bbox 301 1819 1208 1878; baseline -0.003 -13"><span class='ocrx_word' id='word_1_119' title='bbox 301 1819 469 1866; x_wconf 84' lang='lat' dir='ltr'><strong>onmia</strong></span> <span class='ocrx_word' id='word_1_120' title='bbox 491 1821 833 1866; x_wconf 82' lang='lat' dir='ltr'><strong>consummata</strong></span> <span class='ocrx_word' id='word_1_121' title='bbox 852 1820 986 1878; x_wconf 85' lang='lat' dir='ltr'><strong>sunt,</strong></span> <span class='ocrx_word' id='word_1_122' title='bbox 1000 1819 1061 1864; x_wconf 87' lang='lat' dir='ltr'><strong>ut</strong></span> <span class='ocrx_word' id='word_1_123' title='bbox 1080 1830 1208 1863; x_wconf 86' lang='lat' dir='ltr'><strong>con-</strong></span> 
     </span>
     <span class='ocr_line' id='line_1_28' title="bbox 300 1885 1205 1945; baseline -0.002 -13"><span class='ocrx_word' id='word_1_124' title='bbox 300 1889 635 1935; x_wconf 81' lang='lat' dir='ltr'><strong>summaretur</strong></span> <span class='ocrx_word' id='word_1_125' title='bbox 682 1887 1001 1945; x_wconf 62' lang='lat' dir='ltr'><strong>scripturae,</strong></span> <span class='ocrx_word' id='word_1_126' title='bbox 1048 1885 1205 1931; x_wconf 77' lang='lat' dir='ltr'><strong>dixit:</strong></span> 
     </span>
     <span class='ocr_line' id='line_1_29' title="bbox 298 1954 451 2001; baseline 0 0"><span class='ocrx_word' id='word_1_127' title='bbox 298 1954 451 2001; x_wconf 86' lang='lat' dir='ltr'><strong>Sitio!</strong></span> 
     </span>
    </p>

    <p class='ocr_par' dir='ltr' id='par_1_10' title="bbox 294 2021 1208 2344">
     <span class='ocr_line' id='line_1_30' title="bbox 363 2021 1208 2080; baseline -0.002 -14"><span class='ocrx_word' id='word_1_128' title='bbox 363 2024 445 2067; x_wconf 88' lang='grc'><strong>29.</strong></span> <span class='ocrx_word' id='word_1_129' title='bbox 487 2024 589 2068; x_wconf 86' lang='lat' dir='ltr'><strong>Vas</strong></span> <span class='ocrx_word' id='word_1_130' title='bbox 646 2035 769 2080; x_wconf 83' lang='lat' dir='ltr'><strong>ergo</strong></span> <span class='ocrx_word' id='word_1_131' title='bbox 824 2024 935 2067; x_wconf 82' lang='lat' dir='ltr'><strong>erat</strong></span> <span class='ocrx_word' id='word_1_132' title='bbox 984 2021 1208 2077; x_wconf 83' lang='lat' dir='ltr'><strong>positum</strong></span> 
     </span>
     <span class='ocr_line' id='line_1_31' title="bbox 295 2087 1205 2145; baseline -0.001 -12"><span class='ocrx_word' id='word_1_133' title='bbox 295 2092 438 2134; x_wconf 80' lang='lat' dir='ltr'><strong>aceto</strong></span> <span class='ocrx_word' id='word_1_134' title='bbox 464 2088 683 2145; x_wconf 87' lang='lat' dir='ltr'><strong>plenum.</strong></span> <span class='ocrx_word' id='word_1_135' title='bbox 752 2087 834 2133; x_wconf 91' lang='lat' dir='ltr'><strong>Illi</strong></span> <span class='ocrx_word' id='word_1_136' title='bbox 862 2092 1025 2133; x_wconf 84' lang='lat' dir='ltr'><strong>autem</strong></span> <span class='ocrx_word' id='word_1_137' title='bbox 1046 2100 1205 2143; x_wconf 88' lang='lat' dir='ltr'><strong>spon-</strong></span> 
     </span>
     <span class='ocr_line' id='line_1_32' title="bbox 297 2153 1204 2211; baseline 0 -14"><span class='ocrx_word' id='word_1_138' title='bbox 297 2154 429 2211; x_wconf 82' lang='lat' dir='ltr'><strong>giam</strong></span> <span class='ocrx_word' id='word_1_139' title='bbox 448 2154 649 2209; x_wconf 84' lang='lat' dir='ltr'><strong>plenam</strong></span> <span class='ocrx_word' id='word_1_140' title='bbox 670 2157 834 2211; x_wconf 87' lang='lat' dir='ltr'><strong>aceto,</strong></span> <span class='ocrx_word' id='word_1_141' title='bbox 854 2154 1078 2211; x_wconf 77' lang='lat' dir='ltr'><strong>hyssopo</strong></span> <span class='ocrx_word' id='word_1_142' title='bbox 1100 2153 1204 2198; x_wconf 88' lang='lat' dir='ltr'><strong>cir-</strong></span> 
     </span>
     <span class='ocr_line' id='line_1_33' title="bbox 296 2218 1205 2277; baseline -0.001 -11"><span class='ocrx_word' id='word_1_143' title='bbox 296 2222 685 2277; x_wconf 87' lang='lat' dir='ltr'><strong>cumponentes,</strong></span> <span class='ocrx_word' id='word_1_144' title='bbox 764 2218 1056 2266; x_wconf 85' lang='lat' dir='ltr'><strong>obtulerunt</strong></span> <span class='ocrx_word' id='word_1_145' title='bbox 1124 2220 1205 2265; x_wconf 90' lang='lat' dir='ltr'><strong>ori</strong></span> 
     </span>
     <span class='ocr_line' id='line_1_34' title="bbox 294 2300 421 2344; baseline -0.016 -11"><span class='ocrx_word' id='word_1_146' title='bbox 294 2300 421 2344; x_wconf 71' lang='lat' dir='ltr'><strong>ejus.</strong></span> 
     </span>
    </p>

    <p class='ocr_par' dir='ltr' id='par_1_11' title="bbox 293 2353 1202 2615">
     <span class='ocr_line' id='line_1_35' title="bbox 361 2353 1201 2411; baseline 0 -12"><span class='ocrx_word' id='word_1_147' title='bbox 361 2354 442 2399; x_wconf 86' lang='grc'><strong>30.</strong></span> <span class='ocrx_word' id='word_1_148' title='bbox 481 2353 605 2399; x_wconf 85' lang='lat' dir='ltr'><strong>Cum</strong></span> <span class='ocrx_word' id='word_1_149' title='bbox 623 2365 748 2411; x_wconf 82' lang='lat' dir='ltr'><strong>ergo</strong></span> <span class='ocrx_word' id='word_1_150' title='bbox 764 2353 1201 2411; x_wconf 77' lang='lat' dir='ltr'><strong>accepisset-Iesus</strong></span> 
     </span>
     <span class='ocr_line' id='line_1_36' title="bbox 294 2420 1202 2481; baseline -0.002 -12"><span class='ocrx_word' id='word_1_151' title='bbox 294 2423 515 2481; x_wconf 85' lang='lat' dir='ltr'><strong>acetum,</strong></span> <span class='ocrx_word' id='word_1_152' title='bbox 572 2420 727 2467; x_wconf 80' lang='lat' dir='ltr'><strong>dixit:</strong></span> <span class='ocrx_word' id='word_1_153' title='bbox 794 2422 1202 2467; x_wconf 81' lang='lat' dir='ltr'><strong>consummatum</strong></span> 
     </span>
     <span class='ocr_line' id='line_1_37' title="bbox 294 2488 1202 2549; baseline 0 -14"><span class='ocrx_word' id='word_1_154' title='bbox 294 2488 391 2536; x_wconf 79' lang='lat' dir='ltr'><strong>est!</strong></span> <span class='ocrx_word' id='word_1_155' title='bbox 421 2489 491 2535; x_wconf 90' lang='lat' dir='ltr'><strong>Et</strong></span> <span class='ocrx_word' id='word_1_156' title='bbox 509 2488 754 2537; x_wconf 84' lang='lat' dir='ltr'><strong>inclinato</strong></span> <span class='ocrx_word' id='word_1_157' title='bbox 786 2489 975 2549; x_wconf 86' lang='lat' dir='ltr'><strong>eapite,</strong></span> <span class='ocrx_word' id='word_1_158' title='bbox 995 2488 1202 2536; x_wconf 76' lang='lat' dir='ltr'><strong>tradidit</strong></span> 
     </span>
     <span class='ocr_line' id='line_1_38' title="bbox 293 2557 540 2615; baseline 0.008 -14"><span class='ocrx_word' id='word_1_159' title='bbox 293 2557 540 2615; x_wconf 83' lang='lat' dir='ltr'><strong>spiritum.</strong></span> 
     </span>
    </p>

    <p class='ocr_par' dir='ltr' id='par_1_12' title="bbox 291 2621 1202 3071">
     <span class='ocr_line' id='line_1_39' title="bbox 360 2621 1200 2683; baseline 0 -13"><span class='ocrx_word' id='word_1_160' title='bbox 360 2625 442 2670; x_wconf 88' lang='lat'><strong>31.</strong></span> <span class='ocrx_word' id='word_1_161' title='bbox 458 2622 656 2671; x_wconf 81' lang='lat' dir='ltr'><strong>-Judaei</strong></span> <span class='ocrx_word' id='word_1_162' title='bbox 676 2636 798 2682; x_wconf 77' lang='lat' dir='ltr'><strong>ergo</strong></span> <span class='ocrx_word' id='word_1_163' title='bbox 822 2621 1084 2683; x_wconf 89' lang='lat' dir='ltr'><strong>(quoniam</strong></span> <span class='ocrx_word' id='word_1_164' title='bbox 1101 2625 1200 2670; x_wconf 80' lang='lat' dir='ltr'><strong>Pa-</strong></span> 
     </span>
     <span class='ocr_line' id='line_1_40' title="bbox 292 2690 1202 2751; baseline 0.004 -18"><span class='ocrx_word' id='word_1_165' title='bbox 292 2701 506 2739; x_wconf 84' lang='lat' dir='ltr'><strong>rasceve</strong></span> <span class='ocrx_word' id='word_1_166' title='bbox 517 2690 667 2751; x_wconf 87' lang='lat' dir='ltr'><strong>erat),</strong></span> <span class='ocrx_word' id='word_1_167' title='bbox 678 2692 735 2737; x_wconf 89' lang='lat' dir='ltr'><strong>ut</strong></span> <span class='ocrx_word' id='word_1_168' title='bbox 751 2704 858 2736; x_wconf 91' lang='lat' dir='ltr'><strong>non</strong></span> <span class='ocrx_word' id='word_1_169' title='bbox 876 2693 1202 2737; x_wconf 75' lang='lat' dir='ltr'><strong>remanerent</strong></span> 
     </span>
     <span class='ocr_line' id='line_1_41' title="bbox 292 2750 1201 2818; baseline 0.003 -17"><span class='ocrx_word' id='word_1_170' title='bbox 292 2755 349 2801; x_wconf 89' lang='lat' dir='ltr'><strong>in</strong></span> <span class='ocrx_word' id='word_1_171' title='bbox 370 2770 519 2805; x_wconf 84' lang='lat' dir='ltr'><strong>cruce</strong></span> <span class='ocrx_word' id='word_1_172' title='bbox 540 2772 759 2818; x_wconf 81' lang='lat' dir='ltr'><strong>corpora</strong></span> <span class='ocrx_word' id='word_1_173' title='bbox 779 2750 1045 2805; x_wconf 81' lang='lat' dir='ltr'><strong>Sabbatos</strong></span> <span class='ocrx_word' id='word_1_174' title='bbox 1065 2757 1201 2818; x_wconf 82' lang='lat' dir='ltr'><strong>(erat</strong></span> 
     </span>
     <span class='ocr_line' id='line_1_42' title="bbox 295 2822 1198 2888; baseline 0.004 -21"><span class='ocrx_word' id='word_1_175' title='bbox 295 2822 431 2868; x_wconf 88' lang='lat' dir='ltr'><strong>enim</strong></span> <span class='ocrx_word' id='word_1_176' title='bbox 456 2838 666 2884; x_wconf 84' lang='lat' dir='ltr'><strong>maguus</strong></span> <span class='ocrx_word' id='word_1_177' title='bbox 696 2827 801 2874; x_wconf 83' lang='lat' dir='ltr'><strong>dies</strong></span> <span class='ocrx_word' id='word_1_178' title='bbox 833 2826 922 2873; x_wconf 88' lang='lat' dir='ltr'><strong>ille</strong></span> <span class='ocrx_word' id='word_1_179' title='bbox 952 2824 1198 2888; x_wconf 78' lang='lat' dir='ltr'><strong>sabbati),</strong></span> 
     </span>
     <span class='ocr_line' id='line_1_43' title="bbox 292 2894 1199 2954; baseline 0.006 -20"><span class='ocrx_word' id='word_1_180' title='bbox 292 2895 606 2947; x_wconf 83' lang='lat' dir='ltr'><strong>rogaverunt</strong></span> <span class='ocrx_word' id='word_1_181' title='bbox 628 2894 870 2954; x_wconf 81' lang='lat' dir='ltr'><strong>Pilatum,</strong></span> <span class='ocrx_word' id='word_1_182' title='bbox 900 2897 957 2941; x_wconf 85' lang='lat' dir='ltr'><strong>ut</strong></span> <span class='ocrx_word' id='word_1_183' title='bbox 989 2896 1199 2952; x_wconf 81' lang='lat' dir='ltr'><strong>frange—</strong></span> 
     </span>
     <span class='ocr_line' id='line_1_44' title="bbox 291 2959 1198 3022; baseline 0.007 -20"><span class='ocrx_word' id='word_1_184' title='bbox 291 2959 469 3003; x_wconf 88' lang='lat' dir='ltr'><strong>rentur</strong></span> <span class='ocrx_word' id='word_1_185' title='bbox 488 2971 667 3004; x_wconf 88' lang='lat' dir='ltr'><strong>eorum</strong></span> <span class='ocrx_word' id='word_1_186' title='bbox 684 2974 859 3022; x_wconf 85' lang='lat' dir='ltr'><strong>crura,</strong></span> <span class='ocrx_word' id='word_1_187' title='bbox 882 2964 933 3010; x_wconf 89' lang='lat' dir='ltr'><strong>et</strong></span> <span class='ocrx_word' id='word_1_188' title='bbox 948 2962 1198 3009; x_wconf 88' lang='lat' dir='ltr'><strong>tolleren-</strong></span> 
     </span>
     <span class='ocr_line' id='line_1_45' title="bbox 291 3026 389 3071; baseline 0 -1"><span class='ocrx_word' id='word_1_189' title='bbox 291 3026 389 3071; x_wconf 87' lang='lat' dir='ltr'><strong>tur.</strong></span> 
     </span>
    </p>
   </div>
   <div class='ocr_carea' id='block_1_5' title="bbox 290 3132 1196 3231">
    <p class='ocr_par' dir='ltr' id='par_1_13' title="bbox 290 3132 1196 3231">
     <span class='ocr_line' id='line_1_46' title="bbox 336 3132 1196 3181; baseline 0.006 -13"><span class='ocrx_word' id='word_1_190' title='bbox 336 3133 353 3160; x_wconf 65' lang='grc' dir='ltr'><strong>ὅ</strong></span> <span class='ocrx_word' id='word_1_191' title='bbox 369 3132 437 3169; x_wconf 67' lang='lat' dir='ltr'><strong>Pa.</strong></span> <span class='ocrx_word' id='word_1_192' title='bbox 454 3136 516 3173; x_wconf 74' lang='grc'><strong>21.</strong></span> <span class='ocrx_word' id='word_1_193' title='bbox 536 3137 595 3170; x_wconf 77' lang='grc'><strong>19.</strong></span> <span class='ocrx_word' id='word_1_194' title='bbox 641 3140 659 3160; x_wconf 61' lang='grc'><em>9</em></span> <span class='ocrx_word' id='word_1_195' title='bbox 674 3132 775 3172; x_wconf 75' lang='lat' dir='ltr'><strong>Luc.</strong></span> <span class='ocrx_word' id='word_1_196' title='bbox 794 3139 857 3179; x_wconf 80' lang='grc'><strong>24,</strong></span> <span class='ocrx_word' id='word_1_197' title='bbox 876 3140 934 3175; x_wconf 81' lang='grc'><strong>18.</strong></span> <span class='ocrx_word' id='word_1_198' title='bbox 982 3137 1004 3165; x_wconf 59' lang='lat'><strong>⁴²</strong></span> <span class='ocrx_word' id='word_1_199' title='bbox 1022 3141 1196 3181; x_wconf 82' lang='lat' dir='ltr'><strong>e.13,23.</strong></span> 
     </span>
     <span class='ocr_line' id='line_1_47' title="bbox 290 3175 1001 3231; baseline 0.006 -15"><span class='ocrx_word' id='word_1_200' title='bbox 290 3187 306 3205; x_wconf 75' lang='lat'><strong><em>‘</em></strong></span> <span class='ocrx_word' id='word_1_201' title='bbox 326 3179 393 3216; x_wconf 69' lang='lat' dir='ltr'><strong>Pa.</strong></span> <span class='ocrx_word' id='word_1_202' title='bbox 411 3183 472 3222; x_wconf 82' lang='grc'><strong>68,</strong></span> <span class='ocrx_word' id='word_1_203' title='bbox 489 3182 550 3215; x_wconf 88' lang='grc'><strong>22.</strong></span> <span class='ocrx_word' id='word_1_204' title='bbox 595 3175 625 3211; x_wconf 62' lang='lat' dir='ltr'><em>f</em></span> <span class='ocrx_word' id='word_1_205' title='bbox 640 3178 762 3220; x_wconf 76' lang='lat' dir='ltr'><strong>Deut.</strong></span> <span class='ocrx_word' id='word_1_206' title='bbox 780 3185 840 3224; x_wconf 84' lang='lat'><strong>21,</strong></span> <span class='ocrx_word' id='word_1_207' title='bbox 858 3185 920 3217; x_wconf 86' lang='lat'><strong>22.</strong></span> <span class='ocrx_word' id='word_1_208' title='bbox 942 3194 1001 3231; x_wconf 85' lang='lat' dir='ltr'><strong>sq.</strong></span> 
     </span>
    </p>
   </div>
   <div class='ocr_carea' id='block_1_6' title="bbox 407 3324 1728 3389">
    <p class='ocr_par' dir='ltr' id='par_1_14' title="bbox 407 3324 1728 3389">
     <span class='ocr_line' id='line_1_48' title="bbox 407 3324 1728 3389; baseline 0.004 -20"><span class='ocrx_word' id='word_1_209' title='bbox 407 3327 521 3381; x_wconf 82' lang='lat' dir='ltr'><strong>Cap.</strong></span> <span class='ocrx_word' id='word_1_210' title='bbox 560 3324 697 3369; x_wconf 80' lang='lat' dir='ltr'><strong>XIX.</strong></span> <span class='ocrx_word' id='word_1_211' title='bbox 774 3330 843 3369; x_wconf 74' lang='lat'><strong>24.</strong></span> <span class='ocrx_word' id='word_1_212' title='bbox 884 3327 1143 3381; x_wconf 80' lang='lat' dir='ltr'><strong>impleatur.</strong></span> <span class='ocrx_word' id='word_1_213' title='bbox 1220 3336 1290 3374; x_wconf 86' lang='lat'><strong>25.</strong></span> <span class='ocrx_word' id='word_1_214' title='bbox 1329 3332 1477 3375; x_wconf 83' lang='lat' dir='ltr'><strong>Maria</strong></span> <span class='ocrx_word' id='word_1_215' title='bbox 1515 3332 1728 3389; x_wconf 75' lang='lat' dir='ltr'><strong>cleopae.</strong></span> 
     </span>
    </p>
   </div>
   <div class='ocr_carea' id='block_1_7' title="bbox 1263 270 2186 3089">
    <p class='ocr_par' dir='ltr' id='par_1_15' title="bbox 1269 270 2186 518">
     <span class='ocr_line' id='line_1_49' title="bbox 1337 270 2186 329; baseline -0.001 -13"><span class='ocrx_word' id='word_1_216' title='bbox 1337 272 1416 316; x_wconf 85' lang='lat'><strong>32.</strong></span> <span class='ocrx_word' id='word_1_217' title='bbox 1451 272 1716 316; x_wconf 84' lang='lat' dir='ltr'><strong>Venerunt</strong></span> <span class='ocrx_word' id='word_1_218' title='bbox 1737 283 1860 328; x_wconf 80' lang='lat' dir='ltr'><strong>ergo</strong></span> <span class='ocrx_word' id='word_1_219' title='bbox 1877 270 2100 329; x_wconf 77' lang='lat' dir='ltr'><strong>milites5</strong></span> <span class='ocrx_word' id='word_1_220' title='bbox 2131 275 2186 316; x_wconf 88' lang='lat' dir='ltr'><strong>et</strong></span> 
     </span>
     <span class='ocr_line' id='line_1_50' title="bbox 1270 337 2186 396; baseline -0.001 -12"><span class='ocrx_word' id='word_1_221' title='bbox 1270 337 1418 395; x_wconf 88' lang='lat' dir='ltr'><strong>primi</strong></span> <span class='ocrx_word' id='word_1_222' title='bbox 1437 338 1636 394; x_wconf 83' lang='lat' dir='ltr'><strong>quidem</strong></span> <span class='ocrx_word' id='word_1_223' title='bbox 1654 339 1920 395; x_wconf 81' lang='lat' dir='ltr'><strong>fregerunt</strong></span> <span class='ocrx_word' id='word_1_224' title='bbox 1938 351 2110 396; x_wconf 82' lang='lat' dir='ltr'><strong>crura,</strong></span> <span class='ocrx_word' id='word_1_225' title='bbox 2133 340 2186 383; x_wconf 90' lang='lat' dir='ltr'><strong>et</strong></span> 
     </span>
     <span class='ocr_line' id='line_1_51' title="bbox 1269 404 2183 464; baseline 0 -13"><span class='ocrx_word' id='word_1_226' title='bbox 1269 405 1495 464; x_wconf 85' lang='lat' dir='ltr'><strong>alterius,</strong></span> <span class='ocrx_word' id='word_1_227' title='bbox 1534 404 1621 461; x_wconf 86' lang='lat' dir='ltr'><strong>qui</strong></span> <span class='ocrx_word' id='word_1_228' title='bbox 1659 405 1927 452; x_wconf 82' lang='lat' dir='ltr'><strong>crucifixus</strong></span> <span class='ocrx_word' id='word_1_229' title='bbox 1957 407 2038 451; x_wconf 85' lang='lat' dir='ltr'><strong>est</strong></span> <span class='ocrx_word' id='word_1_230' title='bbox 2069 419 2183 451; x_wconf 88' lang='lat' dir='ltr'><strong>cum</strong></span> 
     </span>
     <span class='ocr_line' id='line_1_52' title="bbox 1271 486 1349 518; baseline 0 0"><span class='ocrx_word' id='word_1_231' title='bbox 1271 486 1349 518; x_wconf 87' lang='lat' dir='ltr'><strong>eo.</strong></span> 
     </span>
    </p>

    <p class='ocr_par' dir='ltr' id='par_1_16' title="bbox 1269 540 2182 801">
     <span class='ocr_line' id='line_1_53' title="bbox 1337 540 2180 586; baseline 0.001 -1"><span class='ocrx_word' id='word_1_232' title='bbox 1337 541 1420 586; x_wconf 87' lang='lat'><strong>33.</strong></span> <span class='ocrx_word' id='word_1_233' title='bbox 1455 540 1533 585; x_wconf 76' lang='lat' dir='ltr'><strong>Ad</strong></span> <span class='ocrx_word' id='word_1_234' title='bbox 1559 540 1734 586; x_wconf 84' lang='lat' dir='ltr'><strong>Jesum</strong></span> <span class='ocrx_word' id='word_1_235' title='bbox 1761 541 1927 585; x_wconf 86' lang='lat' dir='ltr'><strong>autem</strong></span> <span class='ocrx_word' id='word_1_236' title='bbox 1957 553 2070 585; x_wconf 89' lang='lat' dir='ltr'><strong>cum</strong></span> <span class='ocrx_word' id='word_1_237' title='bbox 2088 552 2180 586; x_wconf 85' lang='lat' dir='ltr'><strong>ve-</strong></span> 
     </span>
     <span class='ocr_line' id='line_1_54' title="bbox 1270 606 2182 666; baseline 0 -14"><span class='ocrx_word' id='word_1_238' title='bbox 1270 607 1495 666; x_wconf 86' lang='lat' dir='ltr'><strong>nissent,</strong></span> <span class='ocrx_word' id='word_1_239' title='bbox 1539 609 1596 652; x_wconf 89' lang='grc' dir='ltr'><strong>ιιι</strong></span> <span class='ocrx_word' id='word_1_240' title='bbox 1643 607 1879 653; x_wconf 81' lang='lat' dir='ltr'><strong>viderunt</strong></span> <span class='ocrx_word' id='word_1_241' title='bbox 1929 621 2044 653; x_wconf 87' lang='lat' dir='ltr'><strong>eum</strong></span> <span class='ocrx_word' id='word_1_242' title='bbox 2073 606 2182 665; x_wconf 76' lang='grc' dir='ltr'><strong>ιἰιιιιι</strong></span> 
     </span>
     <span class='ocr_line' id='line_1_55' title="bbox 1269 674 2179 733; baseline -0.001 -13"><span class='ocrx_word' id='word_1_243' title='bbox 1269 677 1550 732; x_wconf 88' lang='lat' dir='ltr'><strong>mortuum,</strong></span> <span class='ocrx_word' id='word_1_244' title='bbox 1604 687 1710 720; x_wconf 88' lang='lat' dir='ltr'><strong>non</strong></span> <span class='ocrx_word' id='word_1_245' title='bbox 1755 676 2024 733; x_wconf 76' lang='lat' dir='ltr'><strong>fregerunt</strong></span> <span class='ocrx_word' id='word_1_246' title='bbox 2067 674 2179 732; x_wconf 86' lang='lat' dir='ltr'><strong>ejus</strong></span> 
     </span>
     <span class='ocr_line' id='line_1_56' title="bbox 1273 755 1438 801; baseline 0 -14"><span class='ocrx_word' id='word_1_247' title='bbox 1273 755 1438 801; x_wconf 79' lang='lat' dir='ltr'><strong>crura,</strong></span> 
     </span>
    </p>

    <p class='ocr_par' dir='ltr' id='par_1_17' title="bbox 1271 807 2180 1003">
     <span class='ocr_line' id='line_1_57' title="bbox 1339 807 2180 856; baseline -0.001 -2"><span class='ocrx_word' id='word_1_248' title='bbox 1339 810 1419 854; x_wconf 81' lang='lat'><strong>34.</strong></span> <span class='ocrx_word' id='word_1_249' title='bbox 1457 810 1546 856; x_wconf 83' lang='lat' dir='ltr'><strong>sed</strong></span> <span class='ocrx_word' id='word_1_250' title='bbox 1582 822 1713 855; x_wconf 87' lang='lat' dir='ltr'><strong>unus</strong></span> <span class='ocrx_word' id='word_1_251' title='bbox 1747 807 1969 856; x_wconf 87' lang='lat' dir='ltr'><strong>militum</strong></span> <span class='ocrx_word' id='word_1_252' title='bbox 2004 808 2180 854; x_wconf 83' lang='lat' dir='ltr'><strong>lancea</strong></span> 
     </span>
     <span class='ocr_line' id='line_1_58' title="bbox 1271 876 2180 937; baseline 0 -16"><span class='ocrx_word' id='word_1_253' title='bbox 1271 876 1402 921; x_wconf 85' lang='lat' dir='ltr'><strong>latus</strong></span> <span class='ocrx_word' id='word_1_254' title='bbox 1439 877 1549 934; x_wconf 83' lang='lat' dir='ltr'><strong>ejus</strong></span> <span class='ocrx_word' id='word_1_255' title='bbox 1586 877 1812 937; x_wconf 82' lang='lat' dir='ltr'><strong>aperuit,</strong></span> <span class='ocrx_word' id='word_1_256' title='bbox 1848 877 1902 922; x_wconf 87' lang='lat' dir='ltr'><strong>et</strong></span> <span class='ocrx_word' id='word_1_257' title='bbox 1937 876 2180 922; x_wconf 73' lang='lat' dir='ltr'><strong>continuo</strong></span> 
     </span>
     <span class='ocr_line' id='line_1_59' title="bbox 1274 944 1910 1003; baseline -0.005 -13"><span class='ocrx_word' id='word_1_258' title='bbox 1274 944 1434 990; x_wconf 82' lang='lat' dir='ltr'><strong>exivit</strong></span> <span class='ocrx_word' id='word_1_259' title='bbox 1453 945 1676 1003; x_wconf 83' lang='lat' dir='ltr'><strong>sanguis,</strong></span> <span class='ocrx_word' id='word_1_260' title='bbox 1699 946 1751 990; x_wconf 90' lang='lat' dir='ltr'><strong>et</strong></span> <span class='ocrx_word' id='word_1_261' title='bbox 1769 955 1910 1000; x_wconf 80' lang='lat' dir='ltr'><strong>aqua.</strong></span> 
     </span>
    </p>

    <p class='ocr_par' dir='ltr' id='par_1_18' title="bbox 1273 1009 2182 1270">
     <span class='ocr_line' id='line_1_60' title="bbox 1341 1009 2182 1070; baseline -0.002 -14"><span class='ocrx_word' id='word_1_262' title='bbox 1341 1013 1420 1057; x_wconf 90' lang='lat'><strong>35.</strong></span> <span class='ocrx_word' id='word_1_263' title='bbox 1455 1011 1524 1056; x_wconf 88' lang='lat' dir='ltr'><strong>Et</strong></span> <span class='ocrx_word' id='word_1_264' title='bbox 1542 1011 1627 1069; x_wconf 92' lang='lat' dir='ltr'><strong>qui</strong></span> <span class='ocrx_word' id='word_1_265' title='bbox 1657 1011 1807 1070; x_wconf 84' lang='lat' dir='ltr'><strong>vidit,</strong></span> <span class='ocrx_word' id='word_1_266' title='bbox 1837 1009 2182 1056; x_wconf 83' lang='lat' dir='ltr'><strong>testimonium</strong></span> 
     </span>
     <span class='ocr_line' id='line_1_61' title="bbox 1273 1078 2180 1136; baseline -0.001 -13"><span class='ocrx_word' id='word_1_267' title='bbox 1273 1079 1554 1136; x_wconf 80' lang='lat' dir='ltr'><strong>perhibuit3</strong></span> <span class='ocrx_word' id='word_1_268' title='bbox 1586 1081 1638 1124; x_wconf 90' lang='lat' dir='ltr'><strong>et</strong></span> <span class='ocrx_word' id='word_1_269' title='bbox 1657 1092 1830 1124; x_wconf 83' lang='lat' dir='ltr'><strong>verum</strong></span> <span class='ocrx_word' id='word_1_270' title='bbox 1849 1079 1926 1124; x_wconf 83' lang='lat' dir='ltr'><strong>est</strong></span> <span class='ocrx_word' id='word_1_271' title='bbox 1941 1078 2180 1123; x_wconf 85' lang='lat' dir='ltr'><strong>testimo-</strong></span> 
     </span>
     <span class='ocr_line' id='line_1_62' title="bbox 1273 1143 2182 1204; baseline -0.001 -14"><span class='ocrx_word' id='word_1_272' title='bbox 1273 1145 1413 1191; x_wconf 88' lang='lat' dir='ltr'><strong>nium</strong></span> <span class='ocrx_word' id='word_1_273' title='bbox 1432 1146 1569 1204; x_wconf 85' lang='lat' dir='ltr'><strong>ejus;</strong></span> <span class='ocrx_word' id='word_1_274' title='bbox 1592 1147 1644 1191; x_wconf 90' lang='lat' dir='ltr'><strong>et</strong></span> <span class='ocrx_word' id='word_1_275' title='bbox 1663 1145 1750 1192; x_wconf 91' lang='lat' dir='ltr'><strong>ille</strong></span> <span class='ocrx_word' id='word_1_276' title='bbox 1768 1145 1884 1202; x_wconf 85' lang='lat' dir='ltr'><strong>scit,</strong></span> <span class='ocrx_word' id='word_1_277' title='bbox 1913 1143 2034 1201; x_wconf 78' lang='lat' dir='ltr'><strong>quia</strong></span> <span class='ocrx_word' id='word_1_278' title='bbox 2055 1157 2182 1192; x_wconf 81' lang='lat' dir='ltr'><strong>vera</strong></span> 
     </span>
     <span class='ocr_line' id='line_1_63' title="bbox 1275 1211 1966 1270; baseline -0.001 -13"><span class='ocrx_word' id='word_1_279' title='bbox 1275 1212 1420 1270; x_wconf 78' lang='lat' dir='ltr'><strong>‹licit3</strong></span> <span class='ocrx_word' id='word_1_280' title='bbox 1439 1215 1497 1259; x_wconf 88' lang='lat' dir='ltr'><strong>ut</strong></span> <span class='ocrx_word' id='word_1_281' title='bbox 1515 1215 1566 1259; x_wconf 84' lang='lat' dir='ltr'><strong>et</strong></span> <span class='ocrx_word' id='word_1_282' title='bbox 1585 1226 1678 1259; x_wconf 87' lang='lat' dir='ltr'><strong>vos</strong></span> <span class='ocrx_word' id='word_1_283' title='bbox 1699 1211 1912 1258; x_wconf 78' lang='lat' dir='ltr'><strong>credatis</strong></span> <span class='ocrx_word' id='word_1_284' title='bbox 1921 1217 1966 1256; x_wconf 74' lang='grc' dir='ltr'><strong>ε.</strong></span> 
     </span>
    </p>

    <p class='ocr_par' dir='ltr' id='par_1_19' title="bbox 1274 1278 2185 1474">
     <span class='ocr_line' id='line_1_64' title="bbox 1341 1278 2185 1337; baseline -0.002 -11"><span class='ocrx_word' id='word_1_285' title='bbox 1341 1281 1422 1326; x_wconf 85' lang='grc'><strong>36.</strong></span> <span class='ocrx_word' id='word_1_286' title='bbox 1456 1279 1613 1325; x_wconf 84' lang='lat' dir='ltr'><strong>Facta</strong></span> <span class='ocrx_word' id='word_1_287' title='bbox 1631 1281 1750 1326; x_wconf 85' lang='lat' dir='ltr'><strong>sunt</strong></span> <span class='ocrx_word' id='word_1_288' title='bbox 1777 1278 1911 1326; x_wconf 88' lang='lat' dir='ltr'><strong>enim</strong></span> <span class='ocrx_word' id='word_1_289' title='bbox 1939 1278 2094 1337; x_wconf 81' lang='lat' dir='ltr'><strong>haec,</strong></span> <span class='ocrx_word' id='word_1_290' title='bbox 2123 1281 2185 1324; x_wconf 87' lang='lat' dir='ltr'><strong>ut</strong></span> 
     </span>
     <span class='ocr_line' id='line_1_65' title="bbox 1275 1347 2182 1406; baseline -0.003 -12"><span class='ocrx_word' id='word_1_291' title='bbox 1275 1347 1536 1404; x_wconf 75' lang='lat' dir='ltr'><strong>Scriptura</strong></span> <span class='ocrx_word' id='word_1_292' title='bbox 1572 1347 1893 1404; x_wconf 86' lang='lat' dir='ltr'><strong>impleretur:</strong></span> <span class='ocrx_word' id='word_1_293' title='bbox 1935 1347 2044 1406; x_wconf 86' lang='lat' dir='ltr'><strong>„Os</strong></span> <span class='ocrx_word' id='word_1_294' title='bbox 2073 1359 2182 1392; x_wconf 88' lang='lat' dir='ltr'><strong>non</strong></span> 
     </span>
     <span class='ocr_line' id='line_1_66' title="bbox 1274 1405 1932 1474; baseline -0.005 -13"><span class='ocrx_word' id='word_1_295' title='bbox 1274 1414 1665 1474; x_wconf 77' lang='lat' dir='ltr'><strong>„comminuetis</strong></span> <span class='ocrx_word' id='word_1_296' title='bbox 1686 1425 1753 1461; x_wconf 83' lang='lat' dir='ltr'><strong>ex</strong></span> <span class='ocrx_word' id='word_1_297' title='bbox 1770 1412 1890 1460; x_wconf 85' lang='lat' dir='ltr'><strong>e0.“</strong></span> <span class='ocrx_word' id='word_1_298' title='bbox 1903 1405 1932 1443; x_wconf 56' lang='grc' dir='ltr'><strong><em>ἦ</em></strong></span> 
     </span>
    </p>

    <p class='ocr_par' dir='ltr' id='par_1_20' title="bbox 1275 1481 2183 1676">
     <span class='ocr_line' id='line_1_67' title="bbox 1342 1481 2183 1539; baseline -0.002 -12"><span class='ocrx_word' id='word_1_299' title='bbox 1342 1482 1422 1528; x_wconf 77' lang='grc'><strong>37.</strong></span> <span class='ocrx_word' id='word_1_300' title='bbox 1457 1481 1527 1526; x_wconf 84' lang='grc' dir='ltr'>Ει</span> <span class='ocrx_word' id='word_1_301' title='bbox 1563 1481 1747 1528; x_wconf 88' lang='lat' dir='ltr'><strong>iterum</strong></span> <span class='ocrx_word' id='word_1_302' title='bbox 1781 1481 1883 1528; x_wconf 81' lang='lat' dir='ltr'><strong>alia</strong></span> <span class='ocrx_word' id='word_1_303' title='bbox 1921 1481 2183 1539; x_wconf 78' lang='lat' dir='ltr'><strong>Scriptura</strong></span> 
     </span>
     <span class='ocr_line' id='line_1_68' title="bbox 1275 1547 2180 1608; baseline 0 -14"><span class='ocrx_word' id='word_1_304' title='bbox 1275 1547 1423 1594; x_wconf 88' lang='lat' dir='ltr'><strong>dicit:</strong></span> <span class='ocrx_word' id='word_1_305' title='bbox 1446 1549 1752 1608; x_wconf 84' lang='lat' dir='ltr'><strong>„Videbunt‚</strong></span> <span class='ocrx_word' id='word_1_306' title='bbox 1771 1548 1825 1594; x_wconf 88' lang='lat' dir='ltr'><strong>in</strong></span> <span class='ocrx_word' id='word_1_307' title='bbox 1845 1562 1994 1606; x_wconf 87' lang='lat' dir='ltr'><strong>quem</strong></span> <span class='ocrx_word' id='word_1_308' title='bbox 2014 1551 2180 1595; x_wconf 85' lang='lat' dir='ltr'><strong>trans-</strong></span> 
     </span>
     <span class='ocr_line' id='line_1_69' title="bbox 1275 1611 1618 1676; baseline 0 -15"><span class='ocrx_word' id='word_1_309' title='bbox 1275 1615 1586 1676; x_wconf 85' lang='lat' dir='ltr'><strong>,‚fixerunt.“</strong></span> <span class='ocrx_word' id='word_1_310' title='bbox 1600 1611 1618 1647; x_wconf 66' lang='grc' dir='ltr'><strong><em>ί</em></strong></span> 
     </span>
    </p>

    <p class='ocr_par' dir='ltr' id='par_1_21' title="bbox 1271 1683 2183 2147">
     <span class='ocr_line' id='line_1_70' title="bbox 1342 1683 2181 1741; baseline 0 -13"><span class='ocrx_word' id='word_1_311' title='bbox 1342 1684 1421 1728; x_wconf 88' lang='grc'><strong>38.</strong></span> <span class='ocrx_word' id='word_1_312' title='bbox 1456 1683 1582 1729; x_wconf 90' lang='lat' dir='ltr'><strong>Post</strong></span> <span class='ocrx_word' id='word_1_313' title='bbox 1615 1684 1741 1730; x_wconf 83' lang='lat' dir='ltr'><strong>haec</strong></span> <span class='ocrx_word' id='word_1_314' title='bbox 1776 1683 1947 1729; x_wconf 86' lang='lat' dir='ltr'><strong>autem</strong></span> <span class='ocrx_word' id='word_1_315' title='bbox 1978 1684 2181 1741; x_wconf 79' lang='lat' dir='ltr'><strong>rogavit</strong></span> 
     </span>
     <span class='ocr_line' id='line_1_71' title="bbox 1274 1749 2180 1808; baseline -0.001 -13"><span class='ocrx_word' id='word_1_316' title='bbox 1274 1749 1490 1796; x_wconf 79' lang='lat' dir='ltr'><strong>Pilatum</strong></span> <span class='ocrx_word' id='word_1_317' title='bbox 1524 1750 1717 1808; x_wconf 84' lang='lat' dir='ltr'><strong>Joseph</strong></span> <span class='ocrx_word' id='word_1_318' title='bbox 1761 1752 1822 1797; x_wconf 88' lang='lat' dir='ltr'><strong>ab</strong></span> <span class='ocrx_word' id='word_1_319' title='bbox 1857 1750 2180 1796; x_wconf 79' lang='lat' dir='ltr'><strong>Arimathaea</strong></span> 
     </span>
     <span class='ocr_line' id='line_1_72' title="bbox 1276 1817 2181 1876; baseline 0.001 -13"><span class='ocrx_word' id='word_1_320' title='bbox 1276 1819 1363 1876; x_wconf 92' lang='lat' dir='ltr'><strong>[eo</strong></span> <span class='ocrx_word' id='word_1_321' title='bbox 1394 1817 1528 1874; x_wconf 84' lang='lat' dir='ltr'><strong>quod</strong></span> <span class='ocrx_word' id='word_1_322' title='bbox 1567 1820 1702 1864; x_wconf 84' lang='lat' dir='ltr'><strong>esset</strong></span> <span class='ocrx_word' id='word_1_323' title='bbox 1735 1817 2013 1876; x_wconf 82' lang='lat' dir='ltr'><strong>discipulus</strong></span> <span class='ocrx_word' id='word_1_324' title='bbox 2043 1819 2181 1876; x_wconf 70' lang='lat' dir='ltr'><strong>Iesu,</strong></span> 
     </span>
     <span class='ocr_line' id='line_1_73' title="bbox 1275 1877 2182 1943; baseline 0 -11"><span class='ocrx_word' id='word_1_325' title='bbox 1275 1885 1500 1938; x_wconf 77' lang='lat' dir='ltr'><strong>occultus</strong></span> <span class='ocrx_word' id='word_1_326' title='bbox 1539 1877 1712 1932; x_wconf 51' lang='lat' dir='ltr'><strong>’nutem</strong></span> <span class='ocrx_word' id='word_1_327' title='bbox 1749 1887 1960 1943; x_wconf 88' lang='lat' dir='ltr'><strong>propter</strong></span> <span class='ocrx_word' id='word_1_328' title='bbox 1996 1889 2182 1932; x_wconf 85' lang='lat' dir='ltr'><strong>metum</strong></span> 
     </span>
     <span class='ocr_line' id='line_1_74' title="bbox 1273 1944 2181 2012; baseline 0.002 -14"><span class='ocrx_word' id='word_1_329' title='bbox 1273 1953 1580 2000; x_wconf 81' lang='lat' dir='ltr'><strong>Judaeorum</strong></span> <span class='ocrx_word' id='word_1_330' title='bbox 1589 1944 1660 2012; x_wconf 60' lang='lat' dir='ltr'><strong>kl,</strong></span> <span class='ocrx_word' id='word_1_331' title='bbox 1695 1954 1752 1999; x_wconf 88' lang='grc' dir='ltr'><strong>ιιι</strong></span> <span class='ocrx_word' id='word_1_332' title='bbox 1769 1952 1979 2000; x_wconf 86' lang='lat' dir='ltr'><strong>tolleret</strong></span> <span class='ocrx_word' id='word_1_333' title='bbox 1998 1968 2181 2011; x_wconf 82' lang='lat' dir='ltr'><strong>corpus</strong></span> 
     </span>
     <span class='ocr_line' id='line_1_75' title="bbox 1271 2021 2183 2079; baseline 0.002 -14"><span class='ocrx_word' id='word_1_334' title='bbox 1271 2021 1410 2066; x_wconf 80' lang='lat' dir='ltr'><strong>Jesu.</strong></span> <span class='ocrx_word' id='word_1_335' title='bbox 1453 2022 1522 2066; x_wconf 88' lang='lat' dir='ltr'><strong>Et</strong></span> <span class='ocrx_word' id='word_1_336' title='bbox 1539 2021 1767 2079; x_wconf 78' lang='lat' dir='ltr'><strong>permisit</strong></span> <span class='ocrx_word' id='word_1_337' title='bbox 1783 2021 1995 2067; x_wconf 84' lang='lat' dir='ltr'><strong>Pilatus.</strong></span> <span class='ocrx_word' id='word_1_338' title='bbox 2028 2022 2183 2068; x_wconf 90' lang='lat' dir='ltr'><strong>Venit</strong></span> 
     </span>
     <span class='ocr_line' id='line_1_76' title="bbox 1274 2088 1984 2147; baseline 0.003 -15"><span class='ocrx_word' id='word_1_339' title='bbox 1274 2101 1415 2146; x_wconf 81' lang='lat' dir='ltr'><strong>ergo,</strong></span> <span class='ocrx_word' id='word_1_340' title='bbox 1439 2091 1489 2133; x_wconf 89' lang='lat' dir='ltr'><strong>et</strong></span> <span class='ocrx_word' id='word_1_341' title='bbox 1506 2088 1621 2135; x_wconf 89' lang='lat' dir='ltr'><strong>tulit</strong></span> <span class='ocrx_word' id='word_1_342' title='bbox 1640 2101 1824 2147; x_wconf 85' lang='lat' dir='ltr'><strong>corpus</strong></span> <span class='ocrx_word' id='word_1_343' title='bbox 1843 2089 1984 2134; x_wconf 84' lang='lat' dir='ltr'><strong>Jesu.</strong></span> 
     </span>
    </p>

    <p class='ocr_par' dir='ltr' id='par_1_22' title="bbox 1268 2156 2177 2470">
     <span class='ocr_line' id='line_1_77' title="bbox 1339 2156 2177 2204; baseline 0.005 -5"><span class='ocrx_word' id='word_1_344' title='bbox 1339 2156 1418 2200; x_wconf 88' lang='grc'><strong>39.</strong></span> <span class='ocrx_word' id='word_1_345' title='bbox 1471 2157 1625 2201; x_wconf 87' lang='lat' dir='ltr'><strong>Venit</strong></span> <span class='ocrx_word' id='word_1_346' title='bbox 1660 2158 1826 2201; x_wconf 80' lang='lat' dir='ltr'><strong>autem</strong></span> <span class='ocrx_word' id='word_1_347' title='bbox 1869 2159 1922 2202; x_wconf 84' lang='lat' dir='ltr'><strong>et</strong></span> <span class='ocrx_word' id='word_1_348' title='bbox 1956 2156 2177 2204; x_wconf 84' lang='lat' dir='ltr'><strong>Nicode-</strong></span> 
     </span>
     <span class='ocr_line' id='line_1_78' title="bbox 1269 2214 2176 2281; baseline 0.004 -16"><span class='ocrx_word' id='word_1_349' title='bbox 1269 2214 1429 2281; x_wconf 66' lang='lat' dir='ltr'><strong>mus‘,</strong></span> <span class='ocrx_word' id='word_1_350' title='bbox 1465 2223 1549 2280; x_wconf 89' lang='lat' dir='ltr'><strong>qui</strong></span> <span class='ocrx_word' id='word_1_351' title='bbox 1566 2225 1781 2270; x_wconf 83' lang='lat' dir='ltr'><strong>venerat</strong></span> <span class='ocrx_word' id='word_1_352' title='bbox 1805 2222 1867 2269; x_wconf 84' lang='lat' dir='ltr'><strong>ad</strong></span> <span class='ocrx_word' id='word_1_353' title='bbox 1884 2223 1918 2268; x_wconf 79' lang='lat' dir='ltr'><strong>J</strong></span> <span class='ocrx_word' id='word_1_354' title='bbox 1920 2237 2064 2270; x_wconf 88' lang='lat' dir='ltr'><strong>esum</strong></span> <span class='ocrx_word' id='word_1_355' title='bbox 2082 2238 2176 2269; x_wconf 88' lang='lat' dir='ltr'><strong>no-</strong></span> 
     </span>
     <span class='ocr_line' id='line_1_79' title="bbox 1271 2289 2176 2351; baseline 0.003 -17"><span class='ocrx_word' id='word_1_356' title='bbox 1271 2291 1349 2335; x_wconf 93' lang='lat' dir='ltr'><strong>cte</strong></span> <span class='ocrx_word' id='word_1_357' title='bbox 1391 2289 1632 2351; x_wconf 86' lang='lat' dir='ltr'><strong>primum,</strong></span> <span class='ocrx_word' id='word_1_358' title='bbox 1685 2292 1858 2337; x_wconf 85' lang='lat' dir='ltr'><strong>ferens</strong></span> <span class='ocrx_word' id='word_1_359' title='bbox 1903 2292 2176 2338; x_wconf 75' lang='lat' dir='ltr'><strong>mixturam</strong></span> 
     </span>
     <span class='ocr_line' id='line_1_80' title="bbox 1268 2357 2175 2416; baseline 0.002 -15"><span class='ocrx_word' id='word_1_360' title='bbox 1268 2358 1503 2415; x_wconf 79' lang='lat' dir='ltr'><strong>myrrhae</strong></span> <span class='ocrx_word' id='word_1_361' title='bbox 1543 2360 1594 2403; x_wconf 94' lang='lat' dir='ltr'><strong>et</strong></span> <span class='ocrx_word' id='word_1_362' title='bbox 1626 2357 1795 2416; x_wconf 70' lang='lat' dir='ltr'><strong>alniis,</strong></span> <span class='ocrx_word' id='word_1_363' title='bbox 1838 2358 1985 2414; x_wconf 82' lang='lat' dir='ltr'><strong>quasi</strong></span> <span class='ocrx_word' id='word_1_364' title='bbox 2023 2358 2175 2407; x_wconf 87' lang='lat' dir='ltr'><strong>libras</strong></span> 
     </span>
     <span class='ocr_line' id='line_1_81' title="bbox 1269 2426 1484 2470; baseline 0 -1"><span class='ocrx_word' id='word_1_365' title='bbox 1269 2426 1484 2470; x_wconf 83' lang='lat' dir='ltr'><strong>centum.</strong></span> 
     </span>
    </p>

    <p class='ocr_par' dir='ltr' id='par_1_23' title="bbox 1265 2492 2176 2752">
     <span class='ocr_line' id='line_1_82' title="bbox 1333 2492 2176 2552; baseline 0.005 -16"><span class='ocrx_word' id='word_1_366' title='bbox 1333 2493 1414 2536; x_wconf 81' lang='lat'><strong>40.</strong></span> <span class='ocrx_word' id='word_1_367' title='bbox 1450 2492 1770 2549; x_wconf 85' lang='lat' dir='ltr'><strong>Acceperunt</strong></span> <span class='ocrx_word' id='word_1_368' title='bbox 1813 2505 1938 2550; x_wconf 82' lang='lat' dir='ltr'><strong>ergo</strong></span> <span class='ocrx_word' id='word_1_369' title='bbox 1992 2506 2176 2552; x_wconf 86' lang='lat' dir='ltr'><strong>eorpus</strong></span> 
     </span>
     <span class='ocr_line' id='line_1_83' title="bbox 1266 2559 2174 2618; baseline 0.002 -15"><span class='ocrx_word' id='word_1_370' title='bbox 1266 2559 1416 2618; x_wconf 80' lang='lat' dir='ltr'><strong>Jesu,</strong></span> <span class='ocrx_word' id='word_1_371' title='bbox 1456 2561 1508 2605; x_wconf 84' lang='lat' dir='ltr'><strong>et</strong></span> <span class='ocrx_word' id='word_1_372' title='bbox 1534 2559 1826 2617; x_wconf 84' lang='lat' dir='ltr'><strong>ligaverunt</strong></span> <span class='ocrx_word' id='word_1_373' title='bbox 1847 2559 1975 2605; x_wconf 85' lang='lat' dir='ltr'><strong>illud</strong></span> <span class='ocrx_word' id='word_1_374' title='bbox 2002 2562 2174 2607; x_wconf 83' lang='lat' dir='ltr'><strong>linteis</strong></span> 
     </span>
     <span class='ocr_line' id='line_1_84' title="bbox 1267 2627 2176 2686; baseline 0 -13"><span class='ocrx_word' id='word_1_375' title='bbox 1267 2640 1379 2673; x_wconf 87' lang='lat' dir='ltr'><strong>cum</strong></span> <span class='ocrx_word' id='word_1_376' title='bbox 1414 2627 1746 2686; x_wconf 78' lang='lat' dir='ltr'><strong>aromatibus,</strong></span> <span class='ocrx_word' id='word_1_377' title='bbox 1783 2627 1914 2673; x_wconf 81' lang='lat' dir='ltr'><strong>sicut</strong></span> <span class='ocrx_word' id='word_1_378' title='bbox 1949 2641 2062 2675; x_wconf 85' lang='lat' dir='ltr'><strong>mos</strong></span> <span class='ocrx_word' id='word_1_379' title='bbox 2101 2632 2176 2675; x_wconf 85' lang='lat' dir='ltr'><strong>est</strong></span> 
     </span>
     <span class='ocr_line' id='line_1_85' title="bbox 1265 2693 1726 2752; baseline 0 -14"><span class='ocrx_word' id='word_1_380' title='bbox 1265 2693 1470 2739; x_wconf 68' lang='lat' dir='ltr'><strong>ludaeis</strong></span> <span class='ocrx_word' id='word_1_381' title='bbox 1491 2694 1726 2752; x_wconf 87' lang='lat' dir='ltr'><strong>sepelire.</strong></span> 
     </span>
    </p>

    <p class='ocr_par' dir='ltr' id='par_1_24' title="bbox 1263 2761 2171 3021">
     <span class='ocr_line' id='line_1_86' title="bbox 1331 2761 2171 2822; baseline 0.002 -17"><span class='ocrx_word' id='word_1_382' title='bbox 1331 2763 1413 2806; x_wconf 82' lang='lat'><strong>41.</strong></span> <span class='ocrx_word' id='word_1_383' title='bbox 1448 2761 1576 2808; x_wconf 83' lang='lat' dir='ltr'><strong>Erat</strong></span> <span class='ocrx_word' id='word_1_384' title='bbox 1610 2764 1773 2808; x_wconf 83' lang='lat' dir='ltr'><strong>autem</strong></span> <span class='ocrx_word' id='word_1_385' title='bbox 1811 2761 1867 2807; x_wconf 90' lang='lat' dir='ltr'><strong>in</strong></span> <span class='ocrx_word' id='word_1_386' title='bbox 1905 2761 2052 2822; x_wconf 91' lang='lat' dir='ltr'><strong>loco,</strong></span> <span class='ocrx_word' id='word_1_387' title='bbox 2091 2762 2171 2809; x_wconf 86' lang='lat' dir='ltr'><strong>ubi</strong></span> 
     </span>
     <span class='ocr_line' id='line_1_87' title="bbox 1267 2828 2169 2889; baseline 0 -14"><span class='ocrx_word' id='word_1_388' title='bbox 1267 2828 1538 2875; x_wconf 83' lang='lat' dir='ltr'><strong>crucifixus</strong></span> <span class='ocrx_word' id='word_1_389' title='bbox 1559 2830 1651 2889; x_wconf 88' lang='lat' dir='ltr'><strong>est,</strong></span> <span class='ocrx_word' id='word_1_390' title='bbox 1673 2829 1878 2887; x_wconf 77' lang='lat' dir='ltr'><strong>hortus3</strong></span> <span class='ocrx_word' id='word_1_391' title='bbox 1901 2832 1955 2875; x_wconf 89' lang='lat' dir='ltr'><strong>et</strong></span> <span class='ocrx_word' id='word_1_392' title='bbox 1975 2830 2031 2876; x_wconf 86' lang='lat' dir='ltr'><strong>in</strong></span> <span class='ocrx_word' id='word_1_393' title='bbox 2050 2830 2169 2876; x_wconf 82' lang='lat' dir='ltr'><strong>hor-</strong></span> 
     </span>
     <span class='ocr_line' id='line_1_88' title="bbox 1263 2897 2169 2957; baseline 0.001 -16"><span class='ocrx_word' id='word_1_394' title='bbox 1263 2899 1317 2942; x_wconf 87' lang='lat' dir='ltr'><strong>to</strong></span> <span class='ocrx_word' id='word_1_395' title='bbox 1338 2898 1714 2942; x_wconf 87' lang='lat' dir='ltr'><strong>monumentum</strong></span> <span class='ocrx_word' id='word_1_396' title='bbox 1740 2906 1958 2957; x_wconf 82' lang='lat' dir='ltr'><strong>novum,</strong></span> <span class='ocrx_word' id='word_1_397' title='bbox 1986 2897 2043 2944; x_wconf 89' lang='lat' dir='ltr'><strong>in</strong></span> <span class='ocrx_word' id='word_1_398' title='bbox 2074 2910 2169 2953; x_wconf 90' lang='lat' dir='ltr'><strong>quo</strong></span> 
     </span>
     <span class='ocr_line' id='line_1_89' title="bbox 1265 2964 2135 3021; baseline 0.001 -12"><span class='ocrx_word' id='word_1_399' title='bbox 1265 2964 1489 3009; x_wconf 80' lang='lat' dir='ltr'><strong>nondum</strong></span> <span class='ocrx_word' id='word_1_400' title='bbox 1509 2964 1768 3021; x_wconf 81' lang='lat' dir='ltr'><strong>quisquam</strong></span> <span class='ocrx_word' id='word_1_401' title='bbox 1787 2964 1987 3021; x_wconf 85' lang='lat' dir='ltr'><strong>positus</strong></span> <span class='ocrx_word' id='word_1_402' title='bbox 2010 2966 2135 3011; x_wconf 82' lang='lat' dir='ltr'><strong>erat.</strong></span> 
     </span>
    </p>

    <p class='ocr_par' dir='ltr' id='par_1_25' title="bbox 1331 3030 2167 3089">
     <span class='ocr_line' id='line_1_90' title="bbox 1331 3030 2167 3089; baseline 0.001 -13"><span class='ocrx_word' id='word_1_403' title='bbox 1331 3032 1412 3077; x_wconf 82' lang='grc'><strong>42.</strong></span> <span class='ocrx_word' id='word_1_404' title='bbox 1448 3030 1523 3077; x_wconf 83' lang='lat' dir='ltr'><strong>Ibi</strong></span> <span class='ocrx_word' id='word_1_405' title='bbox 1545 3044 1670 3089; x_wconf 82' lang='lat' dir='ltr'><strong>ergo</strong></span> <span class='ocrx_word' id='word_1_406' title='bbox 1697 3033 1906 3089; x_wconf 86' lang='lat' dir='ltr'><strong>propter</strong></span> <span class='ocrx_word' id='word_1_407' title='bbox 1925 3033 2167 3079; x_wconf 81' lang='lat' dir='ltr'><strong>Parasce-</strong></span> 
     </span>
    </p>
   </div>
   <div class='ocr_carea' id='block_1_8' title="bbox 1263 3136 2167 3232">
    <p class='ocr_par' dir='ltr' id='par_1_26' title="bbox 1263 3136 2167 3232">
     <span class='ocr_line' id='line_1_91' title="bbox 1309 3136 2167 3189; baseline 0.006 -16"><span class='ocrx_word' id='word_1_408' title='bbox 1309 3144 1334 3173; x_wconf 73' lang='grc' dir='ltr'><strong><em>ε</em></strong></span> <span class='ocrx_word' id='word_1_409' title='bbox 1353 3150 1387 3189; x_wconf 63' lang='lat' dir='ltr'><strong>c.</strong></span> <span class='ocrx_word' id='word_1_410' title='bbox 1405 3143 1465 3180; x_wconf 86' lang='grc'><strong>21,</strong></span> <span class='ocrx_word' id='word_1_411' title='bbox 1483 3142 1545 3175; x_wconf 82' lang='grc'><strong>24.</strong></span> <span class='ocrx_word' id='word_1_412' title='bbox 1592 3136 1612 3165; x_wconf 76' lang='lat'><strong>⁷⁸</strong></span> <span class='ocrx_word' id='word_1_413' title='bbox 1629 3139 1763 3175; x_wconf 80' lang='lat' dir='ltr'><strong>Exod.</strong></span> <span class='ocrx_word' id='word_1_414' title='bbox 1782 3143 1843 3182; x_wconf 83' lang='lat'><strong>12,</strong></span> <span class='ocrx_word' id='word_1_415' title='bbox 1859 3142 1924 3177; x_wconf 71' lang='lat'><strong>⁴6.</strong></span> <span class='ocrx_word' id='word_1_416' title='bbox 1948 3140 2167 3181; x_wconf 64' lang='lat' dir='ltr'><strong>Palmae,</strong></span> 
     </span>
     <span class='ocr_line' id='line_1_92' title="bbox 1263 3184 2151 3232; baseline 0.003 -11"><span class='ocrx_word' id='word_1_417' title='bbox 1263 3188 1324 3223; x_wconf 88' lang='grc'><strong>21.</strong></span> <span class='ocrx_word' id='word_1_418' title='bbox 1371 3184 1510 3221; x_wconf 56' lang='lat' dir='ltr'><strong>»zat-h.</strong></span> <span class='ocrx_word' id='word_1_419' title='bbox 1528 3188 1588 3229; x_wconf 82' lang='lat'><strong>12,</strong></span> <span class='ocrx_word' id='word_1_420' title='bbox 1607 3190 1668 3223; x_wconf 89' lang='grc'><strong>10.</strong></span> <span class='ocrx_word' id='word_1_421' title='bbox 1715 3184 1738 3213; x_wconf 72' lang='lat'><strong>²⁸</strong></span> <span class='ocrx_word' id='word_1_422' title='bbox 1755 3198 1791 3222; x_wconf 81' lang='lat' dir='ltr'><strong>c.</strong></span> <span class='ocrx_word' id='word_1_423' title='bbox 1810 3190 1847 3229; x_wconf 88' lang='lat'><strong>7,</strong></span> <span class='ocrx_word' id='word_1_424' title='bbox 1866 3191 1926 3225; x_wconf 70' lang='lat'><strong>13.</strong></span> <span class='ocrx_word' id='word_1_425' title='bbox 1973 3186 1991 3214; x_wconf 73' lang='lat'>²</span> <span class='ocrx_word' id='word_1_426' title='bbox 2007 3200 2044 3224; x_wconf 82' lang='lat' dir='ltr'><strong>c.</strong></span> <span class='ocrx_word' id='word_1_427' title='bbox 2063 3192 2101 3232; x_wconf 86' lang='grc'><strong>3,</strong></span> <span class='ocrx_word' id='word_1_428' title='bbox 2118 3192 2151 3224; x_wconf 86' lang='grc'><strong>2.</strong></span> 
     </span>
    </p>
   </div>
   <div class='ocr_carea' id='block_1_9' title="bbox 1815 3336 2165 3392">
    <p class='ocr_par' dir='ltr' id='par_1_27' title="bbox 1815 3336 2165 3392">
     <span class='ocr_line' id='line_1_93' title="bbox 1815 3336 2165 3392; baseline -0.003 -14"><span class='ocrx_word' id='word_1_429' title='bbox 1815 3340 1885 3379; x_wconf 87' lang='grc'><strong>28.</strong></span> <span class='ocrx_word' id='word_1_430' title='bbox 1933 3338 2040 3392; x_wconf 80' lang='lat' dir='ltr'><strong>quia</strong></span> <span class='ocrx_word' id='word_1_431' title='bbox 2072 3336 2165 3389; x_wconf 69' lang='lat' dir='ltr'><strong>iam</strong></span> 
     </span>
    </p>
   </div>
   <div class='ocr_carea' id='block_1_10' title="bbox 291 3382 2166 3498">
    <p class='ocr_par' dir='ltr' id='par_1_28' title="bbox 291 3382 2166 3498">
     <span class='ocr_line' id='line_1_94' title="bbox 291 3382 2161 3445; baseline 0.006 -23"><span class='ocrx_word' id='word_1_432' title='bbox 291 3385 460 3433; x_wconf 84' lang='lat' dir='ltr'><strong>omnia3</strong></span> <span class='ocrx_word' id='word_1_433' title='bbox 483 3382 589 3427; x_wconf 72' lang='lat' dir='ltr'><strong>ibid.</strong></span> <span class='ocrx_word' id='word_1_434' title='bbox 611 3383 736 3424; x_wconf 78' lang='lat' dir='ltr'><strong>(licit.</strong></span> <span class='ocrx_word' id='word_1_435' title='bbox 794 3386 863 3424; x_wconf 82' lang='lat'><strong>29.</strong></span> <span class='ocrx_word' id='word_1_436' title='bbox 898 3384 1093 3436; x_wconf 85' lang='lat' dir='ltr'><strong>positum</strong></span> <span class='ocrx_word' id='word_1_437' title='bbox 1112 3391 1237 3437; x_wconf 66' lang='grc' dir='ltr'>παις</span> <span class='ocrx_word' id='word_1_438' title='bbox 1259 3386 1366 3429; x_wconf 70' lang='lat' dir='ltr'><strong>ibici.</strong></span> <span class='ocrx_word' id='word_1_439' title='bbox 1381 3385 1567 3445; x_wconf 83' lang='lat' dir='ltr'><strong>hysopo.</strong></span> <span class='ocrx_word' id='word_1_440' title='bbox 1625 3394 1693 3432; x_wconf 83' lang='grc'><strong>35-</strong></span> <span class='ocrx_word' id='word_1_441' title='bbox 1726 3389 1825 3443; x_wconf 70' lang='lat' dir='ltr'><strong>eJus</strong></span> <span class='ocrx_word' id='word_1_442' title='bbox 1845 3393 2161 3435; x_wconf 78' lang='lat' dir='ltr'><strong>testimonium-</strong></span> 
     </span>
     <span class='ocr_line' id='line_1_95' title="bbox 292 3436 2166 3498; baseline 0.006 -21"><span class='ocrx_word' id='word_1_443' title='bbox 292 3438 359 3477; x_wconf 75' lang='lat'><strong>³6.</strong></span> <span class='ocrx_word' id='word_1_444' title='bbox 391 3438 649 3493; x_wconf 81' lang='lat' dir='ltr'><strong>impleatur.</strong></span> <span class='ocrx_word' id='word_1_445' title='bbox 724 3440 792 3479; x_wconf 87' lang='grc'><strong>38.</strong></span> <span class='ocrx_word' id='word_1_446' title='bbox 824 3436 1091 3479; x_wconf 82' lang='lat' dir='ltr'><strong>Arimathia.</strong></span> <span class='ocrx_word' id='word_1_447' title='bbox 1168 3445 1236 3484; x_wconf 83' lang='grc'><strong>39.</strong></span> <span class='ocrx_word' id='word_1_448' title='bbox 1270 3454 1458 3484; x_wconf 82' lang='lat' dir='ltr'><strong>murrae.</strong></span> <span class='ocrx_word' id='word_1_449' title='bbox 1537 3449 1604 3486; x_wconf 71' lang='lat'><strong>40.</strong></span> <span class='ocrx_word' id='word_1_450' title='bbox 1637 3444 2166 3498; x_wconf 68' lang='lat' dir='ltr'><strong>ligaverunteum31&#39;bt&#39;d.</strong></span> 
     </span>
    </p>
   </div>
   <div class='ocr_carea' id='block_1_11' title="bbox 293 3492 700 3535">
    <p class='ocr_par' dir='ltr' id='par_1_29' title="bbox 293 3492 700 3535">
     <span class='ocr_line' id='line_1_96' title="bbox 293 3492 700 3535; baseline 0.012 -8"><span class='ocrx_word' id='word_1_451' title='bbox 293 3500 387 3529; x_wconf 86' lang='lat' dir='ltr'><strong>mos</strong></span> <span class='ocrx_word' id='word_1_452' title='bbox 408 3492 597 3535; x_wconf 76' lang='lat' dir='ltr'><strong>Judaeis</strong></span> <span class='ocrx_word' id='word_1_453' title='bbox 618 3497 700 3534; x_wconf 87' lang='lat' dir='ltr'><strong>est.</strong></span> 
     </span>
    </p>
   </div>
   <div class='ocr_carea' id='block_1_12' title="bbox 2297 925 2360 3899">
    <p class='ocr_par' dir='ltr' id='par_1_30' title="bbox 2297 925 2360 3899">
     <span class='ocr_line' id='line_1_97' title="bbox 2297 925 2360 3899; baseline 0 0"><span class='ocrx_word' id='word_1_454' title='bbox 2297 925 2360 3899; x_wconf 95' lang='lat' dir='ltr'><strong> </strong></span> 
     </span>
    </p>
   </div>
  </div>
 </body>
</html>
