2376 3925
255 139 357 190 106

845 127 1131 183 LUGAS.
1205 124 1378 178 cAP.
1417 125 1469 175 8.
1498 124 1548 174 9.

252 197 2176 229 ——.-—-—--————-—-——————-·-—---

261 242 349 287 des
364 243 453 286 tua
477 239 670 285 salvam
696 238 749 282 te
776 233 927 291 feeit;
954 231 1087 278 vade
1114 230 1169 276 in
1238 233 1340 275 tem
1369 229 1421 274 et
1448 227 1748 284 potestatem
1781 236 1940 281 super
1978 224 2172 270 omnia

260 306 409 366 pace!

1243 294 1532 352 daemonia,
1561 296 1612 338 et
1627 294 1686 338 ut
1702 291 1982 349 languores
2001 303 2170 336 cura-

328 377 411 420 49.
447 373 621 419 Adhuc
640 369 731 416 illo
751 369 1010 426 loquente,
1028 363 1173 412 venit
1239 364 1372 410 rent.

266 441 465 500 quidam
478 440 542 486 ad
559 437 841 496 principem
860 446 1170 494 synagogae,

1309 432 1356 474 2.
1375 428 1444 474 Et
1460 426 1597 473 misit
1615 426 1734 471 illos
1751 393 2052 484 praedicare
2067 438 2176 470 re-

266 510 438 555 dicens
469 507 539 553 ei:
581 505 712 558 Quia
738 505 941 550 mortua
968 504 1045 548 est
1070 499 1174 546 filia
1244 511 1398 556 gnum
1415 494 1529 554 Dei,
1551 495 1602 540 et
1620 505 1804 540 sanare
1824 493 2072 539 infirmos.

264 579 369 634 tua,
389 574 501 620 noli
520 585 715 620 vexare
734 571 892 617 illum.

1313 581 1359 625 3.
1394 579 1463 626 Et
1480 578 1552 624 ait
1571 577 1633 623 ad
1651 577 1798 622 illos:
1820 576 1957 622 Nihil
1973 575 2175 622 tuleri-

334 644 417 690 50.
450 643 601 688 Iesus
640 642 830 696 autem,
868 634 1040 681 audito
1077 633 1176 678 hoe
1244 648 1309 694 fi,
1328 648 1384 693 in
1403 647 1513 706 via,
1542 658 1708 702 neque
1735 644 1963 703 virgam,
1991 657 2174 700 neque

266 712 447 768 verbo,
482 706 748 766 respondit
783 703 917 763 patri
948 699 1174 760 puellae:

270 777 389 824 Noli
405 777 604 834 timere,
617 773 765 822 erede
781 773 991 830 tantum,
1004 772 1057 816 et
1074 767 1179 816 sal-

268 859 337 891 va
358 844 471 891 erit.

338 915 420 958 51.
454 911 523 958 Et
560 921 673 956 cum
700 907 928 954 venisset
961 905 1179 963 domum,

270 993 378 1028 non
388 976 617 1037 permisit
631 976 822 1022 intrare
834 987 1005 1020 secum
1016 986 1187 1030 quem-

272 1059 445 1104 quam,
474 1038 603 1090 ninii
627 1044 834 1088 Petrum
861 1043 912 1086 et
939 1040 1185 1086 Iacobum

274 1116 325 1160 et
334 1114 605 1171 Ioannem,
620 1112 671 1156 et
688 1111 885 1167 patrem
904 1109 956 1154 et
973 1109 1185 1153 matrem

272 1179 491 1239 puellae.

343 1250 425 1293 52.
459 1247 677 1292 Flebant
704 1247 873 1291 autem
902 1254 1105 1300 omnes,
1136 1241 1190 1286 et

275 1315 586 1374 plangebant
604 1314 759 1359 illam.
828 1312 895 1357 At
921 1310 1009 1356 ille
1030 1307 1187 1354 dixit:

275 1383 449 1429 Nolite
468 1379 611 1427 flere!
636 1393 747 1426 non
782 1381 861 1424 est
876 1380 1075 1423 mortua
1093 1389 1190 1432 pu-

246 1504 253 1515 ,
278 1450 398 1508 ella,
421 1449 511 1494 sed
530 1438 765 1493 dormitl'.

347 1517 430 1561 53.
464 1515 533 1561 Et
553 1513 850 1558 deridebant
868 1523 999 1569 eum,
1022 1508 1191 1555 seien-

278 1587 375 1642 tes,
396 1581 531 1639 quod
550 1583 751 1627 mortua
771 1581 922 1624 esset.

348 1652 430 1697 54.
465 1652 580 1708 Ipse
600 1651 769 1694 autem
788 1647 971 1692 tenens
992 1657 1195 1690 manum

283 1719 395 1777 ejus
432 1716 693 1775 clamavit,
743 1714 943 1761 dicens:
998 1711 1192 1770 Puella,

280 1784 453 1844 surge!

353 1856 433 1900 55.
467 1851 536 1898 Et
581 1863 825 1898 reversus
874 1852 953 1895 est
988 1847 1196 1906 spiritus

288 1922 427 1981 ejus3
460 1925 512 1967 et
540 1920 771 1968 surrexit
798 1917 1061 1966 continuo.
1128 1914 1199 1958 Et

278 1989 434 2047 jussit
451 1988 528 2033 illi
547 1988 657 2033 dari
674 1986 996 2033 manducare.

352 2058 433 2101 56.
484 2054 555 2098 Et
607 2053 909 2110 stupuerunt
958 2049 1197 2105 parentes

286 2122 415 2178 ejus,
437 2120 615 2176 quibus
634 2116 895 2175 praecepit
904 2108 938 2175 l,
957 2128 1025 2160 ne
1045 2114 1200 2160 alicui

288 2187 534 2244 dicerent,
555 2186 692 2241 quod
711 2186 899 2232 factum
918 2183 1045 2229 erat.

578 2351 621 2401 C
634 2348 749 2401 ΑΡ.
814 2347 911 2400 lx.

290 2454 363 2496 De
382 2450 691 2507 apostolorum
709 2448 953 2501 legatione.
993 2445 1199 2499 Quinque

290 2522 436 2564 panes
480 2511 712 2559 augentur.
778 2503 909 2546 Petri
956 2500 1199 2543 confessio.

292 2566 503 2609 Christus
523 2567 733 2605 mutatur.
792 2558 1041 2600 Lunaticns
1068 2568 1201 2599 sana-

291 2627 381 2663 tur.
456 2618 582 2663 Mala
610 2630 692 2660 sua
716 2615 944 2672 praedicit
974 2612 1200 2655 Christus.

294 2676 582 2731 Disceptatio
610 2676 731 2716 inter
749 2668 983 2727 apostolos
1011 2671 1111 2709 orta
1144 2667 1202 2709 «le

292 2732 502 2783 primatu.
568 2730 761 2773 Mortuis
799 2724 1050 2781 sepeliendi
1084 2736 1201 2765 mor·-

644 2786 711 2829 tui
731 2788 849 2827 sunt.

365 2879 411 2923 1.
463 2884 503 2907 ”⁸
514 2878 822 2925 Convocatis
869 2876 1035 2923 autem
1072 2872 1202 2918 duo-

296 2945 459 2992 decim
475 2944 753 3004 Apostolis,
768 2944 903 2991 dedit
920 2943 1023 2989 illis
1036 2941 1203 2987 virtu-

341 3052 357 3081 ἰ
374 3052 519 3092 Manli.
538 3056 597 3093 17,
616 3057 652 3089 1.
698 3049 721 3078 ⁷⁶
737 3050 826 3089 1011.
844 3058 903 3095 11,
918 3057 976 3089 11.
1026 3047 1202 3087 ²Matth.

294 3107 335 3192 ἓ,
350 3105 527 3187 “ju—:⁸3:10
543 3102 664 3137 1—6.
680 3096 824 3135 Matth.
836 3103 895 3141 10,
914 3104 951 3135 1.
972 3109 1057 3146 sqq.
1074 3097 1203 3133 Marc.

1248 729 1448 776 peram,
1469 726 1633 770 neque
1652 725 1860 771 panem,
1882 725 2048 768 neque
2069 724 2172 768 pe-

1251 783 1474 842 cuniam,
1501 793 1666 838 neque
1697 779 1819 825 duas
1847 779 2050 826 tunicas
2068 777 2172 824 ha-

1249 851 1413 899 beatis
1431 865 1446 907 ς

1317 921 1368 964 4.
1406 920 1456 964 et
1482 917 1536 962 in
1573 927 1932 974 quamcumque
1959 913 2177 959 domum

1253 984 1594 1043 intraveritis,
1627 983 1698 1029 ibi
1719 983 1948 1041 manete,
1974 983 2024 1026 et
2043 980 2178 1026 inde

1254 1068 1320 1101 ne
1339 1051 1551 1100 exeatis.

1323 1123 1370 1166 5.
1405 1120 1474 1166 Et
1497 1118 1796 1176 quicumque
1820 1129 1926 1162 non
1947 1127 2178 1172 recepe-

1255 1187 1361 1234 rint
1379 1199 1501 1244 vos;
1524 1187 1772 1233 exeuntes
1794 1184 1856 1230 de
1875 1182 2076 1230 civitate
2098 1181 2178 1227 il-

1257 1256 1325 1315 la,
1365 1254 1518 1301 etiam
1551 1252 1818 1310 pulverem
1853 1249 2027 1309 pedum
2063 1261 2176 1294 ve-

1259 1326 1480 1370 strorum
1499 1319 1724 1367 excutite
1749 1319 1804 1366 in
1822 1315 2179 1364 testimonium

1261 1403 1413 1448 supra
1431 1389 1568 1434 illos.

1327 1461 1375 1503 6.
1408 1455 1622 1514 Egressi
1667 1456 1831 1500 autem
1884 1451 2180 1497 circuibant

1261 1539 1352 1584 per
1389 1522 1622 1602 castella,
1669 1518 2080 1578 evangelizantes
2123 1522 2183 1564 et

1263 1595 1497 1639 curantes
1517 1593 1718 1647 ublque.

1329 1662 1376 1705 7.
1402 1657 1647 1704 ”Audivit
1665 1651 2073 1703 autemHerotles
2092 1653 2178 1697 te-

1262 1727 1465 1774 trarcha
1500 1725 1698 1783 omnia,
1737 1735 1863 1780 quae
1892 1722 2084 1767 fiebant
2113 1722 2176 1765 ab

1265 1809 1356 1854 eo,
1377 1796 1428 1841 et
1444 1793 1725 1840 haesitabat
1753 1803 1842 1850 eo,
1870 1787 2004 1846 quod
2034 1786 2177 1832 dice-

1265 1866 1422 1910 retur.

1332 1933 1380 1975 8.
1417 1942 1446 1975 a
1466 1927 1782 1987 quibusdam:
1806 1925 2176 1981 QuiaJoannes

1265 1998 1492 2043 surrexit
1510 2011 1540 2043 a
1558 1992 1792 2042 mortuis!
1823 2008 1854 2041 a
1883 1990 2177 2050 quibusdam

1267 2078 1420 2111 vero:
1470 2064 1600 2117 Quia
1633 2063 1777 2109 Elias
1817 2056 2071 2120 apparuit!
2113 2060 2178 2103 ab

1266 2132 1380 2177 aliis
1400 2134 1589 2178 autem:
1623 2130 1752 2184 Quia
1777 2129 2026 2188 propheta
2041 2138 2177 2171 unus

1269 2199 1329 2246 de
1349 2199 1567 2257 antiquis
1587 2196 1837 2244 surrexit!

1335 2270 1383 2313 9.
1419 2267 1486 2312 Et
1523 2266 1592 2311 ait
1626 2264 1884 2311 Herodes:
1923 2263 2179 2307 Joannem

1269 2348 1365 2392 ego
1403 2332 1683 2391 decollavi3
1738 2332 1849 2390 quis
1887 2332 1965 2377 est
2009 2331 2182 2375 autem

1265 2402 1390 2461 iste,
1425 2403 1483 2448 (le
1504 2414 1602 2458 quo
1625 2412 1721 2459 ego
1751 2398 1874 2445 talia
1891 2396 2075 2444 audio?
2113 2394 2182 2441 Et

1267 2471 1570 2528 quaerebat⁰
1588 2466 1766 2513 videre
1786 2478 1914 2512 eum.

1336 2554 1417 2597 10.
1435 2551 1546 2596 PEt
1562 2549 1762 2597 reversi
1779 2547 2034 2607 Apostoli,
2053 2560 2181 2591 nar-

1268 2621 1516 2666 raverunt
1534 2618 1635 2677 illi,
1667 2628 2010 2675 quaecumque
2036 2614 2179 2660 feee-

1267 2688 1414 2745 runt3
1449 2688 1501 2732 et
1525 2685 1793 2743 assumptis
1813 2683 1917 2729 illis
1932 2714 1946 2742 ,
1967 2680 2182 2728 secessit

1271 2766 1502 2801 seorsum
1519 2753 1573 2799 in
1592 2752 1763 2799 locum
1782 2751 2062 2807 desertum,
2091 2748 2181 2804 qui

1270 2826 1349 2869 est
1365 2819 1679 2867 Bethsaidae.

1338 2891 1419 2936 11.
1463 2888 1613 2941 Quod
1662 2902 1776 2934 cum
1811 2883 2184 2945 cognovissent

1315 3006 1338 3027 ⁸
1356 3010 1396 3038 v.
1414 3002 1535 3038 7—9.
1568 2998 1670 3034 Luc.
1689 3000 1726 3040 3,
1744 3000 1802 3035 19.
1821 3006 1908 3043 sqq.
1949 2992 2098 3031 Metui.
2117 2994 2180 3033 14,

1270 3047 1806 3131 {8‘1-‘113h‘34311243235
1819 3043 2124 3124 &²³52AE
2143 3050 2184 3121 ἔ·

1270 3118 1458 3179 30-μῖ
1491 3137 1582 3178 soh.
1598 3116 1803 3181 σξη-ἰι
1934 3114 1944 3125 ’
2169 3108 2182 3127 '

416 3296 531 3351 Cap.
570 3292 701 3335 VIII.
774 3296 843 3335 48.
886 3296 931 3333 te
961 3288 1132 3332 salvam
1158 3290 1288 3332 feeit.
1361 3290 1431 3331 49.
1468 3288 1596 3330 venit
1621 3300 1649 3329 a
1675 3287 1887 3343 principe
1914 3282 2188 3335 synagogae

306 3353 431 3407 (sic).

306 3464 374 3502 56.
408 3465 567 3515 quibus
595 3458 836 3515 praecipit-

488 3356 555 3394 51.
586 3349 774 3391 Petrum
802 3347 1021 3390 Jacobum
1048 3349 1097 3388 et
1122 3344 1392 3387 Johannem.
1453 3348 1521 3386 52.
1551 3358 1642 3386 non
1661 3348 1732 3385 est
1765 3345 1942 3385 mortua
1969 3339 2050 3382 sed
2081 3338 2188 3379 ‹lor-

304 3409 386 3451 mit
434 3406 603 3462 (omiu-
642 3402 811 3458 puella.
868 3400 950 3443 Ita
981 3412 1116 3455 saepe
1150 3395 1396 3453 subjectum
1433 3401 1607 3454 dccet).

950 3452 1037 3497 IX.
1096 3457 1137 3496 6.
1170 3454 1479 3497 circumibant.
1549 3458 1618 3497 1⁰.
1647 3453 1911 3497 Bethsaida.

1701 3402 1772 3439 53.
1838 3397 2037 3439 scientes
2065 3394 2188 3449 quia.
