2376 3925
331 197 477 241 xxu
757 187 1300 235 COMMENTA'rlo
1356 189 1770 235 ISAGOGICA.

331 329 520 404 digna.
609 321 804 377 Genus
832 321 984 374 enim
1010 319 1235 374 dicendi
1260 327 1345 374 est
1372 321 1895 396 graeco-latinum3
1935 321 2191 376 retinen-

331 421 428 466 tur
453 423 662 484 graeca
685 420 1089 477 nonnunquam
1113 402 1389 458 vocabula
1415 396 1512 479 (ut
1536 405 1624 458 in:
1660 419 1819 458 mons
1846 401 2019 470 eleon,
2050 413 2193 459 cata

334 488 702 548 Matthaeum
730 495 789 542 et
813 488 878 542 in
901 482 1037 564 aL),
1063 486 1453 541 immiscentur
1479 486 1593 540 alia
1617 485 1857 541 barbara
1880 492 1937 540 et
1959 503 1993 540 a
2020 487 2193 561 genio

335 575 546 630 latinae
572 573 804 647 linguae
829 570 1030 624 aliena.
1116 567 1281 631 Quod
1307 570 1415 624 etsi
1442 587 1614 644 aegre
1640 568 1859 624 feratur
1885 568 1955 624 ab
1980 587 2070 638 eo,
2097 571 2199 642 qni

333 657 559 712 meliori
584 654 846 710 adsuevit
871 651 1150 720 sermoni,
1181 659 1374 705 tamen
1400 650 1510 706 hoc
1534 651 1666 706 inde
1692 652 1961 706 utilitatis
1987 650 2198 706 redun-

337 740 453 810 dat,
479 737 632 814 quod
653 743 846 791 textus
874 734 1069 809 graeci
1092 734 1433 808 antiquioris
1461 742 1665 790 natura
1690 753 1764 790 ex
1788 734 1879 789 his
1906 734 2199 809 fragmen-

335 825 434 892 tis,
463 840 606 898 quae
629 835 822 892 presse
846 823 1158 891 sequuntur
1185 813 1442 888 Graeca,
1472 819 1853 894 cognoscitur.
1935 816 2012 871 At
2040 825 2198 872 certo

339 906 452 961 dici
496 914 554 958 et
595 901 791 975 colligi
845 901 1078 973 nequit,
1133 917 1405 973 quosnam
1447 899 1637 956 fontes
1676 898 1929 956 Graecos
1971 902 2238 976 sequuti&

337 988 579 1055 fuerint,
625 985 721 1059 qui
755 983 933 1037 latine
965 981 1106 1036 haec
1131 982 1462 1054 vertebant,
1500 1002 1629 1038 cum
1656 984 2036 1058 antiquissimi
2061 983 2200 1038 libri

335 1087 504 1128 manu
541 1067 739 1139 scripti
775 1067 1000 1140 graeci,
1036 1063 1125 1119 his
1162 1065 1390 1139 quidem
1420 1065 1758 1141 fragmentis
1798 1074 1985 1121 aetate
2008 1083 2197 1138 pareS,

333 1151 601 1227 perpauci
645 1149 945 1222 supersint.
1033 1144 1122 1202 De
1160 1149 1463 1221 provincia
1500 1159 1558 1203 et
1608 1150 1833 1224 origine
1868 1150 2199 1204 versionum

333 1243 466 1289 ante
491 1230 932 1306 Hieronymum,
967 1248 1110 1304 quae
1138 1247 1543 1307 nonnunquam
1564 1233 1804 1305 privatis
1829 1240 2051 1286 tantum
2075 1233 2200 1287 usi-

331 1318 435 1372 bus
459 1316 790 1371 inserviisse
811 1312 1099 1383 videntur,
1129 1331 1197 1367 ea
1226 1313 1293 1368 de
1324 1332 1493 1370 causa
1521 1313 1756 1370 difficile
1776 1314 2058 1388 judicium
2086 1324 2200 1384 est,

333 1399 482 1477 quod
506 1397 658 1453 haud
682 1414 811 1451 raro
841 1396 990 1450 forte
1015 1395 1247 1450 fortuna
1272 1414 1347 1451 ex
1372 1415 1486 1452 uno
1536 1398 1658 1453 loco
1696 1399 1760 1452 in
1784 1398 1961 1452 alium
1982 1398 2201 1471 migra-

331 1489 554 1538 verunt.
639 1477 728 1532 Ea
764 1487 955 1532 tamen
990 1478 1343 1554 fragmenta,
1396 1480 1681 1535 erroribus
1720 1477 2203 1555 orthographicis,

333 1563 718 1641 grammaticis
743 1561 982 1635 aliisque
1009 1578 1124 1617 non
1149 1579 1264 1616 uno
1294 1564 1420 1618 loco
1451 1565 1777 1636 conspicua,
1814 1571 1943 1636 apte
1972 1580 2201 1634 compa-

329 1655 532 1704 rantur
556 1645 628 1700 ad
652 1645 864 1699 latinae
887 1643 1148 1720 linguae,
1193 1647 1541 1700 senescentis
1576 1645 1732 1700 illius
1772 1653 1829 1699 et
1857 1644 2201 1717 decrepitae,

330 1729 629 1786 historiam
672 1727 935 1783 subtilius
1004 1728 1485 1803 cognoscendam3
1555 1735 1613 1782 et
1656 1727 1991 1783 documento
2042 1736 2202 1796 sunt,

329 1831 496 1888 quem
522 1815 584 1869 in
610 1810 839 1866 modum
863 1819 1086 1866 veteres
1113 1807 1449 1882 Christiani,
1474 1829 1591 1866 non
1616 1819 1838 1867 tantum
1866 1811 2115 1883 episcopi
2143 1821 2205 1864 et

331 1898 548 1967 clerici,
573 1892 673 1950 sed
698 1895 870 1949 etiam
898 1894 1061 1966 laici,
1089 1895 1303 1968 pietate
1327 1896 1613 1971 insignes,
1642 1895 1741 1969 qui
1769 1895 1959 1968 aliqua
1984 1895 2201 1948 utrius-

329 2000 438 2055 que
463 1982 694 2054 linguae
731 1978 1004 2033 facultate
1039 1979 1309 2031 instructi
1344 1978 1454 2032 sibi
1486 1977 1854 2047 videbantur,
1896 1994 2089 2032 sacros
2127 1979 2201 2031 li-

327 2064 459 2117 bros
496 2078 732 2135 graecos
768 2061 832 2113 in
865 2058 1107 2113 latinum
1147 2076 1467 2113 sermonem
1502 2059 1813 2115 transferre
1841 2060 2033 2114 conati
2060 2061 2203 2128 sint,

331 2160 548 2199 summa
573 2141 800 2216 quidem
825 2139 938 2195 fide
965 2149 1022 2195 et
1045 2140 1295 2196 mirabili
1324 2140 1639 2217 diligentia.
1696 2142 1853 2208 Quae
1876 2142 2206 2217 fragmenta

327 2224 658 2281 Italicarum
679 2225 1028 2293 versionum,
1046 2221 1339 2299 hueusque
1370 2226 1622 2300 cognita,
1650 2226 1701 2279 si
1730 2226 1857 2280 aliis
1884 2226 2203 2301 incognitis

331 2318 390 2362 et
419 2325 568 2362 nove
604 2307 846 2380 repertis
885 2323 1096 2381 augere
1143 2306 1393 2362 secunda
1424 2307 1656 2363 fortuna
1699 2309 2095 2384 contingeret,
2148 2311 2203 2363 si

328 2398 682 2465 praestantes
703 2387 940 2445 Codices
966 2392 1161 2465 graeci
1188 2391 1566 2445 vetustissimi
1612 2391 1795 2446 denuo
1820 2390 1893 2446 ad
1920 2390 2202 2447 editiones

327 2477 631 2549 impressas
673 2472 1098 2540 conferrentur,
1133 2481 1193 2526 et
1227 2473 1455 2547 quidem
1496 2473 1813 2529 subtilitate
1844 2472 2205 2550 philologica

327 2556 420 2613 his
447 2558 658 2613 nostris
688 2555 882 2610 diebus
919 2555 1182 2630 digniore
1199 2595 1217 2626 ,
1262 2556 1331 2611 de
1370 2556 1723 2612 restituendo
1765 2566 1929 2622 textu
1966 2574 2201 2633 graeco,

332 2642 560 2695 saeculo
587 2637 685 2693 111.
715 2638 837 2692 fere
860 2656 914 2710 p.
945 2635 1076 2693 Chr.
1105 2638 1410 2710 familiari,
1437 2638 1586 2694 bona
1609 2642 1843 2715 quaevis
1870 2641 2086 2713 sperari
2111 2640 2203 2695 fas

331 2733 494 2775 esset.
528 2752 597 2762 —

453 2804 608 2859 Satis
635 2802 778 2859 haec
803 2809 970 2857 sunto
1003 2801 1289 2876 disputata
1316 2804 1385 2859 de
1410 2803 1579 2859 rebus
1594 2804 1819 2861 biblicis
1838 2814 1970 2860 ante
1985 2802 2200 2860 Hiero-

332 2900 594 2959 nymum3
646 2902 796 2940 nunc
814 2925 833 2955 ,
877 2883 1026 2939 unde
1061 2885 1349 2940 aberravit
1394 2888 1609 2958 oratio,
1644 2887 1716 2942 ad
1764 2889 1947 2943 nostri
1983 2887 2201 2942 codicis

329 2968 649 3023 versionem
673 2964 1178 3042 Hieronymianam
1215 2967 1530 3025 redeamus.
1612 2967 1997 3045 Hieronymus
2027 2974 2199 3043 jussu

329 3048 610 3117 Damasi,
644 3051 891 3122 episcopi
914 3046 1190 3122 Romani,
1220 3051 1545 3123 adiumento
1571 3051 1831 3107 codicum
1857 3070 2197 3127 graecorum

329 3150 444 3187 non
470 3131 804 3201 multorum,
849 3131 948 3185 sed
975 3135 1381 3190 excellentium
1406 3136 1745 3209 antiquitate
1771 3141 1829 3188 et
1854 3134 2043 3190 indole
2070 3153 2195 3203 sua,

331 3215 579 3288 suscepit
605 3214 852 3268 laborem
881 3222 938 3267 et
965 3216 1345 3272 emendandae
1369 3218 1581 3273 veteris
1609 3218 1909 3287 versionis,
1929 3225 2015 3272 tot
2034 3236 2195 3272 men-

333 3299 420 3355 dis
444 3295 732 3365 foedatae,
777 3305 832 3350 et
866 3314 1047 3352 novae
1085 3300 1476 3354 translationis
1507 3298 1905 3354 conficiendae.
1990 3298 2057 3353 ln
2084 3318 2199 3374 qua

329 3400 392 3435 re
424 3380 602 3437 ardua
637 3378 926 3433 moderate
959 3381 1117 3454 egit3
1183 3381 1285 3437 sed
1315 3399 1388 3436 ne
1430 3383 1515 3436 sic
1552 3380 1775 3456 quidem
1815 3380 2196 3437 damnatorias

330 3464 639 3517 sententias
683 3462 1073 3532 imperitorum
1115 3471 1172 3517 et
1204 3464 1611 3519 malevolorum
1661 3462 1893 3538 effugit3
1954 3466 2017 3519 in
2054 3484 2196 3539 quos
