2376 3925
422 165 689 218 Ac'rUS
742 164 1398 216 APOSTOLORUM.
1456 166 1622 216 CAP.
1662 168 1849 218 2223.

202 270 353 316 mihi:
391 269 617 328 Festina,
655 271 707 314 et
741 268 827 313 exi
864 266 1110 313 velociter

203 350 274 383 ex
303 335 603 393 Ierusalcm3
634 335 870 392 quoniam
898 347 1005 380 non
1022 347 1109 380 re-

202 402 398 460 cipient
414 403 758 448 testimonium
776 404 915 446 tuum
935 401 995 446 de
1013 415 1109 446 me.

270 472 352 515 19.
387 469 457 514 Et
476 482 573 527 ego
596 469 724 516 dixi:
743 467 985 515 Domine.¹
1012 467 1110 526 ipsi

200 536 389 595 sciunt,
404 537 524 593 quia
534 549 629 594 ego
646 549 784 582 eram
803 535 1109 583 concludent

201 605 256 649 in
276 616 555 664 carcerem,
576 605 627 649 et
643 603 857 649 caedens
878 615 969 660 per
988 615 1110 661 syn-

202 683 399 729 agogas
420 683 510 716 eos
525 701 540 730 ,
562 670 645 726 qui
664 670 937 716 credebant
954 670 1007 714 in
1030 671 1109 726 te;

271 739 358 783 2⁰.
394 739 448 783 et
466 751 573 783 cum
586 737 887 783 funderetur
905 737 1111 793 sanguis

204 804 453 863 Stephani
470 804 611 850 testis
631 805 731 863 tui,
754 817 851 861 ego
870 806 1109 861 astabam,

204 876 257 919 et
276 871 651 919 consentiebam
664 902 679 931 ,
702 874 753 917 et
771 871 1112 917 custodiebam

202 938 506 986 vestimenta
571 938 980 985 interficientium
1047 936 1112 982 il-

206 1006 369 1052 lnmP.

277 1075 357 1118 21.
367 1073 433 1118 Et
442 1073 571 1120 dixit
586 1073 650 1119 ad
658 1085 761 1118 me:
773 1069 935 1117 Vade!
949 1081 1113 1128 quon-

204 1142 307 1186 iam
328 1153 422 1198 ego
442 1141 496 1186 in
514 1140 784 1186 nationesff
810 1139 967 1196 longe
996 1137 1113 1184 mit-

205 1211 305 1253 tam
326 1209 393 1253 te.

273 1277 357 1319 22.
394 1273 673 1322 Audiebant
700 1275 867 1320 autem
893 1287 1006 1319 eum
1024 1284 1112 1318 us-

202 1355 304 1399 que
334 1339 401 1386 ad
428 1341 523 1388 hoc
549 1345 786 1401 verbum,
826 1343 877 1386 et
902 1340 1113 1386 levave-

202 1410 329 1455 runt
339 1421 513 1454 vocem
524 1421 680 1466 suam,
694 1408 919 1454 dicentes
931 1420 943 1452 ε
964 1405 1113 1452 Tolle

206 1477 270 1522 de
290 1477 427 1521 terra
445 1475 731 1533 hujusmodi
746 1490 759 1533 ;
773 1475 1025 1521 nonenim
1037 1475 1113 1519 fas

206 1545 288 1590 cst
308 1556 421 1588 eum
441 1543 616 1590 vivere
628 1547 663 1588 ²'.

276 1611 355 1654 23.
389 1609 799 1656 Vociferantibus
829 1610 995 1653 autem
1020 1607 1112 1665 eis,

204 1680 261 1723 et
276 1675 665 1734 projicientibus
685 1674 986 1720 vestimenta
1006 1687 1115 1732 sua,

203 1747 257 1790 et
274 1743 541 1801 pulverem
545 1741 851 1796 J‘actantibus
863 1740 917 1785 in
928 1741 1115 1796 aerem,

270 1813 356 1856 24.
391 1807 547 1864 jussit
562 1807 793 1852 tribunus
813 1804 985 1851 induci
1004 1818 1117 1851 eum

200 1880 257 1925 in
296 1879 483 1933 castra,
522 1876 573 1919 et
607 1871 821 1930 flagellis
862 1871 1029 1930 caedi,
1070 1873 1121 1918 et

200 1942 438 2003 torqueri
458 1955 597 2001 eum,
629 1943 683 1987 ut
701 1939 879 1999 sciret,
909 1940 1120 1998 propter

202 2026 356 2072 quam
376 2022 575 2057 causam
594 2008 667 2054 sic
688 2007 1027 2054 acclamarent
1052 2006 1116 2054 ei.

274 2082 357 2126 25.
391 2078 461 2123 Et
479 2090 589 2122 cum
616 2076 976 2122 astrinxissent
1003 2088 1117 2121 eum

200 2147 334 2195 loris
347 2176 362 2205 ‚
386 2145 505 2191 dicit
523 2143 707 2189 astanti
726 2144 823 2190 sibi
843 2142 1116 2189 Centurio-

200 2216 261 2261 ni
297 2212 509 2259 Paulus:
550 2212 606 2257 Si
643 2210 899 2257 hominem
928 2211 1115 2255 Roma-

201 2286 377 2338 num⁸,
398 2282 450 2325 et
466 2278 807 2325 indemnatum
829 2278 951 2323 licet
970 2276 1115 2323 vobis

202 2346 500 2405 flagellare?

276 2417 357 2460 26.
396 2415 509 2467 Quo
528 2413 728 2472 audito,
758 2411 999 2459 Centurio
1027 2424 1115 2457 ac-

136 2538 141 2544 ,
204 2482 366 2531 cessit
380 2482 445 2527 ad
462 2480 717 2528 tribunum
731 2509 747 2538 ‚
778 2482 830 2525 et
853 2478 1117 2525 nunciavit

204 2551 277 2608 ei,
298 2548 496 2595 dicens:
526 2548 659 2601 Quid
688 2549 891 2593 acturus
911 2546 996 2591 esi
1034 2545 1115 2591 hic

205 2617 345 2663 enim
364 2616 515 2661 homo
536 2615 660 2661 civis
679 2616 934 2659 Romanus
954 2614 1046 2659 est.

278 2685 358 2728 27.
393 2682 651 2729 Accedens
680 2684 845 2729 autem
864 2681 1113 2737 tribunus,

206 2750 341 2796 dixit
356 2749 461 2795 illi:
489 2749 583 2794 Dic
610 2748 759 2806 mihi,
791 2748 835 2793 si
854 2751 909 2793 tu
928 2748 1116 2792 Roma-

206 2831 307 2865 nus
326 2817 415 2863 es?
433 2818 499 2861 At
516 2814 603 2861 ille
624 2815 779 2860 dixit:
799 2814 983 2860 Etiam.

277 2886 359 2930 28.
410 2882 479 2928 Et
534 2881 801 2939 respondit
857 2881 1115 2926 tribunus:

205 2952 323 3011 Ego
344 2950 501 2996 multa
518 2962 709 2995 summa
720 2946 975 2993 civitatem
990 2945 1117 2991 hanc

208 3020 514 3065 consecutus
534 3029 659 3061 sum.
728 3014 797 3059 Et
812 3013 999 3059 Paulus
1019 3012 1113 3058 ait:

206 3086 324 3144 Ego
346 3088 513 3131 autem
533 3085 583 3129 et
600 3083 749 3128 natus
770 3094 895 3127 sum.

252 3203 277 3228 P
301 3206 333 3229 c.
361 3197 406 3235 ⁷,
432 3196 489 3230 57.
556 3198 572 3225 s
592 3202 624 3227 c.
643 3194 689 3233 9,
716 3192 773 3226 15.
824 3188 916 3226 Gal.
935 3192 972 3231 1,
991 3190 1049 3225 16.
1099 3194 1117 3213 ν

204 3239 354 3277 Manli.
376 3242 437 3281 25,
455 3241 514 3275 66.
530 3242 593 3279 27,
609 3240 668 3275 23.
718 3242 731 3260 ⁸
753 3248 787 3271 c.
808 3239 866 3277 16,
886 3239 946 3272 37.

328 3386 445 3439 Cap.
476 3382 637 3425 xxn.
696 3388 766 3426 22.
798 3385 1031 3426 eiusmodi.

1987 171 2084 218 227

1244 268 1326 313 29.
1346 267 1586 314 Protinus
1598 282 1722 327 ergo
1747 270 2088 316 discesserunt

1178 336 1240 380 ab
1277 334 1396 393 illo,
1431 334 1518 390 qui
1557 349 1672 381 eum
1705 338 1894 383 torturi
1923 341 2082 383 erant.

1180 400 1435 448 Tribunus
1472 414 1670 458 quoque
1707 403 1899 463 timuit,
1940 409 2082 461 post-

1179 481 1327 525 quam
1345 467 1580 527 rescivit,
1607 469 1724 526 quia
1751 470 1877 517 civis
1897 472 2082 516 Roma-

1178 549 1274 580 nus
1294 537 1446 593 esset,
1459 537 1509 580 et
1520 535 1636 591 quia
1654 535 1942 594 alligasset*
1953 551 2080 584 eum.

1247 603 1328 647 30.
1362 603 1576 647 Postera
1602 605 1769 650 autem
1797 604 1877 650 (lie
1904 604 2083 651 volens

1179 668 1310 715 scire
1350 668 1659 728 diligentius,
1697 683 1795 726 qua
1833 683 1900 724 ex
1935 684 2084 717 causa

1179 739 1501 781 accusaretur
1515 735 1774 795 aJudaeis,
1785 737 1940 783 solvit
1953 752 2081 796 eum,

1180 804 1234 848 et
1247 803 1400 860 jussit
1419 802 1718 850 Sacerdotes
1740 805 2016 850 convenire
2037 809 2087 850 et

1181 882 1332 916 omne
1370 869 1666 928 concilium,
1716 875 1766 917 et
1802 871 2086 927 producens

1180 936 1407 994 Paulum,
1429 937 1601 983 statuit
1619 937 1753 984 inter
1771 937 1906 984 illos.

1418 1083 1586 1136 cAP.
1627 1045 1848 1138 ⁸xxm.

1182 1183 1292 1224 Orta
1319 1187 1390 1224 est
1419 1183 1637 1226 dissensio
1664 1184 1940 1228 Pharisaeos
1968 1187 2086 1228 inter

1182 1243 1230 1280 et
1266 1236 1578 1288 Sadducaeos,
1619 1240 1735 1292 quod
1783 1241 2090 1283 contendisset

1180 1291 1380 1342 Paulus,
1399 1306 1448 1335 se
1469 1295 1524 1336 de
1544 1296 1872 1337 resurrectione
1891 1302 2086 1338 mortuo-

1179 1363 1278 1392 rum
1291 1347 1506 1400 judicari.
1535 1349 1728 1391 Publica
1747 1350 1872 1392 facta
1893 1351 1948 1392 de
1965 1350 2086 1394 Pau-

1182 1403 1227 1447 lo
1251 1405 1519 1446 trucidando
1540 1403 1874 1457 conjuratione,
1895 1407 2090 1449 mittitur

1501 1459 1781 1503 Caesaream.

1250 1555 1296 1600 1.
1332 1554 1604 1600 Intendens
1624 1556 1790 1601 autem
1807 1556 1864 1601 in
1875 1555 2089 1603 concili-

1184 1634 1266 1666 um
1284 1621 1487 1678 Paulus,
1507 1621 1600 1666 ait:
1622 1623 1733 1667 Viri
1752 1623 1959 1669 fratres!
1992 1636 2087 1681 ego

1184 1687 1325 1732 omni
1335 1688 1648 1734 conscientia
1666 1690 1802 1734 bona
1813 1702 2089 1736 eonversa-

1183 1754 1265 1797 tus
1287 1765 1398 1798 sum
1424 1757 1542 1800 ante
1561 1754 1722 1800 Deum
1740 1756 1974 1812 usquein
1995 1756 2088 1801 ho-

1186 1818 1418 1864 diernum
1438 1820 1583 1866 diem.

1255 1887 1302 1930 2.
1329 1885 1570 1944 Princeps
1587 1886 2092 1934 autemSacerdotum

1185 1951 1410 1999 Ananias
1430 1953 1690 2011 praecepit
1699 1953 1975 2002 astantibus
1994 1954 2090 2003 sibi

1185 2023 1452 2079 percutere
1473 2034 1531 2066 os
1552 2021 1662 2079 ejus
1673 2027 1713 2067 1⁴.

1253 2089 1300 2133 3.
1338 2090 1481 2135 Tunc
1500 2088 1684 2135 Paulus
1717 2089 1845 2137 dixit
1869 2090 1931 2135 ad
1951 2104 2088 2137 eum:

1182 2155 1441 2202 Percutiet
1458 2157 1509 2203 te
1527 2157 1684 2216 Deus,
1697 2158 1863 2214 paries
1884 2157 2088 2205 dealba-

1180 2224 1234 2269 te
1247 2222 1292 2269 ⁹!
1323 2223 1391 2269 Et
1407 2224 1463 2269 tu
1484 2224 1665 2270 sedens
1689 2225 1887 2281 judicas
1903 2240 1984 2272 me
2005 2238 2087 2273 se-

1184 2289 1400 2336 cundum
1417 2289 1602 2351 legem,
1617 2295 1856 2339 etcontra
1874 2292 2040 2351 legem
2051 2297 2090 2320 ¹⁰

1177 2356 1328 2415 jubes
1349 2371 1428 2403 me
1449 2358 1680 2416 percuti?

1248 2426 1298 2469 4.
1333 2424 1402 2470 Et
1422 2425 1506 2481 qui
1535 2427 1792 2482 astabant,
1823 2425 2086 2471 dixerunt:

1184 2492 1438 2537 Summum
1471 2491 1797 2538 Sacerdotem
1815 2492 1915 2537 Dei
1930 2491 2088 2537 male-

1185 2558 1308 2604 dicis
1321 2559 1342 2603 ἓ

1250 2627 1298 2670 5.
1333 2624 1476 2673 Dixit
1487 2627 1648 2671 autem
1657 2625 1844 2671 Paulus
1856 2635 1869 2670 :
1879 2624 2089 2671 Nescie-

1182 2694 1313 2750 bam,
1351 2691 1558 2738 fratres!
1600 2692 1717 2749 quia
1745 2690 1981 2748 princeps
2013 2695 2090 2739 est

1183 2760 1528 2805 Sacerdotum.
1566 2758 1818 2814 Scriptum
1837 2760 1916 2805 est
1925 2758 2084 2805 enim:

1181 2826 1508 2885 „Principem
1525 2824 1701 2882 populi
1719 2824 1792 2870 tui
1803 2837 1910 2873 non
1928 2827 2086 2873 male-

1181 2891 1444 2952 „dices.“⁴'

1250 2961 1298 3004 6.
1335 2957 1512 3005 Sciens
1532 2960 1698 3003 autem
1724 2959 1940 3020 Paulus,
1971 2961 2088 3017 quia

1180 3038 1284 3072 una
1303 3037 1419 3082 pars
1440 3026 1575 3070 esset
1595 3025 2016 3083 Sadducaeorum,
2039 3030 2089 3072 et

1182 3092 1345 3139 altera
1379 3091 1792 3153 Pharisaeorum,
1833 3093 2086 3141 exclama-

1227 3190 1247 3213 θ
1264 3198 1300 3223 ο.
1319 3190 1379 3227 21.
1396 3190 1456 3225 33.
1502 3195 1525 3214 “
1541 3186 1631 3224 Joh.
1649 3191 1710 3230 18,
1721 3192 1783 3225 22.
1832 3196 1854 3215 ⁰
1873 3188 2086 3229 Metti-123,

1181 3238 1242 3271 27.
1289 3240 1321 3259 Ψ
1337 3233 1439 3270 Lev.
1458 3238 1518 3277 19,
1535 3238 1592 3271 15.
1641 3241 1669 3259 ³
1683 3234 1816 3273 Exod.
1832 3239 1894 3277 22,
1911 3237 1969 3272 28.

1090 3388 1159 3425 25.
1203 3384 1338 3425 dixit.
1405 3383 1474 3423 26.
1515 3382 1741 3425 nuntiavit
1769 3383 1922 3423 dicens
1949 3383 2092 3435 (deest

209 3443 275 3494 ei)
290 3458 302 3492 3
320 3441 431 3485 ibid.
450 3440 569 3481 cives
586 3439 812 3482 Romanus
832 3438 955 3495 (sic).
1012 3442 1083 3481 27.
1114 3436 1225 3480 mihi
1242 3442 1292 3481 tu
1311 3440 1457 3495 (deest
1474 3436 1550 3488 si)-
1611 3441 1679 3479 28.
1711 3437 1901 3490 pecunia
1932 3436 2089 3479 civita-

210 3506 317 3541 tem.

424 3492 609 3537 XXIII.
669 3500 709 3537 1.
740 3494 976 3537 concilium
996 3498 1142 3552 (deest
1158 3493 1245 3547 in).
1305 3497 1344 3536 3.
1374 3492 1434 3534 ad
1454 3505 1553 3534 eum
1573 3492 1708 3533 dixit·
1769 3495 1810 3532 5.
1839 3490 2086 3536 maledicis.
