2376 3925
287 161 353 213 64
851 164 1201 216 MARCUS.

362 275 446 320 36.
480 272 671 318 dimitte
690 269 837 328 illos,
854 270 913 314 ut
942 270 1123 313 euntes
1140 267 1197 312 in

294 341 555 398 proximas
576 336 727 384 villas
741 367 756 396 ,
778 338 831 382 et
846 336 1009 394 vicos,
1030 335 1200 381 emant

297 408 390 454 sibi
410 406 566 464 cibos,
586 415 713 462 quos
731 403 1047 450 manducent.

364 475 444 518 3⁶1.
480 472 550 518 Et
581 470 926 530 respondens,
961 469 1035 514 ait
1066 467 1196 514 illis:

294 540 425 586 Date
468 538 573 585 illis
616 550 713 585 vos
758 533 1084 584 manducare!
1130 534 1201 578 Et

298 607 539 652 dixerunt
557 605 629 652 ei:
650 605 843 651 Euntes
864 615 1082 649 emamus
1103 601 1199 646 du·-

298 673 459 720 centis
478 672 698 720 denariis
718 682 892 730 panes,
904 671 957 716 et
974 668 1198 714 dabimus

299 741 401 788 illis
419 741 739 786 manducare.

366 810 445 854 38.
480 807 549 852 Et
575 806 694 852 dicit
725 804 827 850 eis:
870 803 1007 856 Quot
1041 814 1199 860 panes

298 875 521 922 habetis:¹
558 873 645 931 ite,
685 873 735 916 et
761 869 955 916 videte!
991 868 1063 915 Et
1088 883 1202 915 cum

300 939 681 1000 cognovissent,
712 937 907 984 dicunt:
948 936 1198 995 Quinque,

300 1013 351 1056 et
370 1010 493 1055 duos
513 1006 691 1064 pisces.

368 1077 446 1121 39.
481 1073 549 1118 Et
572 1071 832 1130 praecepit
859 1071 990 1130 illis,
1020 1071 1078 1116 ut
1112 1083 1202 1116 ae-

300 1144 529 1189 cumbere
558 1141 788 1186 t'acerent
816 1152 990 1186 omnes
1017 1151 1200 1184 seeun-

300 1210 417 1255 dum
462 1207 795 1254 contubernia
838 1219 991 1264 super
1034 1205 1201 1251 viride

297 1279 519 1324 foenmn.

367 1345 448 1388 40.
483 1343 552 1388 Et
563 1342 921 1388 discubuerunt
938 1341 992 1386 in
1012 1341 1202 1399 partes,

301 1424 393 1469 per
412 1411 655 1456 centenos
675 1410 727 1454 et
745 1409 1143 1465 quinquagenos.

364 1478 449 1522 41.
482 1477 551 1521 Et
568 1475 787 1532 acceptis
807 1474 1025 1532 quinque
1052 1473 1202 1530 pani-

300 1547 391 1590 bus
403 1574 417 1602 ,
447 1545 499 1588 et
520 1543 713 1588 duobus
733 1541 979 1600 piscibus,
996 1541 1202 1586 intuens

298 1612 354 1657 in
391 1608 604 1668 coelum,
643 1608 931 1667 benedixit,
963 1610 1015 1654 et
1047 1608 1204 1664 fregit

298 1691 482 1738 panes3
504 1680 555 1724 et
574 1675 710 1724 dedit
728 1674 985 1733 discipulis
1004 1675 1125 1734 suis,
1144 1677 1206 1720 ut

299 1748 551 1805 ponerent
579 1747 695 1791 ante
730 1757 846 1801 eos;
884 1747 935 1789 et
960 1743 1085 1789 duos
1120 1742 1201 1800 pi-

300 1825 411 1862 sces
433 1811 603 1884 divisit
622 1811 867 1858 omnibus.

368 1883 447 1926 42.
482 1879 989 1926 Etmanducaverunt
1007 1891 1202 1938 omnes,

303 1953 354 1996 et
372 1948 582 1995 saturati
602 1949 732 1994 sunt.

366 2018 448 2063 43.
484 2015 552 2060 Et
605 2014 919 2061 sustulerunt
960 2011 1202 2069 reliquias

307 2084 721 2137 fragmentorum,
744 2077 1005 2123 duodecim
1025 2078 1201 2135 cophi-

305 2160 398 2193 nos
418 2146 614 2203 plenos,
636 2147 689 2191 et
706 2145 765 2189 de
785 2145 1019 2201 piscibus.

370 2215 450 2258 44.
485 2212 648 2257 Erant
665 2213 827 2255 autem
843 2241 857 2270 ,
887 2209 974 2267 qui
990 2211 1203 2256 mandu-

306 2274 572 2336 caverunt,
604 2278 823 2335 quinque
856 2276 1016 2323 millia
1055 2278 1203 2324 viro-

300 2360 427 2393 rum.

367 2417 447 2460 45.
481 2407 574 2459 iEt
600 2411 767 2458 statim
796 2411 963 2469 coegit
982 2411 1203 2470 discipu-

302 2483 383 2529 los
428 2494 547 2527 suos
592 2479 865 2527 ascendere
907 2479 1079 2525 navim
1097 2510 1113 2539 ,
1148 2482 1207 2525 ut

303 2547 665 2607 praecederent
702 2559 815 2592 eum
849 2547 990 2592 trans
1019 2547 1206 2593 fretum

303 2617 364 2662 ad
379 2615 709 2673 Bethsaidam,
724 2613 839 2658 dum
856 2613 964 2671 ipse
984 2613 1204 2659 dimitte-

302 2688 383 2729 ret
400 2684 653 2742 populum.

369 2752 451 2795 46.
470 2752 537 2795 Et
560 2765 669 2797 cum
683 2748 952 2795 dimisisset
962 2760 1069 2807 eos,
1082 2747 1208 2793 abiit

303 2817 357 2862 in
376 2820 597 2863 montem
615 2830 779 2864 orare.

370 2884 451 2927 4⁶1.
476 2884 544 2927 Et
562 2898 675 2929 cum
690 2898 806 2931 sero
820 2885 970 2942 esset,
984 2884 1094 2929 erat
1110 2895 1207 2928 na-

304 2950 383 2996 vis
402 2949 456 2994 in
474 2949 638 2995 medio
656 2952 811 3010 mari,
850 2955 902 2997 et
928 2950 1037 3009 ipse
1064 2950 1206 2996 solus

305 3019 359 3063 in
376 3021 526 3063 terra.

303 3123 424 3211 ⁶313.
442 3126 623 3207 431—56·
654 3122 800 3162 Msuh.
816 3128 879 3170 14,
896 3129 1080 3166 22—36.
1110 3124 1205 3163 Joh.

1274 163 1442 215 CAP.
1479 164 1531 215 6.
1549 165 1601 214 7.

1331 268 1414 312 48.
1447 266 1518 312 Et
1543 266 1723 312 videns
1749 277 1842 311 eos
1879 264 2178 312 laborantes

1265 333 1322 379 in
1337 332 1632 390 remigando
1663 334 1802 390 [erat
1827 331 1962 378 enim
1987 325 2178 379 ventus

1267 401 1552 446 contrarius
1581 400 1682 456 eis]
1717 402 1770 445 et
1793 399 1930 446 eima
1947 403 2180 456 quartam

1266 467 1494 524 vigiliam
1518 466 1684 513 noctis
1703 466 1850 512 venit
1871 465 1934 512 ad
1955 480 2048 513 eos
2065 480 2178 512 am-

1267 533 1446 580 bulans
1483 546 1636 590 supra
1668 546 1843 591 mare3
1880 536 1934 580 et
1967 535 2181 581 volebat

1267 601 1547 660 praeterire
1568 613 1675 646 eos.

1332 670 1414 713 49.
1451 669 1516 713 At
1550 667 1656 726 illi,
1689 669 1749 712 ut
1781 667 2025 714 viderunt
2060 683 2174 715 enm

1267 735 1604 781 ambulantem
1621 747 1776 793 supra
1786 748 1944 795 mare,
1955 738 2108 792 putav
2115 751 2174 783 e-

1266 805 1411 860 runt,
1438 802 1733 860 phantasma
1760 815 1871 849 esse
1884 833 1900 861 ,
1925 806 1978 849 et
1995 803 2172 850 excla-

1267 871 1549 915 naverunt.

1335 938 1416 981 50.
1441 937 1627 981 Onmes
1645 937 1777 982 enim
1789 937 2029 984 viderunt
2041 951 2174 998 eum,

1271 1007 1322 1050 et
1357 1003 1643 1049 conturbati
1680 1005 1812 1049 sunt.
1897 1003 1966 1049 Et
2004 1007 2176 1051 statim

1270 1071 1468 1117 locutus
1488 1072 1568 1116 est
1585 1084 1696 1116 cum
1716 1071 1788 1116 eis
1803 1101 1818 1129 ,
1849 1075 1898 1116 et
1916 1070 2050 1117 dixit
2071 1074 2147 1120 eis
2160 1087 2176 1118 z

1272 1136 1540 1184 confidite!
1555 1150 1651 1195 ego
1664 1150 1789 1196 sum,
1803 1137 1962 1184 nolite
1975 1139 2173 1186 timere.

1337 1208 1418 1250 51.
1452 1205 1521 1250 Et
1561 1204 1788 1250 ascendit
1840 1205 1904 1250 ad
1949 1205 2066 1250 illos
2113 1209 2171 1252 in

1269 1272 1467 1330 navim,
1497 1273 1550 1317 et
1568 1263 1818 1318 cessavit*
1835 1276 2032 1318 ventus.
2101 1273 2178 1320 Et

1269 1339 1381 1397 plus
1400 1339 1559 1396 magis
1579 1339 1714 1384 intra
1733 1352 1788 1385 se
1807 1342 2102 1398 stupebant3

1336 1407 1417 1451 52.
1451 1398 1584 1452 non¹
1626 1405 1762 1451 enim
1803 1405 2176 1454 intellexerunt

1270 1472 1331 1518 de
1349 1472 1561 1530 panibus
1574 1487 1588 1530 ς
1601 1476 1711 1518 erat
1730 1473 1860 1519 enim
1880 1485 1971 1519 cor
1991 1489 2174 1521 eorum

1271 1542 1607 1586 obcaecatum.

1335 1609 1416 1652 53.
1468 1607 1538 1653 Et
1580 1621 1693 1653 cum
1735 1608 2170 1668 transfretassent,

1268 1677 1524 1720 venerunt
1549 1674 1604 1719 in
1629 1676 1816 1720 terram
1834 1675 2171 1734 Genesareth,

1270 1744 1321 1788 et
1337 1742 1702 1800 applicuerunt.

1335 1811 1415 1854 54.
1453 1811 1672 1865 cumque
1692 1809 1886 1867 egressi
1917 1813 2092 1856 essent
2113 1811 2174 1857 de

1268 1877 1406 1936 navi,
1421 1876 1661 1922 continuo
1673 1881 2030 1934 cognoverunt
2041 1891 2171 1924 eum.

1336 1947 1416 1989 55.
1449 1943 1518 1989 Et
1559 1947 1912 2002 percurrentes
1961 1945 2171 1993 univer-

1269 2024 1373 2057 sam
1399 2011 1664 2068 regionem
1691 2011 1852 2071 illam,
1893 2016 2176 2071 coeperunt

1269 2078 1325 2123 in
1343 2078 1562 2135 grabatis
1583 2092 1699 2136 eos,
1731 2080 1814 2135 qui
1845 2092 1900 2126 se
1927 2080 2060 2127 male
2079 2081 2172 2127 ha-

1269 2146 1478 2204 bebant,
1510 2146 1862 2206 circumferre,
1889 2148 1976 2194 ubi
1995 2148 2172 2195 audie-

1269 2214 1405 2271 bant,
1427 2225 1540 2258 eum
1559 2226 1687 2258 esse.

1337 2282 1417 2325 56.
1451 2280 1520 2325 Et
1555 2293 1866 2337 quocumque
1911 2282 2176 2343 introibat,

1269 2346 1326 2393 in
1342 2347 1504 2404 vicos,
1523 2347 1610 2392 vel
1628 2348 1682 2392 in
1699 2347 1868 2407 villas,
1884 2353 1972 2396 aut
1989 2351 2175 2398 civita-

1268 2418 1364 2473 tes,
1383 2414 1439 2459 in
1457 2413 1635 2471 plateis
1656 2417 1912 2471 ponebant
1927 2418 2174 2477 infirmos,

1272 2483 1324 2527 et
1368 2481 1764 2538 deprecabantur
1809 2496 1948 2544 eum,
1995 2488 2053 2531 ut
2087 2487 2178 2533 vel

1270 2547 1512 2594 fimbriam
1538 2547 1828 2595 vestimenti
1854 2551 1963 2608 ejus
1991 2556 2175 2611 tange-

1270 2617 1462 2673 rentm3
1519 2617 1570 2661 et
1613 2618 1860 2673 quotquot
1897 2621 2182 2678 tangebant

1273 2695 1402 2740 eum,
1424 2680 1554 2727 salvi
1572 2683 1770 2729 fiebant.

1548 2872 1591 2922 C
1603 2872 1643 2921 A
1657 2870 1716 2922 P.
1773 2871 1888 2923 VII.

1271 2967 1510 3013 Pharisaei
1529 2970 1618 3012 Dei
1639 2970 1852 3012 mandata
1870 2972 1926 3012 ob
1957 2984 2063 3014 suas
2083 2978 2184 3016 tra-

1275 3025 1470 3068 ditiones
1487 3024 1672 3068 violant.
1705 3027 1932 3075 Quaenam
1955 3026 2185 3071 hominem

1317 3124 1482 3162 *Mau-c.
1516 3130 1556 3169 4,
1591 3130 1651 3165 39.
1729 3126 1889 3163 1Marc.
1923 3130 1961 3170 8,
1996 3132 2055 3165 17.
2089 3142 2184 3178 sqq.

1273 3179 1304 3198 ”⁵
1319 3172 1466 3210 Mutus.
1481 3177 1519 3215 9,
1538 3176 1595 3210 21.

420 3318 533 3373 Cap.
563 3316 646 3360 VI.
704 3321 773 3361 ³⁴1.
806 3318 911 3360 date
932 3319 999 3361 eis
1016 3322 1312 3369 manducare3
1337 3320 1444 3364 ibid.
1475 3321 1670 3363 denariis
1691 3323 1921 3373 ducentis3
1952 3322 2063 3365 ibid.
2097 3325 2188 3365 da-

304 3377 450 3417 bimus
470 3376 536 3417 eis
562 3373 845 3415 manducare.
903 3378 973 3415 40.
1004 3380 1051 3417 et
1080 3388 1163 3430 per
1193 3377 1541 3428 quinquagenos.
1598 3382 1668 3419 44.
1697 3377 1840 3421 milia.
1896 3382 1966 3421 45.
1999 3390 2185 3422 navem.

305 3433 374 3471 49.
404 3430 617 3472 viderunt
635 3433 705 3477 et;
728 3427 833 3470 ibid.
857 3441 992 3482 super
1007 3441 1144 3471 mare.
1204 3436 1273 3473 50.
1305 3432 1425 3473 dixit
1442 3431 1552 3475 illis·
1610 3437 1679 3475 51.
1707 3434 1754 3475 in
1773 3446 1948 3477 navem·
2006 3438 2078 3477 52.
2103 3450 2190 3478 eor

306 3482 502 3527 illorum.
564 3486 630 3527 53.
666 3482 992 3526 Gennesareth.
1050 3490 1120 3527 55·
1152 3486 1388 3538 grabattis·
1449 3490 1517 3530 56.
1549 3490 1689 3531 autin
1709 3490 1932 3533 civitates·
