2376 3925
329 158 426 209 322

327 261 662 307 lonicensium
681 262 734 305 in
746 260 855 305 Deo
875 261 1042 319 Patre,
1065 258 1234 305 etDo-

327 329 466 373 mino
486 330 607 373 Iesu
627 328 844 373 Christo.

397 397 444 441 2.
483 394 656 439 Gratia
678 395 838 453 vobis,
863 396 913 440 et
931 406 1048 451 pax.
1104 391 1234 436 Gra-

329 463 424 507 tias
454 462 646 518 agimus
674 462 785 507 Deo
817 473 1016 517 semper
1045 471 1137 515 pro
1173 471 1235 503 o-

327 529 524 574 mnibus
555 530 723 588 vobis,
755 529 1047 575 memoriam
1077 525 1236 572 vestri

329 596 575 641 facientes
611 596 664 641 in
703 595 1014 642 orationibus
1043 592 1235 639 nostris

332 664 442 709 sine
461 664 857 720 interminium,

400 732 446 777 3.
491 744 740 777 memores
779 728 947 787 operis
989 726 1106 773 fidei
1143 740 1235 773 ve-

332 800 483 858 strae,
505 802 556 844 et
573 798 786 854 laboris,
808 798 859 841 et
879 794 1136 841 charitatis
1150 826 1163 852 ,
1186 797 1238 839 et

333 865 662 911 sustinentiae
701 864 808 921 spei
835 863 1043 908 Domini
1071 862 1237 907 nostri

333 935 454 978 Iesu
484 932 696 989 Christi,
729 933 844 977 ante
874 930 1036 976 Deum
1069 933 1120 975 et
1137 930 1237 974 Pa-

332 1002 458 1045 trem
479 1002 722 1044 nostrum.

394 1068 444 1111 4.
484 1066 730 1124 Scientes,
770 1066 957 1111 fratres
997 1064 1168 1110 dilecti
1206 1077 1237 1109 a

331 1134 461 1191 Deo,
483 1133 784 1180 electionem
804 1134 1083 1188 vestram03

398 1204 444 1246 5.
482 1202 598 1257 quia
635 1201 972 1257 Evangelium
1009 1200 1236 1244 nostrum

333 1282 438 1314 non
458 1270 554 1314 fuit
579 1269 642 1315 ad
677 1282 767 1315 vos
787 1268 840 1313 in
862 1281 1096 1313 sermone
1121 1269 1236 1311 tan-

327 1339 450 1395 tum,
470 1337 558 1383 sed
577 1336 698 1382 etin
723 1336 937 1393 virtute,
979 1338 1029 1380 et
1046 1334 1099 1379 in
1121 1333 1236 1390 Spi-

327 1404 429 1449 ritu
439 1407 613 1449 sancto
619 1435 633 1462 ‚
646 1406 698 1449 et
715 1403 768 1448 in
780 1402 1093 1461 plenitudine
1105 1399 1237 1446 mul-

327 1464 436 1528 tad,
459 1470 588 1516 sicut
606 1469 769 1527 scitis,
801 1468 972 1526 quales
992 1468 1236 1515 fuerimus

330 1538 384 1583 in
409 1538 550 1583 vobis
569 1538 779 1594 propter
802 1549 894 1581 vos
907 1540 942 1580 θ.

396 1606 442 1648 6.
494 1604 562 1649 Et
607 1617 698 1648 vos
749 1603 1030 1648 imitatores
1068 1600 1236 1647 nostri

327 1671 448 1718 facti
468 1671 587 1717 estis
604 1702 618 1730 ,
651 1674 702 1717 et
718 1670 949 1729 Domini,
972 1670 1236 1727 excipien-

326 1742 404 1786 tes
433 1742 640 1786 verbum
666 1739 721 1784 in
747 1738 1073 1784 tribulatione
1103 1736 1234 1783 mul-

328 1799 442 1867 tas,
464 1821 574 1854 cum
594 1806 776 1866 gaudio
800 1807 1014 1864 Spiritus
1044 1805 1233 1863 sancti3

397 1894 443 1937 7.
465 1892 536 1937 ita
553 1895 610 1938 ut
627 1891 749 1937 facti
767 1890 876 1937 sitis
890 1893 1054 1936 forma
1068 1890 1234 1935 omni-

330 1962 420 2006 bus
442 1959 761 2007 credentibus
779 1959 832 2004 in
852 1958 1170 2018 Macedonia,
1185 1960 1238 2004 et

331 2027 384 2070 in
405 2027 609 2072 Achaia.

400 2095 446 2136 8.
483 2093 526 2136 A
546 2091 690 2136 vobis
710 2091 844 2136 enim
857 2091 1136 2137 diffamatus
1158 2094 1238 2137 est

333 2171 498 2204 sermo
511 2157 732 2215 Domini,
747 2170 854 2201 non
873 2158 1036 2202 solum
1056 2159 1108 2202 in
1120 2160 1234 2202 Ma-

331 2223 544 2270 cedonia
573 2225 624 2268 et
649 2223 704 2268 in
731 2223 946 2282 Achaia,
986 2225 1074 2270 sed
1103 2227 1153 2271 et
1181 2225 1236 2271 in

331 2291 470 2337 omni
496 2290 612 2336 loco
637 2289 758 2334 fides
783 2293 975 2350 vestra,
1011 2305 1138 2348 quae
1159 2295 1237 2338 est

328 2357 393 2404 ad
410 2358 588 2417 Deum,
609 2357 841 2416 profecta
861 2361 954 2416 est,
965 2359 1051 2418 ita,
1061 2360 1235 2404 utnon

329 2427 396 2473 sit
413 2425 561 2472 nobis
575 2438 784 2471 necesse
798 2424 1066 2483 quidquam
1076 2425 1234 2483 loqui.

396 2513 442 2556 9.
478 2510 582 2567 Ipsi
613 2510 748 2556 enim
777 2509 837 2556 de
865 2509 1012 2556 nobis
1033 2523 1235 2556 annun-

331 2579 480 2636 ciant,
503 2577 699 2634 qualem
717 2577 980 2622 introitum
997 2577 1235 2624 habueri-

326 2659 435 2691 mus
456 2645 518 2690 ad
539 2658 651 2704 vos,
673 2646 724 2691 et
742 2643 992 2701 quomodo
1015 2658 1234 2690 conver-

329 2713 374 2756 si
411 2712 532 2758 estis
568 2712 632 2757 ad
666 2713 828 2757 Deum
866 2723 896 2756 a
933 2710 1233 2771 simulacris,

329 2778 526 2824 servire
544 2779 656 2824 Deo
677 2779 796 2825 vivo
819 2782 868 2824 et
890 2791 1030 2836 vero,

397 2845 477 2890 10.
515 2847 566 2890 et
585 2849 881 2904 exspectare
909 2845 1091 2891 Filium
1123 2846 1234 2904 ejus

330 2912 391 2957 de
439 2911 596 2956 coelis
647 2912 826 2971 (quem
869 2913 1132 2959 suscitavit
1167 2926 1236 2960 ex

326 2977 563 3035 mortuis)
593 2979 794 3039 Jesum,
829 2980 914 3037 qui
933 2981 1121 3038 eripuit
1136 2993 1234 3026 nos

329 3049 390 3092 ab
413 3045 492 3092 ira
510 3046 724 3090 ventura
732 3052 777 3090 ε.

374 3172 390 3189 ”
407 3163 499 3201 Act.
518 3166 576 3204 17,
595 3165 633 3199 4.
681 3160 702 3188 ἅ
719 3166 738 3197 l
762 3162 851 3198 Cor.
870 3165 918 3204 2,
935 3167 975 3198 4.
1024 3171 1041 3190 θ
1059 3163 1152 3200 Act.
1172 3168 1233 3208 17,

325 3215 361 3249 5.
382 3223 465 3258 sqq.
515 3207 542 3242 f
561 3207 609 3245 cs.
630 3220 663 3245 c.
681 3212 718 3252 2,
737 3213 796 3245 14.
844 3214 870 3244 ὅ
884 3209 998 3246 Rom.
1015 3214 1053 3254 ⁵,
1070 3216 1105 3248 9.
1124 3211 1235 3248 Phil.

326 3262 364 3299 3,
383 3262 443 3294 20.
468 3262 488 3294 1
510 3255 600 3292 Cor·
621 3259 656 3298 1,
677 3259 710 3291 7·

527 158 752 209 EPIST.
793 157 1004 208 PAULI
1043 157 1138 207 AD
1175 152 1624 205 THESSALON.
1661 153 1704 202 Ι.
1742 151 1893 202 CAP.
1917 153 1965 201 1.
1989 153 2041 201 2.

1611 351 1781 402 CAP.
1834 351 1901 402 11.

1306 452 1403 495 Deo
1422 453 1590 504 gratias
1622 452 1741 504 agit,
1770 452 1889 505 quod
1917 452 2095 493 verbum
2122 452 2207 493 Dei

1304 507 1521 562 exempla
1574 520 1655 549 sua
1710 509 2013 555 servaverint,
2070 506 2211 549 multa

1304 565 1505 619 quamvis
1541 564 1664 617 passi
1704 576 1733 604 a
1770 561 2092 617 popularibus3
2141 577 2209 604 as·

1423 620 1555 667 serit,
1576 622 1788 671 quantum
1810 617 1976 669 diligat
1996 632 2088 660 eos.

1370 714 1417 757 1.
1452 713 1581 757 Nam
1598 711 1696 769 ipsi
1716 710 1876 770 scitis,
1896 714 2081 758 fratres
2098 711 2107 756 !
2130 713 2209 757 in·-

1302 780 1509 825 troitum
1546 780 1776 825 nostrum
1820 779 1885 825 ad
1932 792 2025 825 vos
2038 811 2053 838 ,
2098 780 2209 836 quia

1302 860 1409 892 non
1427 846 1595 892 inanis
1612 846 1736 905 fuit3

1370 916 1417 958 2.
1454 914 1543 959 sed
1564 916 1681 959 ante
1699 913 1855 971 passi,
1875 916 1929 959 >et
1948 916 2207 959 contume-

1304 982 1385 1027 liis
1406 982 1575 1027 affecti
1594 980 1750 1039 (sicut
1767 980 1929 1037 scitis)
1949 980 2209 1038 inPhilip-

1303 1041 1435 1107 pisb,
1468 1048 1697 1094 fiduciam
1725 1047 1981 1093 habuimus
2011 1047 2067 1091 in
2100 1048 2209 1093 Deo

1302 1118 1500 1174 nostro,
1522 1115 1663 1171 loqui
1680 1115 1739 1160 ad
1762 1128 1856 1160 vos
1873 1114 2211 1172 Evangelium

1302 1183 1399 1229 Dei
1419 1183 1473 1227 in
1490 1182 1648 1228 multa
1666 1176 2025 1228 solicitudinei.

1372 1252 1418 1295 3.
1436 1250 1744 1295 Exhortatio
1760 1250 1894 1295 enim
1908 1252 2083 1295 nostra
2100 1262 2209 1294 non

1305 1317 1366 1363 de
1388 1330 1590 1375 errore,
1610 1331 1775 1373 neque
1796 1316 1857 1362 de
1878 1316 2205 1373 immunditia,

1304 1399 1468 1442 neque
1489 1385 1543 1431 in
1566 1385 1714 1441 dolo;

1370 1455 1417 1497 4.
1455 1452 1543 1497 sed
1581 1452 1711 1497 sicut
1745 1451 1949 1509 probati
1986 1465 2153 1497 sumus
2178 1464 2207 1495 a

1302 1520 1413 1564 Deo
1428 1550 1442 1578 ,
1474 1522 1528 1564 ut
1557 1520 1849 1565 crederetur
1868 1520 2018 1566 nobis
2037 1519 2203 1565 Evan-

1305 1586 1518 1644 gelium3
1551 1586 1623 1631 ita
1641 1586 1923 1645 loquimur,
1943 1600 2053 1632 non
2072 1586 2205 1643 quasi

1303 1654 1590 1699 hominibus
1626 1654 1885 1711 placentes
1899 1684 1914 1711 ,
1954 1654 2047 1700 sed
2082 1654 2201 1711 Deo,

1304 1722 1388 1778 qui
1408 1724 1589 1779 probat
1608 1722 1763 1767 corda
1779 1724 1976 1767 nostra.

1371 1792 1417 1834 5.
1453 1790 1629 1845 Neque
1650 1788 1784 1834 enim
1811 1788 2086 1844 aliquando
2110 1788 2202 1833 fui-

1302 1870 1412 1903 mus
1434 1856 1486 1901 in
1508 1869 1742 1902 sermone
1762 1854 2089 1913 adulationis,
2110 1855 2203 1899 sic-

1305 1928 1359 1971 ut
1403 1924 1569 1982 scitis3
1624 1935 1790 1980 neque
1835 1924 1891 1969 in
1942 1922 2203 1970 occasione

1302 1992 1575 2050 avaritiae3
1600 1992 1733 2037 Deus
1751 1991 1897 2037 testis
1916 1990 2019 2037 est!

1371 2062 1417 2105 6.
1452 2059 1559 2104 Nec
1581 2061 1881 2115 quaerentes
1908 2061 1971 2104 ab
1991 2058 2202 2103 homini-

1304 2130 1394 2174 bus
1416 2127 1657 2185 gloriam,
1686 2139 1851 2182 neque
1872 2139 1903 2170 a
1922 2125 2069 2171 vobis
2085 2157 2099 2183 ,
2120 2139 2203 2170 ne-

1304 2209 1400 2252 que
1420 2196 1481 2239 ab
1503 2193 1631 2238 aliis.

1372 2263 1418 2306 7.
1457 2262 1580 2306 Cum
1606 2272 1866 2317 possemus
1893 2261 2036 2306 vobis
2067 2259 2206 2304 oneri

1305 2342 1417 2374 esse
1453 2330 1511 2373 ut
1548 2324 1735 2373 Christi
1779 2318 2049 2383 Apostoli*
2062 2342 2078 2382 3
2127 2326 2205 2372 sed

1304 2395 1424 2440 facti
1444 2407 1611 2440 sumus
1631 2393 1830 2451 parvuli
1848 2394 1901 2438 in
1932 2394 2101 2440 medio
2127 2408 2205 2439 ve-

1303 2465 1459 2507 strum
1473 2493 1488 2521 ,
1509 2464 1758 2518 tamquam
1778 2462 1821 2506 si
1842 2462 2021 2507 nutrix
2038 2463 2207 2507 foveat

1284 2529 1434 2586 ,filios
1455 2542 1592 2575 suos.

1370 2598 1416 2641 8.
1452 2598 1529 2642 Ita
1550 2594 1894 2641 desiderantes
1924 2607 2046 2654 vos,
2069 2595 2207 2652 cupi-

1303 2663 1364 2709 de
1386 2660 1677 2709 volebamus
1706 2662 1909 2708 tradere
1936 2662 2089 2707 vobis
2108 2674 2207 2707 non

1304 2731 1465 2776 solum
1477 2729 1814 2787 Evangelium
1825 2729 1942 2788 Dei,
1952 2730 2044 2775 sed
2064 2729 2207 2775 etiam

1304 2797 1496 2844 animas
1515 2801 1717 2842 nostras
1730 2811 1745 2853 3
1760 2796 2003 2853 quoniam
2022 2796 2207 2842 charis-

1303 2865 1415 2910 simi
1434 2865 1582 2910 nobis
1602 2863 1723 2910 facti
1743 2865 1881 2910 estis.

1371 2935 1417 2978 9.
1451 2934 1707 2978 Memores
1747 2931 1883 2976 enim
1921 2932 2065 2990 estis,
2107 2932 2207 2976 tra-

1301 2999 1427 3045 tres!
1455 2999 1647 3045 laboris
1667 2999 1849 3055 nostri,
1880 3001 1935 3044 et
1951 2999 2208 3056 fatigatio-

1301 3067 1409 3124 nis3
1438 3068 1589 3112 nocte
1614 3079 1673 3112 ac
1695 3066 1775 3112 die
1796 3069 2068 3123 operantes
2082 3058 2119 3124 Ι,
2152 3078 2207 3110 ne

1346 3160 1368 3189 λ
1384 3161 1476 3199 Act.
1503 3166 1570 3204 16,
1595 3167 1656 3200 19.
1686 3173 1771 3210 sqq.
1820 3159 1835 3187 ι·
1852 3161 1946 3199 Aet.
1974 3166 2042 3204 17,
2066 3165 2109 3198 5.
2132 3173 2207 3208 sqq.

1301 3207 1323 3236 ²⁶
1338 3207 1442 3245 Luc.
1460 3214 1530 3252 10,
1548 3213 1584 3246 7.
1617 3213 1640 3246 1
1660 3209 1749 3246 Cor.
1766 3213 1813 3252 9,
1830 3212 1894 3246 14.
1943 3207 1958 3236 ⁸
1974 3210 2066 3246 Act.
2089 3213 2139 3246 18
2152 3234 2162 3250 ‚
2177 3211 2206 3242 3-

1301 3259 1363 3298 20,
1380 3260 1439 3293 33.
1458 3258 1522 3293 34-

442 3368 554 3423 Cap.
585 3368 622 3409 Ι.
682 3371 722 3409 5.
755 3368 834 3409 sed
854 3368 900 3408 in
932 3369 1096 3411 virtute
1120 3371 1268 3423 (deest
1283 3371 1378 3422 et);
1408 3368 1517 3412 ibid.
1548 3370 1767 3412 fuerimus
1792 3371 1923 3414 vobis
1953 3375 2101 3427 (deest
2132 3373 2207 3422 in)-

327 3423 390 3464 11.
449 3428 490 3466 7.
521 3437 618 3465 cum
646 3424 868 3478 possimus
897 3423 1018 3464 oneri
1051 3437 1149 3468 esse
1174 3423 1319 3480 (deest
1338 3425 1500 3477 vobis).
1560 3428 1600 3467 9.
1631 3424 1835 3470 laborem
1855 3434 2057 3473 nostrum
2076 3433 2131 3470 et
2150 3428 2207 3470 fa-

331 3478 609 3527 tigationem.
