2376 3925
501 237 770 292 ACTUS
823 237 1472 291 APOSTOLORUM.

214 359 293 404 re,
334 357 444 390 cum
481 341 803 388 sustulissent
838 341 897 387 de
934 343 1120 401 Asson,

213 412 463 470 legebant
483 411 697 455 Cretam.

283 480 367 523 14.
403 478 522 522 Non
559 479 676 534 post
709 475 920 521 multum
955 476 1121 521 autem

210 545 356 592 misit
373 557 430 590 se
451 547 628 590 contra
645 543 802 600 ipsam
821 544 1002 589 ventus
1015 545 1122 602 Ty-

211 611 570 672 phonicus,qui
582 612 788 656 vocatur
795 610 1130 667 Euroaquilo.

281 681 367 725 15.
408 680 625 734 Cumque
644 681 845 735 arrepta
876 682 1012 725 esset
1031 691 1124 726 na-

214 747 312 807 vis,
337 747 391 792 et
409 758 514 790 non
533 746 706 802 posset
725 745 904 792 conari
920 746 976 791 in
995 759 1123 792 ven-

209 819 348 873 tum,
383 812 498 858 data
523 824 654 858 nave
681 812 902 873 flatibus,
923 815 1124 860 fereba-

211 895 344 928 mur.

287 949 367 993 16.
403 948 463 992 In
500 946 718 993 insulam
755 948 924 992 autem
951 957 1125 1003 quam-

219 1017 335 1061 dam
367 1015 719 1073 decurrentes,
751 1027 878 1072 quae
916 1014 1126 1059 vocatur

221 1082 416 1142 Gauda,
464 1081 720 1140 potuimus
767 1081 860 1128 vix
895 1079 1126 1127 obtinere

221 1149 471 1208 scapham.

289 1218 374 1262 1⁷.
430 1217 538 1270 Qua
593 1215 805 1274 sublata,
861 1214 1128 1273 adjutoriis

219 1285 517 1343 utebantur,
564 1283 889 1341 accingentes
927 1297 1127 1341 navem,

216 1353 308 1398 tim
315 1351 474 1410 entes,
486 1365 550 1398 ne
563 1351 616 1396 in
630 1349 818 1410 Syrtim
828 1350 1127 1409 inciderent,

221 1418 488 1465 summisso
514 1431 632 1464 vase
654 1418 726 1464 sic
747 1419 1056 1464 ferebantur.

291 1487 372 1530 18.
407 1485 586 1530 Valida
614 1489 780 1531 autem
817 1483 964 1532 nobis
1003 1487 1130 1530 tem-

219 1554 417 1612 pestate
431 1552 664 1612 J'actatis,
693 1553 924 1609 sequenti
953 1552 1032 1599 die
1047 1553 1130 1610 ja-

221 1623 361 1668 ctum
378 1621 639 1676 fecerunt3

289 1690 373 1733 19.
411 1690 464 1733 et
489 1685 643 1732 tertia
672 1685 751 1730 die
781 1685 886 1730 suis
904 1685 1133 1732 manibus

221 1754 539 1803 armamenta
557 1751 703 1796 navis
722 1751 1066 1808 projecerunt.

287 1825 376 1868 20.
412 1821 590 1876 Neque
611 1818 776 1863 autem
805 1817 943 1877 sole,
972 1831 1136 1874 neque

219 1887 478 1936 sideribus
510 1884 866 1943 apparentibus
894 1897 987 1942 per
1023 1885 1136 1941 plu-

219 1972 306 2004 res
321 1956 448 2015 dies,
463 1955 514 2001 et
524 1954 820 2011 tempestate
831 1966 938 1998 non
953 1952 1138 2011 exigua

222 2025 546 2081 imminente,
574 2022 682 2079 jam
709 2020 874 2067 ablata
893 2022 1003 2067 erat
1021 2032 1136 2079 spes

225 2092 394 2139 omnis
415 2090 594 2137 salutis
616 2090 838 2136 nostrae.

294 2160 377 2204 21.
420 2158 489 2203 Et
532 2170 644 2203 cum
688 2156 846 2203 multa
881 2156 1134 2214 jejunatio

222 2227 423 2285 fuisset,
445 2228 566 2271 tunc
585 2226 723 2271 stans
749 2222 934 2269 Paulus
955 2224 1008 2269 in
1027 2237 1134 2269 me-

227 2296 314 2339 dio
335 2306 526 2351 eorum,
550 2291 702 2337 dixit:
726 2292 1003 2349 Oportebat
1023 2291 1136 2347 qui-

227 2362 359 2420 dem,
381 2374 411 2406 o
432 2358 552 2405 viri!
583 2358 752 2405 audito
780 2374 859 2405 me
873 2390 888 2417 ,
908 2371 1016 2403 non
1033 2358 1136 2404 tol-

225 2430 336 2475 lere
357 2441 387 2473 a
407 2428 558 2474 Creta
569 2457 584 2486 ,
613 2426 842 2485 lucrique
861 2429 1033 2473 facere
1055 2426 1136 2471 in-

220 2496 412 2554 juriam
428 2495 559 2540 hanc
579 2496 630 2541 et
641 2493 907 2551 jachlram.

296 2564 378 2608 22.
412 2562 480 2607 Et
495 2575 631 2608 nunc
643 2562 830 2608 suadeo
842 2561 990 2608 vobis
998 2563 1136 2607 bono

225 2630 398 2677 animo
421 2642 546 2676 esse.
615 2629 835 2676 Amissio
857 2629 992 2675 enim
1016 2628 1134 2674 nul-

223 2699 327 2743 lius
350 2697 545 2743 animae
574 2698 672 2744 erit
701 2710 768 2743 cx
786 2697 962 2754 vobis,
984 2708 1135 2753 prae-

227 2768 458 2822 terquam
477 2764 648 2821 navis3

295 2834 378 2877 23.
414 2830 574 2877 astitit
600 2830 734 2876 enim
759 2830 882 2875 mihi
913 2830 1007 2875 hac
1035 2841 1134 2873 no-

227 2902 308 2947 cte
327 2896 714 2956 Angelus⁸Dei,
728 2896 870 2953 cujus
889 2908 1000 2941 sum
1018 2908 1132 2955 ego,

229 2968 282 3013 et
301 2966 384 3013 cui
405 2964 658 3022 deservio,

296 3035 379 3079 24.
417 3032 612 3079 dicens:
633 3032 710 3077 Ne
729 3030 906 3077 timeas
923 3060 938 3087 ,
956 3028 1134 3075 Paule!

1528 239 1695 292 GAP.
1734 244 1818 292 27.
1998 241 2094 295 235

1258 344 1337 398 25,.
1372 343 1589 401 Propter
1614 344 1747 400 quod
1773 347 1909 390 bono
1927 345 2095 393 animo

1192 410 1373 468 estote,
1393 409 1513 455 viri!
1530 410 1678 456 credo
1694 411 1827 457 enim
1837 410 1967 472 Deo,
1982 413 2097 469 quia

1192 476 1265 522 sic
1304 477 1427 536 erit,
1466 477 1875 534 quemadmodum
1913 479 2098 526 dictum

1194 546 1271 589 est
1288 543 1428 595 mihi.

1260 613 1341 656 26.
1377 613 1437 655 In
1475 610 1691 656 insulam
1718 616 1887 659 autem
1922 626 2095 671 quam-

1194 677 1307 724 dam
1326 679 1530 736 oportet
1546 691 1642 724 nos
1664 678 1919 726 devenire.

1260 747 1341 791 27.
1379 745 1479 792 Sed
1495 748 1819 803 posteaquam
1831 749 2097 804 quartade-

1196 813 1322 858 cima
1340 826 1450 859 nox
1469 813 1786 873 supervenit,
1809 814 2098 872 naviganti-

1194 882 1285 926 bus
1306 880 1451 926 nobis
1471 880 1525 926 in
1544 880 1715 938 Adria,
1734 881 1868 927 circa
1885 881 2100 929 mediam

1194 948 1423 1006 noctem,
1479 948 1859 1005 suipicabantur
1916 953 2099 995 nautae

1198 1026 1441 1072 apparere
1462 1015 1557 1061 sibi
1576 1015 1791 1072 aliquam
1818 1017 2101 1074 regionem.

1262 1084 1343 1127 28.
1382 1082 1481 1134 Qui
1500 1083 1552 1128 et
1576 1083 1939 1130 summittentes
1968 1083 2102 1130 boli-

1198 1149 1309 1195 dem
1346 1149 1655 1195 invenerunt
1680 1163 1856 1208 passus
1894 1151 2103 1209 viginti;

1199 1219 1249 1262 et
1267 1216 1502 1273 pusillum
1522 1215 1639 1262 inde
1651 1218 1870 1274 separati
1889 1218 2102 1264 invene-

1196 1286 1318 1330 runt
1334 1295 1511 1340 passus
1530 1283 1829 1339 quindecim.

1267 1353 1349 1395 29.
1388 1351 1647 1396 Timentes
1693 1353 1885 1412 autem,
1938 1365 2005 1398 ne
2052 1352 2106 1396 in

1200 1413 1380 1476 aspera
1397 1417 1513 1463 loca
1531 1417 1885 1478 incideremus,
1898 1418 1958 1464 de
1978 1432 2106 1477 pup-

1199 1486 1253 1544 pi
1285 1485 1542 1532 mittentes
1580 1485 1828 1532 anchoras
1872 1489 2104 1545 quatuor,

1200 1555 1441 1611 optabant
1460 1553 1591 1600 diem
1612 1553 1737 1600 fieri.

1270 1622 1349 1666 30.
1382 1621 1561 1667 Nautis
1590 1633 1719 1668 vero
1750 1621 2108 1678 quaerentibus

1201 1689 1380 1744 fugere
1418 1687 1479 1733 de
1516 1687 1665 1746 navi,
1705 1701 1817 1733 cum
1851 1687 2112 1733 misissent

1204 1753 1439 1810 scapham
1464 1754 1520 1798 in
1545 1766 1711 1812 marc,
1751 1756 1841 1800 sub
1882 1756 2108 1814 obtentu,

1206 1820 1348 1876 quasi
1376 1820 1661 1878 inciperent
1688 1833 1719 1866 a
1745 1833 1900 1878 prora
1917 1821 2110 1867 ancho-

1204 1899 1289 1932 ras
1310 1886 1607 1946 extendere,

1274 1955 1354 2000 31.
1400 1953 1528 2001 dixit
1570 1953 1755 2001 Paulus
1795 1954 2110 2015 centurioni,

1206 2024 1257 2070 et
1274 2022 1538 2069 militibus:
1558 2022 1670 2068 Nisi
1687 2023 1740 2068 hi
1758 2023 1812 2068 in
1831 2024 1952 2069 navi
1968 2036 2111 2069 man-

1206 2090 1381 2149 serint,
1395 2103 1487 2136 vos
1498 2090 1627 2137 salvi
1640 2091 1750 2136 fieri
1766 2103 1873 2136 non
1882 2091 2109 2148 potestis.

1274 2159 1353 2203 32.
1392 2160 1534 2204 Tunc
1574 2158 1894 2204 absciderunt
1925 2159 2111 2205 milites

1204 2226 1353 2271 funes
1374 2226 1617 2285 scaphae,
1641 2227 1691 2271 et
1709 2226 1844 2283 passi
1863 2229 1980 2273 sunt
2000 2240 2111 2272 eam

1207 2292 1458 2339 excidere.

1272 2361 1351 2405 33.
1386 2360 1456 2407 Et
1474 2374 1585 2407 cum
1600 2362 1694 2408 lux
1710 2361 1961 2418 inciperet
1978 2360 2107 2418 fieri,

1204 2430 1418 2486 rogabat
1461 2429 1647 2475 Paulus
1697 2440 1871 2474 omnes
1910 2439 2107 2472 sumere

1206 2496 1395 2553 cibum,
1436 2496 1633 2541 dicens:
1692 2485 2111 2547 Quartadecimal’

1206 2562 1285 2607 die
1340 2562 1492 2609 hodie
1542 2563 1894 2620 exspectantes
1943 2560 2110 2617 J'eJ'uni

1204 2630 1527 2689 permanetis,
1548 2630 1677 2675 nihil
1696 2628 2030 2685 accipientes3

1272 2698 1352 2742 34.
1388 2698 1597 2755 propter
1616 2695 1748 2753 quod
1758 2707 1889 2751 rogo
1911 2706 2002 2740 vos
2022 2706 2107 2743 ac-

1206 2764 1375 2822 cipere
1406 2764 1567 2810 cibum
1594 2775 1689 2821 pro
1720 2761 1881 2807 salute
1910 2765 2106 2820 vestra3

1204 2831 1321 2888 quia
1346 2830 1534 2875 nullius
1562 2831 1781 2875 vestrum
1810 2830 2019 2888 capillus
2049 2831 2109 2875 de

1205 2897 1401 2954 capite0
1418 2896 1615 2953 peribit.

1272 2965 1353 3009 35.
1387 2964 1456 3008 Et
1478 2977 1588 3009 cum
1605 2964 1729 3011 haec
1758 2964 1995 3026 dixisset,
2020 2978 2107 3011 su-

1203 3044 1346 3077 mens
1372 3044 1554 3088 panem
1581 3032 1772 3090 gratias
1797 3034 1903 3091 egit
1919 3033 2035 3078 Deo
2052 3031 2107 3076 in

230 3101 440 3147 Caesari
458 3102 507 3145 te
529 3099 732 3157 oportet
759 3097 1058 3154 assistere‘⁸;
1088 3100 1140 3143 et
1208 3100 1483 3156 conspectu
1512 3100 1759 3158 omnium3
1790 3102 1842 3146 et
1870 3113 1981 3146 cum
1998 3100 2105 3144 fre-

219 3166 373 3215 ecce!
413 3166 621 3212 donavit
647 3164 740 3211 tihi
766 3164 904 3211 Deus
943 3178 1137 3225 omnes,
1208 3166 1381 3225 gisset‚
1404 3166 1571 3225 coepit
1587 3167 1907 3214 manducare.

227 3236 314 3293 qui
331 3234 578 3292 navigant
596 3234 775 3279 tecum.

275 3322 294 3341 ⁸
311 3312 441 3351 Hebr.
461 3316 498 3356 1,
517 3315 578 3350 14.
625 3319 646 3339 ⁰
667 3324 700 3350 c.
718 3315 779 3355 23,
798 3316 855 3348 11.

1274 3234 1355 3279 36.
1384 3234 1800 3292 Animaequiores
1811 3235 1976 3281 autem
1986 3232 2107 3279 facti

1254 3310 1271 3339 δ
1288 3324 1329 3352 v.
1344 3316 1406 3351 αι.
1455 3320 1472 3339 e
1488 3312 1635 3351 Μιιιιι.
1654 3318 1719 3359 10,
1732 3318 1797 3353 30.
1940 3317 1947 3323 '

345 3462 460 3517 Cap.
492 3457 698 3503 XXVII.
761 3462 828 3502 13.
852 3460 907 3501 de
919 3459 1048 3503 Asso.
1109 3462 1178 3503 16.
1199 3460 1392 3505 insulam
1409 3460 1647 3515 (ἀεικείῃ).
1695 3464 1761 3503 17.
1795 3458 1987 3511 Syrtem.
2038 3465 2103 3503 18.

227 3517 416 3563 Valide.
466 3520 536 3558 20.
559 3514 654 3558 sole
675 3520 836 3559 autem.
884 3519 952 3558 21.
973 3530 1062 3557 non
1076 3516 1261 3572 egredi(
1267 3530 1355 3572 pro
1368 3531 1457 3559 non
1476 3515 1674 3569 tollere).
1723 3518 1792 3555 28.
1814 3515 1889 3566 qui
1909 3517 2107 3559 summit-

228 3572 526 3625 teutes3ibid.
541 3574 661 3615 deest
675 3570 888 3614 bolidem.
949 3574 1018 3614 30.
1052 3573 1178 3625 quasi
1199 3586 1225 3614 a
1246 3585 1381 3629 prora
1398 3572 1667 3625 inciperent·
1726 3572 1795 3611 33.
1827 3569 1959 3612 hodie
1980 3570 2072 3612 die.
