2376 3925
647 163 862 210 slx‘rl
911 163 1184 216 QUINTI
1230 166 1673 214 PRAEFATIO.
1948 169 2083 214 XLV

197 294 357 354 certi,
381 292 514 340 nihil
529 293 658 352 rati,
688 306 746 340 ac
761 293 893 340 firmi
901 323 919 354 ,
946 293 1090 340 nulla
1107 294 1327 353 denique
1344 296 1654 344 inviolabilis
1674 297 1949 346 auctoritas
1966 300 2080 346 sine

197 391 389 437 magna
408 376 704 425 difficultate
720 377 942 436 reperiri
960 389 1112 436 posse
1131 379 1409 440 videretur,
1430 380 1501 427 ita
1518 383 1574 426 ut
1590 382 1687 429 hoc
1708 382 1913 430 saeculo
1935 382 2081 430 valde

194 462 479 510 timendum
505 460 684 521 fuerit,
723 475 789 508 ne
817 461 874 508 in
899 462 1120 520 priscum
1147 463 1276 510 illud
1304 463 1583 511 editionum
1600 466 1765 514 Chaos
1782 466 2079 526 rediremus,

197 547 261 594 de
281 559 386 604 quo
412 549 461 594 b.
481 545 823 605 Hieronymus
842 545 1008 602 inquit
1023 545 1099 606 ⁰):
1135 547 1281 605 Apud
1294 549 1504 595 Latinos
1522 550 1601 594 tot
1618 551 1735 596 sunt
1752 550 2080 610 exemplaria,

199 633 330 690 quot
347 628 587 676 codices:
625 631 676 676 et
693 628 1036 687 unusquisque
1055 643 1152 688 pro
1170 631 1383 680 arbitrio
1403 645 1499 678 suo
1522 632 1739 693 addidit,
1770 634 1851 680 vel
1876 637 2079 682 subtra-

197 714 284 762 xit
295 745 313 774 ,
333 713 468 772 quod
485 713 534 760 ei
552 713 718 759 visum
735 714 839 771 est3
876 716 930 760 et
943 714 1118 771 utique
1135 728 1243 761 non
1262 718 1431 774 potest
1449 729 1627 764 verum
1652 729 1766 764 esse
1776 747 1793 777 ,
1822 719 1957 774 quod
1975 718 2079 765 dis-

199 799 374 846 sonat.
435 796 716 854 Itidemque
741 799 945 843 sanctus
965 798 1279 857 Augustinus
1298 792 1342 858 ὅ)
1374 799 1531 859 dixit,
1560 799 1775 849 Latinos
1802 802 2079 860 scriptura-

199 895 324 928 rum
347 880 646 938 interpretes
675 880 818 926 nullo
838 880 989 927 modo
1009 883 1269 930 numerari
1287 895 1457 941 posse.
1524 884 1591 930 Ut
1608 886 1743 932 euim
1762 884 1879 946 (ait)
1902 885 2080 944 cuique

203 965 382 1024 primis
399 965 518 1011 fidei
542 965 854 1023 temporibus
874 965 928 1010 in
947 979 1126 1012 manus
1144 967 1287 1014 venit
1307 967 1483 1014 Codex
1501 967 1751 1028 Graecus,
1776 972 1831 1017 et
1846 969 2079 1027 aliquan-

199 1048 363 1095 tulum
379 1047 634 1096 facultatis
657 1048 856 1096 sibimet
875 1049 1132 1108 utriusque
1161 1050 1368 1109 linguae
1390 1051 1576 1099 habere
1597 1052 1887 1114 videbatur,
1915 1053 2077 1101 inter-

199 1132 396 1192 pretari
422 1145 571 1179 ausus
601 1133 694 1178 est.
764 1133 934 1186 Quare
952 1133 1070 1181 huic
1086 1137 1265 1181 morbo
1289 1138 1614 1183 sacrosancta
1625 1137 1924 1185 Tridentino
1942 1139 2077 1198 Syn-

195 1218 326 1264 odus
344 1213 390 1278 ⁰)
407 1216 600 1264 mederi
617 1215 828 1275 cupiens
845 1218 1047 1265 statuit:
1075 1220 1134 1264 ut
1153 1231 1223 1266 ex
1240 1219 1489 1280 omnibus,
1510 1233 1638 1277 quae
1655 1221 2078 1270 circumferuntur

199 1314 465 1350 sacrorum
497 1301 746 1349 librorum
779 1299 974 1347 Latinis
1011 1300 1344 1361 editionibus,
1382 1302 1493 1361 ipsa
1525 1302 1707 1358 Vetus,
1744 1315 1805 1351 ae
1841 1305 2076 1366 Vulgata,

198 1399 332 1444 quae
357 1385 518 1444 longo
544 1386 624 1432 tot
648 1383 967 1432 saeculorum
994 1397 1089 1431 usu
1114 1385 1169 1432 in
1198 1385 1431 1434 Ecclesia
1461 1388 1673 1446 probata
1700 1389 1779 1434 est
1802 1387 1986 1449 editio,
2022 1391 2079 1436 in

195 1469 413 1530 puhlicis
436 1469 765 1528 lectionibus,
796 1466 1242 1531 disputationibus,
1276 1470 1761 1530 praedicationibus,
1798 1473 1850 1518 et
1868 1473 2078 1530 exposi-

193 1554 422 1602 tionibus
458 1566 554 1612 pro
591 1551 882 1600 authentica
915 1552 1184 1613 habeatur,
1224 1556 1276 1600 et
1298 1567 1448 1601 nemo
1476 1554 1613 1601 illam
1648 1554 1867 1612 rejicere
1895 1557 2076 1613 quovis

199 1639 472 1698 praetextu
488 1635 698 1696 audeat,
717 1635 802 1683 vel
821 1639 1122 1694 praesumat.
1190 1637 1331 1685 Haec
1356 1640 1524 1686 autem
1541 1636 1759 1697 vulgata
1786 1639 1941 1685 editio
1964 1655 2076 1686 cum

196 1736 306 1770 una
323 1724 477 1783 esset,
510 1720 667 1768 variis
686 1720 989 1767 lectionibus
1008 1720 1061 1766 in
1080 1720 1252 1779 plures
1272 1723 1487 1780 quodam
1504 1722 1655 1768 modo
1676 1722 1915 1770 distracta
1933 1723 2075 1770 vide-

199 1809 364 1854 batur.
431 1808 656 1861 Quarum
671 1804 795 1851 licet
811 1802 1113 1863 nonnullas,
1134 1806 1223 1850 aut
1239 1806 1466 1851 veterum
1487 1805 1745 1865 Codicum,
1765 1808 1852 1852 aut
1870 1809 2076 1852 sancto-

197 1905 318 1938 rum
333 1891 536 1937 Patrum
553 1888 837 1937 invexisset
854 1886 1156 1947 auctoritas,
1185 1887 1432 1945 plurimae
1458 1887 1787 1935 nihilominus
1806 1887 1889 1934 vel
1908 1902 1976 1936 ex
1994 1889 2076 1935 in-

191 1974 336 2033 juria
351 1976 661 2035 temporum,
696 1972 782 2020 vel
808 1986 876 2021 ex
899 1972 1223 2020 librariorum
1252 1972 1477 2032 incuria,
1520 1971 1691 2020 velex
1716 1972 2078 2031 impressorum

198 2058 478 2117 imperitia,
500 2056 587 2104 vel
605 2070 672 2105 ex
689 2059 882 2105 temere
900 2057 1272 2105 emendantium
1289 2056 1523 2116 licentia,
1544 2056 1630 2103 vel
1649 2070 1717 2105 ex
1734 2057 2078 2105 recentiorum

199 2142 536 2201 interpretum
553 2142 790 2202 audacia,
819 2142 904 2199 qui
920 2141 1183 2189 Ecclesiae
1202 2141 1293 2189 filii
1313 2155 1422 2189 cum
1444 2142 1572 2201 sint,
1602 2141 1768 2188 minus
1788 2144 1955 2190 tamen
1970 2142 2075 2190 Ec-

199 2227 390 2274 clesiae
418 2225 737 2283 doctoribus,
765 2238 914 2283 quam
941 2225 1253 2279 ludaeorum
1276 2226 1513 2273 Rabbinis
1541 2239 1735 2273 morem
1763 2226 1860 2275 sibi
1888 2240 2075 2287 geren-

199 2313 320 2357 dum
335 2311 602 2369 putarunt:
648 2309 733 2357 vel
759 2310 956 2357 demum
973 2323 1042 2357 ex
1058 2309 1443 2356 Haereticorum
1469 2308 1678 2356 scholiis
1696 2310 1761 2356 ad
1777 2311 2074 2371 marginem,

207 2395 548 2453 captiosisque
566 2394 783 2441 fallaciis
801 2394 1150 2453 obrepserant.
1200 2392 1287 2452 Et,
1306 2394 1531 2451 quamvis
1548 2393 1604 2440 in
1621 2394 1717 2441 hac
1734 2397 1875 2442 tanta
1891 2393 2075 2441 lectio-

199 2492 331 2525 num
358 2479 600 2525 varietate
627 2478 758 2525 nihil
780 2478 1038 2537 hucusque
1061 2479 1320 2537 repertum
1342 2477 1434 2537 sit,
1470 2478 1604 2536 quod
1631 2477 1772 2539 fidei,
1805 2480 1859 2523 et
1881 2490 2077 2524 morum

204 2562 371 2610 causis
387 2564 626 2609 tenebras
647 2562 910 2609 offundere
929 2562 1182 2621 potuerit3
1222 2561 1497 2608 verendum
1513 2563 1682 2608 tamen
1700 2560 1822 2619 fuit,
1842 2574 1909 2607 ne
1920 2588 1936 2619 ,
1963 2573 2077 2607 ere-

201 2648 378 2693 scente
395 2646 556 2705 magis
566 2678 586 2703 ,
613 2659 672 2693 ac
698 2647 857 2706 magis
885 2646 941 2693 in
961 2646 1068 2693 dies
1085 2645 1333 2706 addendi,
1364 2645 1756 2702 detrahendiquc
1772 2643 2077 2704 temeritate,

202 2731 336 2776 haec
351 2730 706 2788 probatissima
723 2732 1084 2789 scripturarum
1099 2729 1273 2777 Editio
1288 2761 1304 2790 ‚
1332 2743 1479 2788 quam
1497 2728 1755 2776 vinculum
1772 2727 1936 2788 pacis,
1964 2728 2077 2776 fidei

199 2813 470 2875 unitatem,
486 2814 743 2861 charitatis
761 2828 978 2874 nexum,
1001 2814 1403 2861 dissentientium
1423 2811 1829 2871 consensionem,
1852 2812 2075 2860 certissi-

197 2911 332 2946 mam
367 2899 424 2945 in
461 2900 615 2945 rebus
652 2898 813 2946 dubiis
849 2912 1080 2947 normam
1114 2911 1229 2945 esse
1264 2898 1559 2956 oportebat,
1596 2894 1852 2954 plerisque
1880 2898 2077 2955 contra,

197 2982 516 3041 schismatis,
551 2982 606 3029 et
635 2982 863 3030 haeresis
900 2981 1126 3031 inductio
1138 3013 1154 3041 ‚
1194 2980 1557 3028 dubitationum
1582 2981 1786 3040 fluctus,
1823 2980 2076 3028 involutio

201 3066 584 3126 quaestionum,
620 3065 983 3113 discordiarum
1015 3078 1190 3125 seges,
1228 3066 1280 3110 et
1314 3064 1509 3122 piarum
1534 3065 1775 3113 mentium
1799 3064 2075 3125 implicatio

199 3150 476 3210 multiplex
491 3149 749 3197 evaderet.
818 3147 968 3204 Quod
987 3148 1044 3195 in
1061 3147 1381 3207 septuaginta
1399 3148 1731 3208 interpretum
1749 3148 1945 3197 Graeca
1964 3146 2073 3194 edi-

313 3358 368 3413 a)
399 3357 458 3401 In
477 3359 766 3413 praefatione
791 3360 840 3401 in
855 3358 1020 3408 Josue,
1041 3362 1090 3401 et
1107 3357 1155 3401 in
1171 3358 1374 3413 praefat.
1396 3360 1538 3416 quatt.
1558 3354 1921 3410 Evangeliornn-
1943 3351 2076 3395 Ton-

204 3434 248 3473 8.
307 3431 356 3486 b)
383 3431 491 3475 Lib.
509 3434 553 3473 2.
571 3444 610 3473 c.
630 3434 700 3475 11.
720 3431 776 3474 de
806 3430 948 3473 doctr·
971 3428 1249 3475 obri-tim.
1268 3430 1402 3477 Tom-
1422 3436 1465 3475 8.
1522 3431 1567 3487 c)
1599 3429 1723 3473 Sess-
1748 3432 1790 3471 4.
1821 3426 2001 3469 demto
2024 3424 2079 3467 ds

207 3502 408 3547 editione
429 3506 480 3548 et
497 3515 582 3547 usu
599 3516 824 3548 sacrorum
841 3500 1074 3547 libi-orum.
