2376 3925
326 149 424 200 342

392 255 472 298 11.
509 252 693 309 aciens,
707 251 822 307 quia
841 252 1110 296 subversus
1131 252 1223 309 est,

307 320 412 377 ·qui
449 318 696 377 eiusmodi
733 320 836 375 ent,
875 319 926 363 et
961 317 1225 376 delinquit,

328 401 439 434 cum
457 386 524 433 nit
547 385 755 444 proprio
771 384 964 443 judicio
986 384 1225 431 condem-

327 456 490 499 natus.

392 522 473 565 12.
510 520 634 565 Cum
673 519 861 565 minero
899 518 962 564 ad
995 519 1048 563 te
1075 519 1226 563 Arte-

325 600 472 645 mam,
496 589 583 634 aut
602 587 876 647 ‘tychicum
886 591 928 640 ¹⁴,
957 586 1143 631 festina
1162 584 1227 630 ad

325 668 404 700 me
435 654 612 700 venire
647 652 956 711 Nicopolim3
995 652 1064 698 ibi
1093 652 1227 697 enim

327 722 480 768 statui
497 720 734 767 hiemare.

394 790 474 834 13.
517 788 708 834 zenam
758 785 1122 845 legisperitum,
1177 788 1229 833 et

543 147 770 200 EPIST.
807 146 1020 199 PAULI
1055 146 1150 198 AD
1186 145 1695 198 PHILEMONEM.

1295 250 1477 306 Apollo
1494 250 1727 297 vsolicite
1748 252 2031 313 praemitte,
2042 259 2108 300 ut
2130 256 2223 301 ni-

1298 317 1370 363 hil
1387 316 1490 362 illiu
1510 317 1655 363 desit.

1362 386 1438 429 14.
1461 384 1673 430 Discant
1689 386 1914 432 autemet
1924 388 2095 433 nostri
2114 390 2219 433 bo-

1295 450 1373 496 nis
1391 451 1625 509 operibus
1646 464 1881 509 praeesse
1892 453 1958 498 ad
1974 466 2099 499 usus
2114 468 2217 501 ne-

1296 519 1543 564 cessarios
1554 533 1567 576 ;
1578 520 1633 563 ut
1643 532 1749 564 non
1760 520 1864 565 sint
1878 519 2213 569 infructuosi.

1361 588 1442 632 15.
1491 585 1721 631 salutant
1756 590 1807 633 te
1820 618 1836 646 ,
1885 588 1972 644 qui
2006 602 2211 635 mecum

1296 656 1412 698 nunt
1430 666 1631 710 omnen
1662 653 1825 699 saluta
1853 667 1971 714 eon,
2002 656 2211 712 quinos

1295 722 1463 765 amant
1490 720 1545 765 in
1578 720 1690 766 fide.
1760 720 1935 767 Gratia
1962 723 2065 769 Dei
2093 738 2211 770 cum

1295 786 1526 833 omnihus
1546 788 1706 834 vobis.
1775 788 1951 835 Amen.

989 1042 1509 1095 ...a-9*-

451 1209 1396 1297 EPISTOLA
1520 1210 2069 1297 PAULI

1206 1377 1319 1429 An

661 1499 1866 1575 PHILEMONEM.

325 1845 580 1889 Philemoni
603 1857 778 1887 servum
796 1841 989 1885 remittit
999 1854 1098 1884 eum
1107 1853 1233 1883 eom-

628 1899 927 1943 mendatione.

391 2082 437 2124 1.
473 2053 529 2120 P
531 2079 675 2124 aulus
698 2076 1224 2124 vinctun⁰ChristiJe-

323 2158 380 2191 uu
403 2147 453 2191 et
465 2144 758 2190 Timotheus
769 2138 790 2174 ὂ
802 2146 960 2190 frater
969 2143 1224 2190 Philemo-

322 2211 376 2256 ni
396 2210 598 2267 dilecto,
622 2213 672 2256 et
690 2209 911 2268 adjutori
929 2213 1127 2268 nostro,

387 2279 434 2322 2.
481 2280 532 2323 et
565 2278 722 2334 Apiae
770 2277 940 2322 sorori
983 2276 1223 2323 charissi-

319 2357 460 2403 mae,
499 2347 551 2390 et
578 2345 864 2401 Archippoc
891 2344 1223 2392 commilitoni

318 2416 527 2473 nostro,
558 2415 610 2458 et
627 2412 887 2459 Ecclesiae
909 2424 1034 2468 quae
1055 2412 1107 2457 in
1129 2412 1223 2458 do-

317 2493 401 2525 mo
422 2484 507 2525 tua
527 2485 619 2526 est.

384 2548 431 2592 3.
469 2547 643 2593 Gratia
662 2547 805 2593 vobis
819 2578 833 2606 ‚
865 2549 916 2592 et
942 2559 1044 2604 pax
1062 2559 1093 2592 a
1110 2546 1221 2593 Deo

315 2613 466 2660 Patre
503 2619 680 2660 nostro
694 2645 708 2673 ,
756 2618 807 2660 et
841 2614 1062 2659 Domino
1098 2614 1223 2660 Jesu

321 2681 543 2727 Christo.

384 2748 431 2790 4.
469 2748 663 2794 Gratias
685 2761 782 2805 ago
802 2747 912 2794 Deo
932 2761 1065 2806 meo,
1087 2761 1221 2794 sem-

317 2824 409 2870 per
419 2815 711 2860 memoriam
730 2815 804 2860 tui
813 2815 1005 2862 faciens
1024 2814 1078 2860 in
1101 2827 1221 2862 ora-

316 2879 540 2925 tionibus
561 2881 702 2938 meis,

385 2949 431 2992 5.
453 2947 663 2994 audiens
685 2947 975 2996 charitatem
996 2953 1148 3010 tuam,
1169 2953 1223 2996 et

360 3062 384 3080 ⁸
399 3066 440 3090 v.
457 3058 494 3091 9.
520 3058 577 3092 13.
619 3054 711 3094 Act.
729 3059 798 3100 28,
818 3061 877 3095 16.
925 3057 942 3084 ⁶
961 3057 1047 3097 Col.
1066 3064 1104 3103 1,
1121 3063 1155 3096 1.
1204 3066 1220 3084 ἒ

315 3100 400 3138 Col.
417 3103 458 3144 4,
477 3105 533 3138 17.

1293 1787 1454 1847 fidem,
1468 1802 1616 1845 quam
1634 1790 1787 1837 hahes
1808 1793 2092 1839 inDomino
2104 1794 2186 1839 Je-

1294 1868 1370 1914 su‚
1393 1856 1513 1901 etin
1534 1870 1709 1904 omnes
1728 1862 1955 1919 sanctos,

1360 1941 1406 1985 6.
1442 1942 1498 1986 ut
1525 1942 1909 1990 communicatio
1940 1944 2054 1992 fidei
2077 1948 2186 1992 tuae

1293 2007 1501 2054 evidens
1530 2011 1615 2055 fiat
1640 2010 1694 2055 in
1733 2011 1999 2068 agnitione
2033 2013 2185 2058 omnin

1292 2075 1463 2130 operis
1483 2077 1630 2135 boni,
1652 2078 1785 2134 quod
1806 2081 1884 2124 eat
1903 2079 1958 2124 in
1978 2079 2118 2126 vobis
2135 2079 2185 2125 in

1293 2141 1493 2189 Christo
1511 2144 1543 2189 J
1546 2155 1650 2190 esu.

1358 2237 1405 2282 7.
1441 2235 1683 2282 Gaudium
1697 2239 1832 2285 enim
1850 2254 2083 2299 magnum
2100 2241 2181 2287 ha-

1292 2303 1401 2362 bui,
1432 2305 1485 2350 et
1510 2305 1915 2354 consolationem
1944 2309 1999 2354 in
2028 2310 2181 2355 chari-

1289 2371 1391 2416 tate
1410 2373 1522 2427 tua3
1554 2371 1668 2427 quia
1686 2373 1886 2420 viscera
1906 2379 2181 2423 sanctorum

1288 2439 1649 2493 requieverunt
1668 2453 1757 2497 per
1777 2446 1846 2501 te,
1867 2443 2043 2490 frater.

1357 2523 1403 2566 8.
1440 2522 1655 2579 Propter
1682 2525 1815 2579 quod
1842 2527 2049 2574 multam
2064 2527 2179 2574 fidu-

1291 2587 1417 2634 ciam
1434 2587 1623 2634 habens
1651 2589 1702 2635 in
1725 2591 1926 2640 Christo
1955 2596 2077 2642 Jeeu
2092 2595 2178 2640 im-

1287 2655 1499 2767 ξῖοηζηᾱί
1533 2655 1625 2702 tibi
1660 2658 1793 2713 quod
1829 2661 1891 2706 ad
1929 2674 2038 2709 rem
2071 2675 2179 2722 per-

1310 2735 1392 2768 me
1427 2737 1442 2780 3

1356 2808 1402 2851 9.
1438 2809 1645 2865 propter
1690 2809 1985 2858 charitatem
2033 2812 2177 2870 magis

1288 2874 1501 2919 obsecro
1514 2904 1528 2933 ‚
1550 2888 1657 2920 cum
1679 2876 1747 2921 sis
1767 2877 1883 2923 talis
1894 2909 1910 2939 ‚
1930 2882 1989 2926 ut
2005 2879 2178 2926 Paulus

1286 2952 1463 2998 senex,
1483 2953 1617 2988 nunc
1635 2944 1801 2989 autem
1821 2948 1873 2992 et
1892 2947 2085 2994 vinctus
2095 2947 2179 2992 Je-

1286 3019 1345 3052 su
1366 3007 1566 3054 Christi.

1353 3091 1432 3136 1⁰.
1468 3093 1690 3140 Obsecro
1718 3095 1769 3141 te
1796 3107 1892 3152 pro
1922 3111 2037 3145 meo
2064 3098 2179 3155 lilio,

433 3247 544 3302 Cap.
574 3247 662 3291 111.
723 3253 788 3290 11.
820 3251 1006 3305 proprio
1023 3251 1195 3304 judicio
1217 3253 1535 3298 condemnatus
1566 3255 1710 3309 (deest
1726 3271 1823 3301 cum
1846 3260 1946 3316 sit).
2007 3267 2073 3307 12.
2102 3261 2179 3306 Ni·

316 3302 560 3357 chopolim.
621 3307 686 3344 13.
719 3303 890 3346 Zenan.
951 3310 1018 3350 15.
1049 3307 1200 3351 saluta
1218 3311 1395 3363 quinos
1414 3315 1565 3354 amant
1586 3313 1726 3366 (deest
1741 3317 1857 3370 eos).

427 3357 540 3411 Cap.
570 3358 608 3398 1.
670 3362 708 3398 1.
739 3357 850 3400 Jesu
870 3359 1067 3411 Christi3
1097 3363 1205 3408 ibid.
1234 3363 1399 3407 dilecto
1431 3367 1630 3419 adjutori
1663 3371 1805 3422 (deest
1822 3373 1909 3426 et).
1970 3377 2010 3416 2.
2040 3375 2179 3418 sorori

319 3411 463 3462 (deest
482 3413 818 3464 charin-imae„
839 3413 947 3458 ibid.
956 3415 1170 3474 Arcippo.
1230 3423 1271 3462 6.
1302 3421 1351 3462 in
1368 3423 1641 3474 agnitionem
1661 3425 1803 3468 omnis
1819 3427 1926 3470 boni
1947 3429 1993 3472 in
2005 3429 2179 3473 Christo

317 3463 443 3507 Jesu.
505 3471 569 3508 10.
602 3467 656 3508 «le
675 3481 774 3510 meo
793 3467 902 3512 filio.
