2376 3925
653 163 1184 217 MATTHAEUS.
1261 167 1425 217 cAP.
1467 168 1653 220 15.16.

2028 175 2093 222 27

286 269 365 313 33.
399 265 468 312 Et
533 265 711 312 dicunt
762 266 810 313 ei
863 266 1120 325 discipuli:
1187 281 1303 314 rum
1320 282 1426 314 non
1448 271 1661 328 potestis
1680 273 1892 318 scirem?
1924 275 2093 320 Gene-

212 334 359 381 Uude
377 346 505 392 ergo
525 332 950 380 nobisindeserto
962 346 1122 392 panes

211 404 404 462 tantos,
414 404 472 447 ut
489 403 770 447 saturemus
788 403 988 449 turbam
1003 404 1121 447 tan-

209 471 348 516 tam?

276 539 359 583 34.
393 535 466 582 Et
484 535 557 581 ait
572 533 848 582 illis-Iesus:
873 536 1011 588 Quot
1025 537 1119 582 ha-

206 605 340 653 betis
358 602 714 662 panesttilli
735 603 1001 649 dixerunt:
1024 605 1118 651 Se-

207 675 362 731 ptem,
386 675 440 718 et
457 682 642 728 paucos
661 670 951 728 pisciculos.

274 741 358 785 35.
393 738 464 784 Et
471 738 731 795 praecepit
742 739 936 798 turbae,
948 739 1004 784 ut
1015 738 1118 784 dis-

208 806 507 853 cumberent
523 816 678 862 super
696 806 900 850 terram.

279 874 360 918 36.
393 871 460 919 Et
469 871 722 928 accipiens
739 873 927 931 septem
939 885 1117 933 panes,

213 943 268 987 et
286 941 463 1002 pisces,
477 941 530 986 et
548 938 738 996 gratias
759 940 1116 1000 agens‚fregit,

211 1011 268 1054 et
287 1006 418 1053 dedit
426 1005 684 1064 discipulis
696 1007 818 1067 suis,
831 1009 883 1053 et
896 1007 1116 1066 discipu-

207 1076 251 1122 li
273 1075 516 1122 dederunt
533 1072 722 1133 populo
733 1073 766 1120 ἴ.

279 1144 356 1188 37.
391 1141 460 1188 Et
480 1141 809 1188 comederunt
829 1155 1033 1200 omnes,
1067 1143 1118 1188 et

207 1210 424 1257 saturati
443 1210 576 1255 sunt.
642 1207 714 1253 Et
722 1209 856 1267 quod
867 1209 1118 1266 superfuit

205 1279 266 1324 de
305 1275 624 1336 fragmentis,
663 1275 890 1322 tulerunt
923 1278 1115 1334 septem

203 1347 408 1404 sportas
426 1343 620 1402 plenas.

271 1414 356 1458 38.
389 1411 556 1458 Erant
575 1411 768 1469 autem,
798 1410 884 1467 qui
901 1408 1113 1456 mandu-

203 1480 478 1537 caverunt,
521 1479 736 1535 quatuor
760 1477 919 1524 millia
945 1477 1113 1523 homi-

201 1561 342 1607 num,
356 1548 506 1592 extra
524 1543 767 1602 parvulos
787 1546 838 1591 et
855 1544 1110 1590 mulieres.

273 1615 356 1660 39.
389 1613 474 1672 Et,
488 1611 694 1657 dimissa
709 1613 872 1670 turba,
884 1611 1116 1658 ascendit

203 1682 264 1727 in
299 1679 608 1738 naviculam,
648 1680 700 1724 et
730 1679 876 1724 venit
902 1679 959 1725 in
987 1680 1111 1725 fines

203 1745 477 1804 Magedau.

479 1887 645 1938 CAP.
703 1885 847 1938 XVI.

201 1989 555 2032 Pharisaeorum
575 1992 623 2031 et
635 1986 996 2030 Sadducaeorum
1017 1985 1112 2027 fer-

199 2051 419 2088 mentum.
466 2044 597 2087 Petri
617 2043 840 2086 confessio
860 2046 908 2084 et
924 2055 1109 2084 merces.

201 2102 330 2144 Mors
356 2105 404 2143 et
429 2101 700 2143 resurrectio
728 2098 840 2141 Jesu
867 2098 924 2139 ab
953 2098 1111 2139 eodem

201 2156 485 2213 praedictae.
544 2155 588 2197 A
622 2168 700 2196 suo
745 2156 891 2196 animo
930 2155 1110 2207 suisque

201 2214 339 2257 rebus
359 2210 680 2254 discedendum
698 2211 748 2252 in
767 2221 902 2252 causa
923 2208 1106 2252 Christi.

271 2308 322 2351 1.
353 2305 461 2351 “Et
517 2304 840 2351 accesserunt
885 2302 944 2349 ad
996 2316 1112 2349 eum

201 2373 467 2420 Pharisaei
478 2375 530 2419 et
541 2371 818 2419 Sadducaei
828 2372 1081 2417 tentantes
1093 2384 1107 2427 3

203 2444 258 2488 et
275 2440 594 2498 rogaverunt
611 2451 742 2497 eum,
761 2440 821 2484 ut
838 2437 1037 2496 signum
1049 2436 1110 2483 de

204 2507 357 2555 coelo
376 2506 671 2554 ostenderet
689 2505 778 2552 eis.

272 2577 324 2620 2.
359 2575 426 2621 At
442 2575 530 2621 ille
544 2573 878 2632 respondens,
890 2572 963 2619 ait
979 2571 1107 2619 illis:

199 2643 366 2689 Facto
392 2654 608 2699 vespere
642 2640 830 2687 dicitis:
864 2642 1110 2687 Serenum

203 2710 334 2767 erit,
359 2708 692 2756 rubicundum
723 2710 802 2753 est
827 2708 962 2753 enim
987 2720 1109 2755 coe-

199 2777 374 2834 lum⁹3

273 2844 324 2889 3.
359 2844 412 2890 et
431 2854 604 2889 mane:
634 2841 798 2887 Hodie
820 2842 1108 2901 tempestas,

201 2910 383 2959 rutilat
401 2910 538 2957 enim
555 2909 700 2955 triste
722 2908 933 2955 coelum.

267 2981 319 3024 4.
353 2977 560 3024 Faciem
597 2989 720 3034 ergo
763 2975 897 3022 coeli
925 2974 1110 3033 dijudi-

201 3060 322 3092 care
339 3044 531 3103 nostis3
563 3044 712 3102 signa
728 3045 897 3090 autem
913 3044 1109 3100 tempo-

1186 335 1321 381 ratio
1359 336 1493 382 mala
1532 339 1586 384 et
1629 338 1857 386 adultera
1894 341 2093 398 sig-num

1188 403 1412 460 quaerit3
1446 405 1497 450 et
1524 405 1719 463 signum
1756 418 1863 453 non
1896 407 2093 454 dabitur

1188 469 1255 530 ei,
1268 469 1369 516 nisi
1380 470 1579 528 signum
1588 473 1620 518 J
1622 485 1750 521 onae
1760 473 2037 533 prophetae
2048 481 2089 520 ⁸.

1185 536 1255 583 Et
1276 537 1471 584 relictis
1492 537 1613 597 illis,
1634 540 1771 586 abiit.

1256 606 1302 649 5.
1338 603 1409 650 Et
1428 619 1541 650 cum
1568 605 1833 653 venissent
1860 607 2092 667 discipuli

1128 699 1131 702 -
1187 670 1298 727 ejus
1318 672 1459 717 trans
1479 672 1683 732 fretum,
1702 672 1847 720 obliti
1865 677 1986 721 sunt
1999 688 2090 733 pa-

1185 750 1277 784 nes
1301 738 1547 797 accipere.

1254 806 1301 849 6.
1340 806 1437 858 Qui
1450 805 1583 853 dixit
1599 806 1702 853 illis
1715 818 1728 852 :
1740 807 2027 867 Intuemini,
2040 811 2092 855 et

1187 874 1363 918 cavete
1384 886 1415 918 a
1432 874 1683 920 fermento
1704 874 2089 921 Pharisaeorum

1186 941 1240 985 et
1258 939 1664 987 Sadducaeorum
1672 947 1719 986 y.

1252 1007 1299 1051 7.
1335 1008 1403 1052 At
1428 1007 1505 1052 illi
1544 1009 1833 1067 cogitabant
1869 1009 2005 1055 intra
2036 1023 2091 1056 se

1185 1071 1437 1120 dicentes:
1468 1075 1595 1127 Quia
1619 1089 1775 1133 panes
1807 1089 1913 1122 non
1943 1090 2091 1124 acce-

1183 1138 1369 1196 pimus!

1252 1209 1299 1252 8.
1338 1207 1513 1254 Sciens
1533 1210 1699 1254 autem
1726 1211 1899 1270 lesus,
1934 1210 2087 1257 dixit:

1186 1273 1320 1326 Quid
1336 1274 1569 1332 cogitatis
1584 1275 1717 1320 intra
1737 1289 1849 1337 vos,
1860 1276 2088 1325 modicae

1183 1339 1321 1386 fidei!
1342 1341 1459 1397 quia
1476 1353 1631 1398 panes
1653 1354 1757 1387 non
1777 1344 2005 1389 hahetis?

1251 1411 1298 1453 9.
1334 1407 1568 1454 Nondum
1586 1408 1898 1470 intelligitis,
1922 1424 2087 1467 neque

1181 1475 1520 1522 recordamini
1556 1475 1777 1534 quinque
1814 1491 2003 1536 panum
2031 1478 2086 1524 in

1180 1543 1399 1600 quinque
1419 1542 1578 1590 millia
1595 1543 1871 1605 hominum,
1892 1547 1944 1591 et
1964 1548 2087 1603 quot

1181 1610 1429 1668 cophinos
1450 1611 1799 1668 sumpsistis⁸1⁸

1248 1677 1329 1721 10.
1365 1677 1540 1733 Neque
1579 1679 1771 1734 septem
1807 1691 1993 1734 panum
2031 1679 2086 1722 in

1181 1744 1397 1799 quatuor
1414 1743 1572 1789 millia
1592 1742 1869 1803 hominum,
1893 1746 1947 1790 et
1964 1747 2087 1800 quot

1181 1811 1382 1867 sportas
1402 1810 1682 1866 sumpsistis
1694 1811 1749 1854 ⁰³
1808 1837 1817 1846 ·

1250 1876 1330 1920 11.
1370 1876 1536 1928 Quare
1548 1889 1654 1920 non
1664 1876 2087 1935 intelligitis,quia

1179 1955 1288 1990 non
1313 1941 1375 1989 de
1402 1954 1533 2000 pane
1555 1941 1665 1988 dixi
1689 1942 1861 1990 vobis:
1898 1944 2085 1990 Cavete

1179 2025 1211 2057 a
1228 2012 1481 2057 fermento
1491 2010 1877 2057 Pharisaeorum
1896 2014 1948 2059 et
1958 2011 2086 2059 Sad-

1181 2078 1517 2125 ducaeorum‘l

1247 2148 1328 2191 12.
1367 2147 1512 2193 Tunc
1543 2144 1936 2207 intellexerunt,
1967 2147 2084 2204 quia

1177 2227 1285 2261 non
1305 2213 1497 2259 dixerit
1514 2213 1793 2261 cavendum
1811 2227 1841 2259 a
1858 2216 2084 2261 fermen-

1177 2283 1233 2326 to
1258 2293 1471 2339 panum,
1493 2281 1582 2328 sed
1604 2294 1634 2327 a
1655 2280 1886 2329 doctrina
1903 2282 2084 2327 Phari-

1179 2360 1415 2395 saeorum
1436 2351 1487 2395 et
1509 2348 1929 2396 Sadducaeorum.

1246 2416 1275 2459 1
1282 2416 1329 2461 3.
1363 2408 1387 2445 ὅ
1396 2416 1553 2461 Venit
1561 2418 1729 2463 autem
1738 2418 1889 2463 Jesus
1900 2416 1954 2461 in
1964 2428 2085 2473 par-

1178 2483 1256 2529 tes
1278 2484 1557 2529 Caesareae
1575 2483 1821 2542 Philippi3
1853 2484 1907 2529 et
1922 2482 2087 2527 inter-

1177 2552 1394 2608 rogabat
1410 2549 1683 2607 discipulos
1704 2562 1851 2609 suos,
1883 2548 2083 2595 dicens:

1181 2618 1341 2670 Quem
1352 2617 1761 2665 dicunthomines
1780 2630 1892 2663 esse
1900 2614 2085 2663 Filium

1176 2684 1397 2731 hominis
1410 2686 1433 2731 i

1246 2753 1327 2798 14.
1361 2753 1429 2798 At
1437 2752 1514 2797 illi
1526 2752 1790 2797 dixerunt:
1810 2750 1914 2797 Alii
1922 2753 2083 2798 Joan-

1176 2832 1295 2865 nem
1312 2818 1633 2877 Baptistam0,
1664 2816 1752 2863 alii
1780 2821 1945 2866 autem
1969 2820 2082 2865 Eli-

1177 2898 1277 2944 am,
1298 2885 1387 2931 alii
1397 2898 1523 2931 vero
1535 2884 1821 2947 Ieremiam,
1833 2891 2082 2935 autunum

1179 2964 1249 2999 ex
1266 2951 1545 3010 prophetis.

1223 3054 1258 3073 υ
1277 3058 1310 3083 c.
1328 3050 1388 3090 11,
1404 3050 1444 3085 4.
1492 3053 1521 3073 2
1538 3059 1571 3086 c.
1589 3050 1650 3092 12,
1660 3054 1719 3088 89.
1730 3062 1777 3099 sq

1779 3062 1815 3099 q.
1863 3058 1887 3086 7
1902 3048 2003 3087 Luc.
2022 3051 2083 3090 12.

1177 3098 1213 3130 1.
1248 3098 1269 3128 1
1290 3092 1381 3130 Cor.
1399 3096 1437 3135 5,
1456 3097 1493 3133 6.

1540 3100 1559 3120 ⁸
1580 3106 1613 3132 c.
1631 3099 1694 3139 14,
1720 3101 1778 3135 17.
1796 3108 1881 3144 sqq.
1928 3103 1951 3122 ⁰
1970 3106 2003 3132 c.
2020 3096 2081 3135 1³2

245 3145 268 3167 θ
287 3152 321 3178 e.
337 3143 400 3183 14,
419 3145 479 3178 19.
526 3147 552 3167 “
565 3143 760 3178 v.1—12.
776 3138 1110 3182 Maean—21.
1175 3142 1239 3177 34.
1257 3149 1344 3186 sqq.
1398 3138 1416 3167 δ
1432 3152 1469 3179 v.
1488 3144 1654 3180 13—28.
1694 3143 1821 3181 Marc.
1848 3146 1885 3185 8,
1910 3144 2081 3179 27—-39-

199 3196 221 3214 ⁰
238 3187 345 3225 Luc.
365 3191 424 3230 12,
441 3188 504 3225 ⁵4.

1175 3186 1279 3223 Luc.
1297 3189 1334 3228 9,
1354 3188 1523 3227 18-27.
1572 3194 1589 3214 ⁰
1608 3199 1643 3225 c.
1661 3190 1721 3232 14,
1739 3193 1777 3227 2.

316 3336 431 3392 Cap.
450 3330 562 3379 ΧΥ.
593 3341 663 3379 34.
691 3349 834 3392 panes
853 3335 1044 3378 habetis.
1101 3330 1232 3375 XVI.
1264 3335 1303 3375 1.
1333 3335 1594 3376 temtantes.
1651 3336 1692 3375 2.
1713 3333 1778 3375 ait
1798 3333 1877 3375 eis.
1922 3335 1964 3373 4.
1992 3341 2083 3373 ιιοιι

201 3394 400 3447 potestis
427 3393 576 3447 (deest
599 3394 761 3445 scire);
791 3391 898 3433 ibid.
918 3392 1062 3433 Jonae
1082 3389 1226 3442 (deest
1242 3388 1529 3442 prophetae).
1584 3392 1627 3430 ¹1.
1655 3389 1774 3430 inter
1794 3400 1841 3429 se
1863 3386 2080 3427 dicentes.

203 3452 248 3490 8.
275 3450 394 3493 inter
423 3462 522 3493 vos.
578 3451 619 3490 9.
648 3449 840 3501 quinque
861 3460 1025 3501 panum
1045 3445 1238 3498 quinquo
1258 3442 1382 3485 milia
1404 3447 1546 3500 (deest
1564 3444 1648 3498 in).
1706 3446 1773 3484 1⁰.
1805 3445 1978 3495 septem
1998 3454 2080 3496 pa-

203 3518 308 3547 mm
328 3509 547 3559 quattuor
563 3502 691 3547 milia
711 3504 854 3558 (deest
869 3500 954 3557 in).
1003 3504 1070 3545 14.
1094 3499 1384 3542 Hieremiam.
