2376 3925
794 125 1081 176 LUCAS.
1152 125 1310 176 GAP.
1350 127 1538 178 18.19.

2003 137 2102 186 127

220 196 2103 220 mmm

298 229 381 274 21.
418 228 515 281 Qui
541 229 639 274 ait:
678 229 816 274 Haec
846 228 1017 274 onmia
1048 242 1136 273 cu-

230 295 421 342 stodivi
440 309 471 341 a
485 296 757 352 juventute
776 308 901 340 mea.

298 376 378 420 22.
417 375 533 427 Quo
553 375 751 434 audito,
782 377 929 422 Jesus
960 375 1031 420 ait
1063 375 1135 420 ei:

228 442 406 488 Adhuc
434 456 593 487 unum
619 443 709 488 tibi
740 443 905 500 deest3
947 442 1134 501 omnia,

227 522 574 566 quaecumque
591 509 768 568 habes,
790 510 953 556 vende
966 541 981 568 ,
1002 513 1056 555 et
1074 509 1135 554 da

222 577 561 634 pauperibus,
600 579 650 622 et
684 577 888 624 habebis
926 577 1133 624 thesau-

222 657 337 690 rum
357 645 415 690 in
440 643 612 702 coe103
652 647 703 690 et
736 645 881 704 veni,
920 657 1132 702 sequere

222 710 326 758 me!

290 780 372 824 23.
408 779 501 824 His
520 777 607 824 ille
628 779 809 826 auditis
823 809 838 838 ,
860 779 1133 826 contrista·

222 849 305 892 tus
326 848 431 904 est3
454 845 569 903 quia
588 843 734 893 dives
756 848 867 893 erat
886 846 1048 892 valde.

294 927 372 972 24.
405 926 595 972 videns
623 930 789 973 autem
814 928 963 973 Jesus
990 926 1135 973 illum

224 992 418 1039 tristem
436 995 645 1054 factum,
668 995 820 1040 dixit:
853 994 1015 1047 Quam
1034 995 1131 1040 dif-

226 1060 373 1119 ficile,
394 1061 479 1118 qui
497 1063 737 1118 pecunias
756 1061 959 1121 habent,
973 1061 1027 1106 in
1046 1075 1131 1108 re-

226 1141 379 1186 gnum
397 1129 495 1174 Dei
512 1127 794 1176 intrabunt!

290 1213 373 1256 25.
400 1211 617 1258 Facilius
638 1215 717 1258 est
734 1213 867 1258 enim
889 1213 1132 1261 camelum

222 1291 316 1335 per
337 1280 567 1324 foramen
584 1293 703 1325 acus
722 1281 961 1340 transire,
984 1296 1131 1339 quam

224 1345 435 1393 divitem
454 1345 641 1393 intrare
660 1347 715 1393 in
732 1360 945 1408 regnum
964 1349 1078 1395 Dei.

291 1430 373 1474 26.
392 1428 461 1474 Et
472 1430 723 1490 dixerunt,
737 1431 823 1488 qui
834 1432 1127 1482 audiebant:

217 1496 289 1542 Et
308 1496 417 1553 quis
436 1501 603 1555 potest
622 1497 790 1546 salvus
808 1501 951 1546 fieri?

285 1582 366 1625 27.
400 1581 486 1627 Ait
503 1581 630 1627 illis:
664 1583 804 1634 Quae
836 1583 1126 1641 impossibi-

217 1647 288 1693 lia
306 1650 424 1694 sunt
442 1649 573 1707 apud
591 1649 840 1709 homines,
866 1651 1128 1708 possibilia

219 1717 338 1761 sunt
354 1716 488 1774 apud
506 1716 686 1761 Deum.

282 1784 366 1828 28.
402 1782 491 1827 Ait
528 1783 695 1828 autem
728 1782 934 1828 Petrus:
972 1785 1125 1842 Ecce,

216 1863 309 1896 nos
342 1848 619 1895 dimisimus
658 1849 843 1908 omnia,
882 1853 933 1896 et
968 1851 1129 1896 secuti

220 1931 387 1964 sumus
408 1914 484 1962 te!

283 1988 365 2031 29.
407 1985 507 2038 Qui
538 1983 667 2031 dixit
694 1985 793 2030 eis:
821 1987 981 2031 Amen
1012 1985 1124 2033 dico

219 2053 383 2111 vobis,
404 2066 553 2097 nemo
576 2054 677 2111 est,
706 2052 790 2109 qui
807 2054 1014 2109 reliquit
1032 2053 1125 2100 do-

217 2132 380 2178 mum,
410 2122 498 2165 aut
523 2121 761 2176 parentes
780 2152 795 2179 ,
816 2124 902 2166 aut
920 2124 1123 2181 fratreS,

218 2188 307 2232 aut
340 2200 581 2245 uxorem,
623 2190 709 2232 aut
746 2186 877 2233 filios
914 2193 1126 2248 propter

220 2267 435 2311 regnum
452 2254 550 2299 Dei
564 2268 579 2311 ς

291 2338 369 2382 30.
410 2338 460 2383 et
477 2351 585 2384 non
603 2338 815 2396 recipiat
830 2339 987 2387 multo
1008 2340 1123 2397 plu-

220 2417 280 2449 ra
298 2403 354 2449 in
372 2404 469 2451 hoc
496 2408 751 2463 tempore,
772 2412 822 2455 et
840 2410 895 2455 in
915 2411 1125 2459 saeculo

220 2473 440 2518 venturo
462 2472 616 2517 vitam
634 2476 905 2519 aeternam.

288 2556 369 2601 31.
421 2556 732 2613 ³Assumpsit
773 2560 939 2603 autem
975 2560 1124 2605 Jesus

218 2621 506 2680 duodecim,
562 2625 613 2669 et
662 2624 734 2669 ait
783 2623 911 2670 illis:
964 2624 1123 2671 Ecce!

218 2688 533 2735 ascendimus
544 2690 923 2751 lerosolymam,
937 2696 987 2738 et
998 2707 1125 2739 con-

218 2758 597 2803 summabuntur
619 2758 813 2817 omnia,
848 2772 975 2815 quae
996 2760 1117 2805 scri-

214 2825 303 2881 pta
332 2825 449 2869 sunt
484 2836 576 2881 per
604 2826 875 2882 prophetas
904 2826 965 2872 de
990 2826 1123 2874 Filio

212 2890 452 2935 hominis.

285 2959 365 3003 32.
405 2958 656 3005 Tradetur
689 2959 825 3005 enim
863 2959 1123 3019 Gentibus,

217 3028 269 3070 et
302 3024 561 3086 illudetur,
602 3028 652 3073 et
685 3026 1037 3087 flagellabitur,
1076 3031 1127 3075 et

216 3094 556 3150 conspuetur,

284 3160 367 3204 33.
414 3161 465 3205 et
507 3160 797 3217 postquam*
831 3160 1125 3219 flagellave-

261 3274 278 3293 ⁸
296 3278 337 3305 v.
355 3269 533 3305 31—34.
556 3268 703 3307 Matth.
720 3272 781 3311 20,
802 3273 967 3307 17—19.
996 3268 1125 3307 Marc.

214 3318 276 3355 10,
294 3316 471 3351 32—34·
517 3316 535 3339 f
552 3314 697 3352 Mai-th.
715 3319 775 3358 16,
794 3319 853 3352 21.

1203 229 1336 288 rint,
1368 229 1759 292 occidentem,
1789 237 1840 280 et
1857 237 2007 282 tertia
2027 237 2106 284 die

1204 299 1453 352 resurget.

1269 363 1350 408 34.
1383 362 1453 408 Et
1477 363 1576 421 ipsi
1601 366 1731 414 nihil
1753 368 1936 416 horum
1953 371 2105 418 intel-

1201 427 1457 489 lexerunt,
1496 434 1549 476 et
1583 435 1695 479 erat
1729 439 1939 483 verbum
1973 438 2107 484 istud

1201 497 1546 544 absconditum
1567 501 1628 546 ab
1650 501 1742 559 eis,
1755 506 1806 549 et
1825 517 1933 551 non
1952 504 2105 552 intel-

1198 563 1442 623 ligebant,
1464 579 1591 622 quae
1612 566 1919 617 dicebantur.

1267 633 1346 678 35.
1381 632 1626 680 “Factum
1664 636 1742 682 est
1771 640 1954 696 autem,
1995 655 2106 686 cum

1199 699 1628 757 appropinquaret
1655 703 1891 763 Jericho,
1927 720 2104 754 caecus

1198 766 1397 821 quidam
1415 768 1621 816 sedebat
1639 783 1784 818 secus
1800 772 1949 832 viam,
1961 787 2104 819 men-

1199 832 1386 879 dicans.

1265 901 1345 946 36.
1379 901 1450 948 Et
1500 916 1610 950 cum
1659 905 1858 952 audiret
1908 909 2104 954 turbam

1196 970 1604 1025 praetereuntem
1624 1001 1638 1030 ,
1734 973 2102 1032 interrogabat,

1197 1034 1314 1092 quid
1333 1035 1430 1082 hoc
1451 1040 1600 1084 esset.

1264 1103 1345 1148 37.
1380 1103 1634 1150 Dixerunt
1659 1108 1827 1152 autem
1857 1109 1932 1166 ei,
1969 1112 2103 1166 quod

1195 1169 1225 1212 J
1229 1181 1344 1214 esus
1362 1169 1657 1217 Nazarenus
1677 1175 1934 1220 transiret.

1263 1237 1343 1282 38.
1377 1235 1448 1282 Et
1467 1238 1727 1299 clamavit,
1759 1240 1958 1288 dicens:
1979 1244 2100 1289 Jesu

1195 1302 1267 1348 fili
1283 1303 1466 1363 David,
1486 1305 1730 1352 miserere
1749 1307 1872 1354 mei!

1263 1371 1344 1416 39.
1371 1371 1440 1417 Et
1458 1372 1544 1429 qui
1563 1373 1843 1434 praeibant,
1866 1375 2101 1435 increpa-

1193 1439 1315 1484 bant
1333 1452 1462 1499 eum,
1485 1442 1540 1486 ut
1557 1442 1764 1487 taceret.
1833 1443 1948 1500 Ipse
1976 1457 2100 1490 vero

1191 1504 1348 1551 multo
1377 1507 1538 1564 magis
1569 1508 1837 1556 clamabat:
1866 1511 1971 1556 Fili
1994 1512 2100 1556 Da-

1191 1573 1293 1634 vid,
1312 1573 1556 1620 miserere
1573 1575 1697 1622 mei!

1257 1641 1338 1686 40.
1377 1641 1526 1686 Stans
1563 1647 1730 1690 autem
1764 1644 1916 1690 Jesus
1947 1647 2102 1704 jussit

1191 1704 1334 1750 illum
1351 1707 1530 1754 adduci
1549 1709 1613 1754 ad
1631 1723 1702 1754 se.
1771 1710 1840 1756 Et
1868 1725 1980 1758 cum
2007 1727 2098 1774 ap-

1192 1773 1608 1834 propinquasset,
1647 1777 1988 1836 interrogavit
2032 1780 2097 1823 il-

1193 1837 1314 1897 lum,

1258 1907 1340 1950 41.
1378 1905 1575 1952 dicens:
1607 1907 1738 1960 Quid
1763 1909 1855 1955 tibi
1876 1911 1952 1956 vis
1970 1913 2097 1958 faci-

1192 1974 1304 2018 am?
1323 1975 1390 2019 At
1407 1974 1496 2020 ille
1517 1975 1646 2021 dixit
1659 1989 1672 2021 :
1685 1976 1926 2025 Domine!
1944 1982 2001 2025 ut
2022 1982 2097 2026 vi-

1193 2041 1350 2087 deam.

1256 2111 1338 2153 42.
1382 2109 1452 2154 Et
1494 2110 1526 2154 J
1529 2124 1642 2155 esus
1682 2112 1812 2159 dixit
1844 2113 1947 2161 illi:
1996 2117 2096 2162 Re-

1190 2176 1347 2235 spice,
1369 2176 1492 2222 fidcs
1512 2181 1596 2223 tua
1616 2181 1666 2224 te
1685 2179 1878 2227 salvum
1901 2182 2044 2229 fecit!

1255 2244 1336 2288 43.
1372 2243 1441 2289 Et
1459 2246 1726 2293 confestim
1753 2248 1904 2309 vidit,
1935 2254 1986 2296 et
2014 2265 2096 2296 se·-

1191 2312 1433 2367 quebatur
1459 2312 1600 2357 illum
1633 2316 1960 2373 magnificans
1990 2317 2095 2362 De-

1188 2391 1287 2423 um.
1322 2378 1393 2424 Et
1412 2380 1574 2425 omnis
1593 2380 1754 2442 plebs,
1775 2386 1834 2427 ut
1849 2383 1990 2442 vidit,
2008 2384 2095 2429 de-

1191 2444 1263 2491 dit
1280 2445 1480 2492 laudem
1497 2447 1626 2493 Deo.

1462 2615 1632 2667 GAP.
1689 2616 1835 2667 XIX.
1887 2622 1896 2629 ‘

1191 2713 1262 2757 De
1283 2712 1508 2757 zachaeo.
1542 2716 1613 2757 De
1633 2715 1788 2756 decem
1807 2717 1922 2759 mnis
1944 2718 2095 2763 decem

1191 2772 1334 2813 servis
1353 2771 1553 2813 traditis.
1611 2770 1748 2811 Jesus
1769 2785 1904 2826 super
1921 2774 2096 2829 pullum

1191 2827 1348 2867 asinae
1393 2826 1538 2867 intrat
1577 2824 1920 2879 lerosolymam,
1965 2844 2098 2885 quam

1190 2882 1418 2937 praedicit
1445 2881 1749 2923 evertendam.
1807 2884 2024 2930 Ementes
2051 2894 2098 2930 et

1321 2935 1570 2978 vendentes
1590 2948 1614 2977 e
1633 2936 1802 2994 templo
1825 2940 1966 2993 ejicit.

1259 3031 1304 3073 1.
1339 3028 1408 3074 Et
1435 3028 1694 3087 ingressus
1721 3036 2096 3091 perambulabat

1188 3095 1414 3142 Jericho.

1258 3164 1304 3207 2.
1324 3162 1392 3208 Et
1403 3162 1542 3211 ecce!
1555 3166 1635 3212 vir
1649 3168 1856 3213 nomine
1869 3168 2095 3214 Zachae-

1236 3278 1258 3295 ¹⁴
1274 3282 1314 3309 v.
1330 3275 1502 3311 35—43.
1534 3273 1680 3314 Matth.
1697 3278 1760 3317 20,
1779 3278 1950 3313 29—34.
1968 3276 2096 3315 Marc.

1190 3321 1250 3361 10,
1268 3320 1318 3356 46
1327 3340 1371 3347 —
1380 3323 1441 3357 52.

328 3461 447 3516 Cap.
478 3458 659 3503 XVIII.
718 3466 787 3504 24.
818 3462 947 3507 illum
966 3465 1116 3509 Jesus-
1175 3469 1246 3508 33-
1280 3467 1354 3510 die
1375 3470 1525 3511 tertia.
1587 3472 1654 3511 39.
1687 3469 1911 3511 clamavit.
