2376 3925
757 162 1178 219 EPISTOLA
1212 168 1493 221 JUDAE.

1969 174 2067 227 385

262 264 348 309 ⁴3.
382 265 544 311 Multa
571 266 723 312 habui
739 268 831 313 tibi
849 269 1098 325 scribere;

195 329 291 375 sed
309 330 452 376 nolui
471 344 562 388 per
581 334 1004 381 atramentumoet
1013 348 1101 381 ca-

193 396 381 442 lamum
401 399 624 446 scribere
645 400 752 447 tibi.

227 489 247 509 ‘
279 488 302 519 2
318 484 409 522 Joh.
429 490 488 523 12.

1236 274 1315 316 14.
1352 274 1513 329 Spero
1548 277 1715 321 autem
1751 276 1981 332 protinus
2018 280 2069 325 te

1169 338 1368 397 videre,
1408 341 1460 385 et
1495 353 1553 385 os
1592 341 1656 386 ad
1693 354 1751 388 os
1788 342 2067 399 loquemur.

1166 405 1276 451 Pax
1294 404 1405 451 tibi!
1436 407 1667 453 Salutant
1692 410 1743 455 te
1766 410 1937 457 amici!
1974 414 2067 459 Sa-

1166 472 1273 519 luta
1290 472 1478 519 amicos
1498 476 1815 523 nominatim!

856 651 1409 701 ἥψω...-

264 758 1107 903 EPISTOL

1162 819 1242 900 A
1377 817 1997 907 JUDAE.

999 1012 1271 1036 a

191 1185 440 1236 Hortatur,
471 1194 521 1230 ut
538 1190 654 1232 firmi
674 1192 766 1233 sint
783 1192 873 1234 fide
893 1192 1106 1234 adversus

187 1259 383 1313 impios3
418 1260 594 1303 Enochi
620 1266 668 1304 et
695 1262 1001 1317 apostolorum
1027 1276 1105 1306 va-

327 1332 486 1376 ticinia
501 1338 684 1377 revocat
700 1336 748 1378 iu
767 1340 975 1379 mentem.

262 1490 309 1533 1.
345 1463 390 1535 J
393 1488 530 1548 udas,
549 1489 581 1534 J
584 1504 673 1536 esu
693 1490 881 1537 Christi
899 1504 1093 1549 servus,

187 1557 353 1601 frater
373 1558 538 1601 autem
554 1556 732 1603 Jacobi
745 1589 758 1616 ,
779 1558 856 1603 his
877 1559 962 1614 qui
980 1560 1097 1603 sunt

188 1623 246 1670 in
269 1622 379 1668 Deo
401 1623 550 1667 Patre
581 1622 800 1681 dilectis,
823 1626 876 1669 et
894 1626 1094 1670 Christo

185 1690 220 1734 J
224 1702 318 1735 esu
339 1688 670 1747 conservatis,
692 1691 744 1735 et
763 1691 976 1736 vocatis.

263 1774 308 1815 2.
344 1770 697 1816 Misericordia
719 1772 859 1817 vobis
872 1802 886 1831 ,
909 1776 959 1817 et
977 1786 1094 1831 pax,

188 1842 244 1885 et
264 1838 480 1885 charitas
500 1838 843 1896 adimpleatur.

260 1923 307 1968 3.
347 1919 659 1968 charissimi!
683 1934 880 1969 omnem
901 1922 1095 1969 sollici-

185 1990 417 2036 tudinem
440 1991 632 2036 faciens
661 1991 913 2053 spriben'di
953 1990 1094 2036 vobis

187 2058 251 2103 de
283 2058 535 2103 communi
573 2061 741 2104 vestra
778 2057 970 2114 salute,
997 2071 1092 2103 ne-

185 2138 333 2171 cesse
350 2123 501 2171 habui
520 2125 740 2172 scribere
754 2125 897 2171 vobis
911 2125 1092 2182 depre-

186 2205 311 2237 cans
340 2193 713 2248 supercertari⁰
746 2192 905 2239 semel
931 2193 1091 2239 tradi-

185 2262 272 2304 tae
293 2258 480 2304 sanctis
498 2259 628 2305 fidei.

253 2344 304 2386 4.
351 2342 762 2388 Subintroierunt
806 2341 940 2387 enim
977 2342 1089 2398 qui-

183 2410 302 2458 dam
318 2409 548 2455 homines
569 2407 677 2467 (qui
699 2407 820 2454 olim
838 2408 1090 2465 praescri-

185 2477 262 2534 pti
281 2478 398 2521 sunt
429 2475 484 2521 in
511 2475 610 2522 hoc
634 2474 900 2534 Judicium)
930 2475 1088 2534 impii,

181 2543 286 2589 Dei
303 2543 469 2590 nostri
497 2542 706 2600 gratiam
725 2543 1090 2588 transferentes

181 2612 237 2656 in
265 2609 547 2668 luxuriam,
577 2613 630 2656 et
655 2609 818 2655 solum
845 2609 1089 2655 Domina-

182 2680 352 2722 torem
364 2707 378 2732 ‚
400 2679 451 2722 et
467 2677 736 2723 Dominum
753 2680 982 2722 nostrum
999 2677 1030 2722 J
1034 2691 1091 2723 e-

185 2757 298 2790 sum
318 2743 569 2788 Christum
587 2745 847 2801 negantes.

257 2829 308 2872 5.
345 2827 675 2872 Commouet-e
695 2828 861 2872 autem
884 2838 974 2871 vos
995 2838 1086 2872 vo-

185 2893 258 2950 lo,
283 2892 502 2939 scientes
521 2892 676 2938 semel
705 2893 896 2949 omnia,
925 2905 1088 2948 quon-

186 2961 290 3006 iam
309 2959 340 3004 J
344 2971 457 3004 esus
484 2959 724 3016 populum
752 2959 812 3005 de
831 2961 969 3005 terra
986 2961 1088 3006 Ae-

273 3065 381 3103 Phil.
399 3072 436 3110 1,
453 3070 512 3104 27.

302 3211 414 3266 Cap.
441 3211 479 3256 1.
539 3217 606 3256 13.
636 3215 834 3258 scribere
851 3217 951 3258 tibi.

1166 1130 1309 1189 gypti
1328 1129 1557 1189 salvans5
1588 1135 1807 1181 secundo
1838 1150 1955 1197 eos,
1984 1139 2068 1196 qui

1165 1210 1273 1243 non
1294 1197 1630 1257 crediderunt,
1652 1196 1914 1258 perdiditb.

1234 1266 1281 1309 6.
1315 1264 1541 1321 Angelos
1563 1278 1704 1325 vero,
1726 1271 1935 1325 quinon
1954 1284 2067 1318 ser-

1168 1334 1416 1377 vaverunt
1432 1344 1577 1377 suum
1593 1334 1925 1393 principatum
1940 1368 1954 1396 ,
1977 1339 2065 1385 sed

1166 1398 1545 1455 dereliquerunt
1568 1412 1713 1447 suum
1741 1402 2064 1465 domicilium,

1163 1466 1218 1511 in
1232 1466 1475 1522 judicium
1500 1468 1671 1525 magni
1690 1468 1818 1529 diei,
1848 1472 2066 1521 vinculis

1163 1533 1383 1579 aeternis
1404 1536 1495 1580 sub
1516 1535 1731 1594 caligine
1751 1540 2049 1587 reservavit.

1231 1601 1277 1645 7.
1314 1600 1454 1646 Sicut
1481 1601 1726 1663 Sodoma,
1759 1608 1810 1651 et
1847 1606 2066 1654 Gomor-

1161 1665 1255 1710 rha
1265 1673 1302 1723 ⁰,
1326 1668 1377 1711 et
1393 1668 1631 1715 finitimae
1664 1672 1894 1719 civitates
1914 1674 2066 1721 simili

1160 1731 1312 1777 modo
1341 1735 1715 1796 exfornicatae,
1748 1741 1798 1785 et
1824 1742 2066 1787 abeuntes

1163 1799 1279 1854 post
1307 1812 1509 1843 carnem
1538 1801 1747 1847 alteram
1766 1806 1929 1851 factae
1948 1814 2068 1853 sunt

1163 1864 1448 1921 exemplum
1465 1866 1597 1923 ignis
1616 1871 1829 1929 aeterni,
1849 1884 2065 1929 poenam

1160 1932 1485 1978 sustinentes.

1229 2000 1276 2044 8.
1313 1999 1554 2046 Similiter
1583 2003 1634 2048 et
1649 2002 1702 2048 hi
1732 2016 1935 2051 carnem
1953 2008 2065 2064 qui-

1161 2065 1554 2126 denkmaculant,
1569 2069 1959 2119 dominationem
1974 2088 2065 2120 au-

1157 2135 1260 2178 tem
1280 2137 1542 2193 spernunt,
1563 2137 1877 2194 majestatem
1896 2144 2063 2190 autem

1158 2195 1557 2258 blasphemantd.

1225 2270 1271 2312 9.
1309 2269 1431 2314 Cum
1469 2269 1688 2316 Michae'l
1716 2273 2063 2332 Archangelus

1158 2347 1270 2378 cum
1289 2335 1489 2382 diabolo
1511 2336 1769 2395 disputans
1790 2340 2065 2388 altercare-

1158 2401 1241 2445 tur
1270 2400 1331 2446 de
1355 2403 1526 2460 Moysi
1555 2417 1802 2464 corpore,
1840 2421 1946 2452 non
1989 2411 2067 2455 est

1158 2480 1309 2513 ausus
1333 2468 1576 2525 judicium
1606 2471 1799 2518 inferre
1827 2473 2063 2532 blasphe-

1157 2533 1315 2592 miae3
1338 2534 1427 2580 sed
1444 2535 1599 2582 dixit:
1612 2537 1833 2595 Imperet
1853 2541 2063 2588 tibiDo-

1155 2599 1346 2646 minus!

1226 2669 1305 2711 1⁰.
1358 2667 1425 2713 Hi
1477 2671 1668 2728 autem,
1725 2684 2062 2732 quaecumque

1158 2733 1358 2790 quidem
1387 2735 1654 2795 ignorant,
1685 2737 2059 2802 blasphemant3

1157 2814 1496 2858 quaecumque
1542 2805 1709 2849 autem
1742 2809 2059 2870 naturaliter,

1155 2869 1407 2923 tamquam
1426 2871 1559 2914 muta
1578 2870 1830 2932 animalia,
1851 2881 2058 2937 norunt,

1155 2934 1211 2980 in
1229 2935 1307 2981 his
1328 2940 1731 2994 corrumpuntur.

1201 3023 1219 3052 ὅ
1235 3025 1358 3064 Num.
1376 3028 1437 3067 14,
1456 3029 1514 3065 35.
1539 3032 1560 3064 1
1581 3027 1670 3064 cor.
1691 3035 1750 3074 10,
1767 3036 1803 3072 5.
1851 3041 1869 3061 θ
1888 3035 1988 3074 Gen.
1997 3040 2057 3079 19,

1153 3073 1217 3108 24.
1236 3083 1298 3120 sq.
1344 3072 1367 3100 4
1383 3077 1409 3108 2
1423 3073 1530 3110 Petr.
1548 3078 1587 3118 2,
1604 3081 1663 3113 10.
1681 3082 1742 3115 11.

1010 3221 1076 3260 14.
1111 3232 1196 3273 por
1214 3232 1389 3262 nomen.

302 3301 417 3354 Cap.
446 3300 486 3342 1.
543 3307 584 3344 1.
616 3302 686 3344 his
708 3305 783 3358 qui
801 3305 848 3345 in
867 3305 966 3348 Deo
987 3311 1118 3360 patre
1141 3307 1320 3350 dilectis
1348 3313 1396 3350 et
1414 3309 1559 3354 Jhesu
1580 3313 1762 3357 Christo
1783 3319 2057 3362 conservatis

189 3357 362 3398 vocatis
392 3356 572 3406 (desunt
588 3360 770 3402 verbula
798 3365 902 3402 sunt
928 3367 976 3403 et
1002 3363 1084 3418 et).

1159 3367 1203 3404 2.
1242 3366 1423 3406 caritas.
1500 3370 1541 3409 3.
1573 3371 1819 3421 carissimu
1848 3371 1957 3414 ibid.
1980 3375 2057 3416 de-

193 3424 429 3466 praecans.
493 3415 534 3454 1.
574 3413 804 3458 Gomorra.
871 3420 912 3458 8.
951 3416 1030 3461 hii.
1099 3419 1140 3461 9.
1182 3419 1433 3471 michaheh
1472 3421 1581 3466 ibid.
1620 3423 1826 3476 diabulo;
1861 3426 1970 3471 ibid.
2000 3429 2055 3472 de

193 3467 308 3508 Mosi
328 3480 532 3522 corpore.
592 3475 658 3512 10.
689 3470 766 3514 hii.

1620 3539 1662 3583 R
