2376 3925
611 157 1158 204 commEN'rA'rlo
1214 160 1632 206 lsAooech.
1885 157 2058 204 xxxl

167 287 314 344 ibid.
345 304 440 344 eos
467 305 572 360 pro
600 281 1197 362 eum,gr.m'nd=,ve1
1232 289 1385 364 quod
1412 293 1601 346 minue
1639 287 1930 345 firmatum
1970 297 2056 344 est

165 363 332 433 αὐτὸ,
355 368 572 446 plures
602 369 854 443 ejusdem
878 369 1098 426 farinae
1119 370 1410 442 homines,
1446 373 1743 446 palmitum
1778 373 2053 446 imagine,

167 451 626 526 comprehendit.
710 449 1014 510 Sententia
1049 453 1352 528 generalis
1384 453 1705 528 praeeedit:
1750 449 1843 508 ἐὰν
1873 449 1945 524 μή
1980 473 2055 514 τις

167 547 280 592 ete.
315 565 390 576 —
425 534 560 589 ibid.
587 537 834 591 mittunt
859 543 918 590 et
943 537 1160 593 ardent
1181 554 1287 610 pro
1312 539 1552 593 mittent
1580 546 1640 592 et
1664 538 1877 594 ardet·
1854 579 1873 609 ,
1924 531 2050 607 βαλ-

164 622 324 673 λουσι
346 615 437 670 καὶ
461 617 683 681 καίεται,
709 615 920 672 Noster
944 620 1134 691 potior
1161 628 1265 676 est.
1296 649 1369 660 —
1402 618 1509 689 15,
1546 618 1638 674 15.
1668 619 1797 675 dico
1822 636 1922 676 vos
1945 637 2049 693 pro

168 702 374 761 dicam
399 715 533 771 vos,·
574 699 705 773 λέγω
727 693 864 771 ὖμᾶς
887 718 943 755 v.
969 695 1104 771 ὑμᾶς
1124 702 1279 774 λέγω,
1304 703 1562 758 futurum
1586 719 1773 776 neque
1796 702 1861 756 in
1884 709 2051 758 textu

168 801 388 861 graeco
423 791 512 838 est
551 799 736 858 neque
775 782 1000 854 eadem,
1052 803 1164 859 qua
1200 803 1501 858 praesens,
1538 786 1603 842 vi
1640 783 1869 840 dicitur.
1916 783 2050 839 ibid.

161 868 342 939 facit
361 865 714 939 profeciat,
738 865 792 918 τί
812 868 959 920 ποιεῖ.
1007 867 1103 936 15,
1129 867 1229 923 25.
1260 867 1578 943 impleatur
1603 885 1707 942 pro
1736 865 2057 942 adimplea-

176 957 310 1018 tur,
345 944 622 1020 πληρωθῇ.
690 948 796 1019 15,
821 949 920 1003 27.
935 949 1267 1026 perhibetis
1292 967 1395 1024 pro
1411 949 1833 1026 perhibebitis,
1859 967 2056 1021 μαρτυ-

169 1034 322 1102 ρεῖτε.
364 1061 439 1070 -
487 1031 594 1101 16,
643 1032 694 1086 1.
721 1048 824 1088 voe
847 1048 950 1105 pro
975 1032 1150 1094 vobis,
1177 1026 1309 1102 ὑμῖν.
1395 1029 1513 1088 Hie
1542 1041 1698 1087 errat
1720 1029 1937 1088 Noster
1961 1031 2063 1106 qui

172 1113 426 1170 forsitan
461 1115 543 1172 ad
577 1130 677 1170 voe
713 1114 946 1172 volebat
979 1114 1261 1185 seribere,
1306 1123 1373 1171 ut
1422 1113 1709 1170 exciderit
1743 1115 1842 1170 ad.
1878 1115 1977 1184 16,
2002 1112 2059 1167 9.

173 1197 432 1253 credunt
454 1213 557 1269 pro
585 1196 987 1264 crediderunt,
1011 1191 1367 1262 πιστεύουσιν,
1390 1215 1525 1252 nam
1550 1197 1885 1261 ἐπίστευσαν,
1907 1199 2059 1270 reje-

175 1288 334 1334 ctum
363 1287 454 1333 est
477 1279 680 1334 critico
703 1277 942 1352 ⁴iudicio.
995 1279 1091 1350 16,
1113 1280 1207 1334 13.
1237 1282 1301 1335 in
1326 1295 1543 1336 omnem
1570 1296 1673 1352 pro
1702 1295 1941 1348 omnem,
1970 1296 2056 1354 gr.

175 1355 430 1434 ὅδτῃηὶσει
460 1355 594 1430 ὑμᾶς
627 1357 700 1422 εἷς
723 1358 908 1414 πᾶσαν
931 1355 1022 1429 τὴν
1049 1356 1320 1430 ἀλήθειαν.
1400 1355 1677 1434 ‘Commium
1702 1363 1753 1416 si
1779 1361 2058 1416 transser-

172 1455 268 1500 tur
295 1444 560 1513 docebit,
595 1443 760 1500 vides
785 1443 1004 1500 factum
1029 1463 1154 1502 esse
1179 1444 1255 1501 ad
1278 1462 1507 1502 semum
1524 1484 1543 1515 ,
1570 1462 1689 1501 non
1719 1445 2060 1518 simpliciter

175 1527 245 1584 ad
275 1527 544 1584 verbum.
590 1523 802 1582 Noster
833 1527 1050 1602 aliquid
1084 1547 1116 1583 e
1153 1547 1365 1604 graeca
1396 1529 1647 1584 lectione
1672 1528 1969 1603 relinquit,
1994 1535 2061 1581 ut

177 1610 420 1666 duarum
459 1610 540 1664 sit
572 1608 928 1665 locutionum
963 1610 1254 1670 confusio:
1314 1611 1541 1670 docebit
1584 1627 1689 1668 vos
1732 1613 1795 1666 in
1844 1627 2061 1666 omnem

176 1695 511 1749 veritatem.
552 1692 649 1762 16,
675 1693 756 1746 22
802 1690 1091 1749 babebitis
1117 1711 1223 1766 pro
1248 1692 1495 1756 habetis,
1524 1711 1612 1769 gr.
1640 1691 1885 1748 fluctuat
1908 1695 2064 1748 inter
2152 1703 2173 1726 ⁸

181 1774 316 1842 ἔχετε
342 1783 399 1830 et
427 1772 576 1838 ἕξετε,
601 1776 778 1849 vulgo
805 1784 1100 1847 receptum
1127 1785 1215 1832 est
1242 1778 1423 1848 prius,
1448 1776 1549 1832 sed
1574 1777 1882 1850 posterius,
1912 1771 2065 1848 quod

183 1876 360 1934 aeque
383 1857 525 1913 boni
549 1865 836 1913 testantur
862 1856 1019 1928 libri,
1045 1858 1295 1914 adscivit
1318 1856 1747 1913 Lachmamme.

308 1942 337 1996 1
374 1937 530 1997 Tim.
565 1942 621 2011 l,
653 1942 748 1996 16.
777 1940 860 1997 ad
893 1940 1379 2015 deformationem
1416 1957 1521 2015 pro
1564 1939 1649 1997 ad
1686 1939 2064 2013 informatio-

187 2044 314 2081 nem
327 2064 348 2095 ,
391 2018 530 2096 πρὸς
565 2017 914 2082 ὑποτύπωσιν.
1000 2022 1134 2082 Non
1175 2024 1447 2080 dormitat
1476 2022 1719 2094 Noster,
1762 2022 1865 2078 sed
1896 2022 2068 2079 habet

180 2109 669 2182 praesumtionem
704 2108 1080 2183 antiquitatis.
1166 2106 1317 2163 Nam
1345 2108 1705 2181 deformatio
1732 2124 1767 2162 a
1798 2094 2066 2163 Vitruvst»

181 2194 426 2266 aliisque
451 2208 624 2246 sensu
648 2192 886 2246 minime
910 2192 1060 2246 malo
1088 2193 1352 2266 ponitur,
1393 2198 1459 2246 ut
1489 2192 1796 2247 conveniat
1818 2189 2068 2245 voeabu-

181 2276 254 2329 lis
293 2272 740 2342 delineationie,
783 2274 1230 2350 descriptionis,
1268 2272 1534 2349 exempli.
1597 2274 1667 2344 2,
1708 2275 1801 2329 10.
1827 2274 2071 2349 pudici-

185 2359 334 2413 tiam
355 2374 458 2430 pro
474 2357 797 2432 pietatem,
834 2353 1173 2425 θεοσέβειανς
1202 2365 1433 2430 recepta
1458 2365 1545 2411 est
1570 2356 1903 2452 retinenda,
1938 2372 2067 2410 eum

188 2439 259 2494 de
285 2438 614 2495 christianis
641 2437 908 2494 foeminis
943 2441 1243 2513 speciatim
1274 2446 1497 2515 agatur.
1565 2439 1637 2509 2,
1668 2439 1763 2494 13.
1789 2440 1969 2517 prior
1982 2436 2069 2506 fi-

185 2530 444 2600 guratus
481 2538 584 2595 pro
617 2522 848 2596 primus
872 2521 1215 2593 formatus,
1262 2516 1463 2619 noc-Stes·
1510 2516 1773 2589 ἐπλάσθη.
1857 2518 2070 2575 Noster

189 2604 574 2660 artificiosius.
631 2603 692 2673 3,
720 2604 777 2659 2.
806 2600 984 2658 Deest
996 2606 1303 2682 pudicum,
1330 2614 1397 2660 ut
1422 2606 1485 2659 in
1512 2602 1772 2660 Graecis.
1830 2604 1890 2672 3,
1920 2604 1975 2657 6.
2004 2602 2069 2657 in

189 2686 465 2765 superbia
492 2686 682 2743 elatus
709 2703 812 2760 pro
841 2688 904 2741 in
931 2686 1267 2763 superbiam
1296 2688 1510 2757 elatus,
1536 2686 1815 2756 τνφωθείς.
1880 2685 2067 2753 3,12.

191 2772 468 2827 diaconos
507 2787 610 2842 pro
646 2771 910 2841 diaconi3
954 2788 1141 2825 accus.
1171 2771 1349 2826 absol.
1380 2770 1817 2824 convenientior
1840 2768 2070 2825 videtur

189 2872 312 2909 esse
338 2851 568 2908 habitus
593 2850 664 2907 ob
691 2868 746 2909 v.
770 2852 864 2907 11.
915 2853 978 2922 4,
1003 2854 1053 2908 1.
1084 2852 1435 2909 descendent
1464 2844 1562 2927 (ut
1588 2869 1621 2906 a
1646 2870 1712 2907 re
1740 2852 2074 2908 sublimiore

186 2935 274 3005 τῆς
299 2930 555 3014 πίστεως)
581 2951 684 3007 pro
715 2935 1038 3003 discedent,
1065 2928 1478 3001 ἀποστήσονται.
1538 2931 1699 2991 Haec
1727 2936 1871 2991 alias
1895 2936 2071 2991 etiam

189 3021 248 3075 in
272 3016 490 3075 Nostro
517 3019 754 3090 reperis.
809 3015 1295 3087 5,10.edocavit
1321 3034 1425 3091 pro
1457 3017 1751 3090 educavit,
1778 3009 2069 3087 ἐτεκνοτρό-

190 3120 352 3170 φησε,
391 3098 722 3175 popularior
753 3098 1593 3171 sorma.5,14.yuveniores
1634 3118 1737 3175 pro
1775 3102 2070 3173 jtaenioree,

193 3184 453 3256 νωτέρας.
521 3181 717 3251 5,16.
745 3183 804 3239 si
829 3180 1166 3258 quafidelis
1192 3200 1294 3280 pro
1332 3185 1390 3237 si
1422 3184 1553 3259 quis
1578 3183 1817 3253 fidelis,
1858 3182 2068 3255 vulgo·

196 3269 246 3320 εἴ
259 3285 339 3328 τις
365 3257 552 3325 πιστὸς
586 3256 618 3331 ἢ
651 3258 835 3331 πιστὴ,
863 3273 1167 3338 utrumque
1191 3267 1459 3341 jungens.
1545 3264 1745 3320 Nostri
1770 3266 2073 3320 lectionem

199 3352 258 3404 in
270 3346 513 3404 Graecis
538 3343 710 3402 habet
725 3344 1158 3417 Lachmanmn,
1173 3355 1233 3402 et
1258 3349 1461 3422 optimi
1486 3350 1763 3403 omittunt
1786 3345 1950 3402 libri.
1985 3362 2076 3395 m-

203 3426 324 3493 στὸς
347 3424 396 3499 ἢ.
479 3428 736 3487 Alterum
761 3428 990 3486 videtur
1016 3428 1313 3487 admisisse
1339 3432 1551 3487 latinus
1572 3437 1859 3502 receptus,
1884 3434 1953 3483 ut
1977 3444 2079 3502 ge-
