2376 3925
330 192 430 243 330
528 185 753 237 EPIST.
792 179 1004 231 PAULI
1039 175 1133 226 AD
1170 166 1620 222 TIMOTHEUM
1652 164 1695 213 Ι.
1732 161 1883 213 cAP.
1905 163 1957 210 1.
1980 163 2029 209 2.

330 293 518 352 gelium
553 287 744 347 gloriae
785 282 916 330 beati
944 280 1057 338 Dei,
1095 275 1231 334 quod
1610 298 1652 347 Ο
1665 295 1781 346 Ap,
1834 295 1903 346 Π,

331 359 574 407 creditum
594 356 670 399 est
687 351 825 397 mihi.

398 427 478 471 12·
498 421 694 467 Gratias
713 431 811 476 ago
825 416 890 475 ei,
903 414 988 472 qui
1004 426 1084 458 me
1105 424 1231 456 con-
1299 399 1390 442 Pro
1426 397 1609 449 regibus
1644 400 1692 437 et
1724 392 2063 445 magistratibus
2102 405 2203 446 pre-

1302 454 1490 496 candum
1509 456 1593 493 est.
1649 450 1782 493 Unus
1802 450 1950 497 Deus,
1978 460 2093 488 nnus
2115 461 2201 487 me-

331 492 566 547 fottant’
611 488 816 566 phnsto
853 485 976 529 'aa
1010 480 1231 557 potuum
1304 511 1450 551 diator
1469 512 1553 550 est.
1592 505 1825 555 Quomodo
1836 517 1995 559 preces
2011 503 2204 545 fundere

333 562 659 615 nostro,qu1a
669 552 864 600 fidelem
882 563 961 594 me
973 548 1233 593 exlstima-
1478 564 1670 604 debeant
1686 562 1759 602 vir
1779 564 1827 602 et
1844 558 2021 601 mulier.

336 628 426 685 vit,
447 635 643 682 ponens
663 622 718 665 in
735 614 1033 664 ministerio.

403 694 484 739 13.
506 690 605 744 Qui
623 680 789 746 priusi
807 682 1122 739 blasphemus
1142 676 1235 734 fui,

341 764 390 807 et
408 759 726 818 persecutor,
748 757 798 797 et
815 746 1237 801 contumeliosus;

339 828 430 875 sed
455 820 850 871 misericordiam
874 815 974 861 Dei
991 825 1238 860 consecu-

339 900 420 941 tus
441 906 564 949 sum,
579 888 694 946 quia
711 888 954 944 ignorans
965 880 1066 927 feci
1083 880 1138 925 in
1157 878 1241 923 in-

343 959 652 1009 credulitate.

412 1029 489 1071 14.
505 1016 937 1081 Superabundavit
947 1016 1112 1062 autem
1123 1024 1241 1069 gra-

343 1096 415 1141 tia
432 1090 639 1137 Domini
654 1086 821 1134 nostri
841 1097 952 1131 cum
969 1082 1082 1139 fide,
1095 1081 1145 1125 et
1164 1078 1242 1123 di-

343 1161 590 1219 lectione,
616 1169 744 1214 quae
764 1155 841 1200 est
859 1153 913 1199 in
934 1149 1132 1195 Christo
1153 1147 1184 1191 J
1187 1158 1243 1190 e-

347 1244 420 1276 su.

416 1298 493 1340 15.
527 1290 717 1339 Fidelis
739 1299 923 1344 sermo,
943 1286 993 1330 et
1004 1280 1140 1328 omni
1160 1291 1246 1323 ac-

353 1363 585 1422 ceptione
614 1358 821 1415 dignus,
860 1350 993 1410 quod
1021 1347 1247 1393 Christus

350 1434 497 1477 Iesus
510 1426 649 1473 venit
667 1423 862 1468 inhunc
881 1415 1114 1463 mundum
1127 1424 1248 1469 pec-

353 1500 549 1543 catores
581 1490 750 1537 salvos
779 1489 948 1532 facere
959 1475 999 1541 ι’,
1037 1490 1251 1537 quorum

349 1563 540 1621 primus
561 1570 656 1615 ego
677 1568 801 1600 sum.

422 1630 501 1672 16.
540 1624 639 1672 Sed
687 1620 803 1668 ideo
855 1611 1254 1663 misericordiam

357 1694 655 1743 consecutus
683 1698 815 1735 sum:
844 1687 901 1731 ut
917 1685 972 1729 in
990 1696 1070 1729 me
1087 1680 1250 1738 primo

358 1760 648 1809 ostenderet
657 1755 884 1803 Christus
895 1753 926 1796 J
928 1763 1043 1797 esus
1055 1758 1253 1794 omnem

355 1828 647 1890 patientiam
667 1856 682 1884 ,
733 1822 796 1868 ad
847 1816 1256 1865 informationem

361 1910 535 1944 eorum
546 1926 560 1953 ,
582 1893 668 1951 qui
685 1886 923 1937 credituri
943 1887 1060 1931 sunt
1076 1882 1154 1929 illi
1165 1910 1180 1940 ,
1202 1880 1256 1925 in

359 1966 516 2010 vitam
535 1962 806 2008 aeternam.

428 2033 507 2075 17.
517 2028 643 2086 Regi
656 2027 819 2070 autem
831 2019 1142 2066 saeculorum
1162 2015 1257 2060 im-

362 2095 591 2152 mortali,
619 2088 887 2146 invisibili,
915 2085 1015 2132 soli
1030 2083 1142 2128 Deo
1161 2081 1259 2125 ho-

363 2176 478 2219 nor,
493 2162 544 2206 et
553 2157 718 2216 gloria
734 2156 789 2200 in
809 2151 1009 2198 saecula
1028 2147 1260 2194 saeculo-

361 2242 488 2275 rum.
557 2227 731 2271 Amen.

429 2296 510 2340 18.
538 2293 650 2338 Hoc
669 2288 988 2347 praeceptum
1007 2292 1262 2330 commen-

365 2363 428 2409 do
449 2361 560 2419 tibi,
581 2357 651 2404 fili
671 2351 959 2402 Timothee!
991 2347 1265 2396 secundum

363 2427 722 2489 praecedentes
741 2423 794 2468 in
812 2424 863 2466 te
881 2415 1191 2477 prophetias,
1214 2416 1266 2460 ut

365 2498 548 2544 milites
569 2496 622 2540 in
639 2492 740 2538 illis
759 2492 942 2536 bonam
960 2484 1206 2541 militiam,

435 2580 514 2621 19.
551 2576 738 2620 habens
785 2570 930 2616 tidem
985 2571 1036 2612 et
1084 2566 1269 2610 bonam

1371 659 1419 703 1.
1456 658 1678 702 Obsecro
1715 653 1874 711 igitur
1900 651 2116 710 primum
2146 664 2205 695 o-

1304 725 1491 771 mnium
1517 722 1627 769 fieri
1646 719 2057 777 obsecrationes,
2088 731 2204 763 ora-

1305 793 1473 837 tiones
1486 821 1501 849 ,
1520 787 1916 848 postulationes,
1936 785 2207 844 gratiarum

1307 858 1551 917 actiones,
1587 868 1681 913 pro
1722 854 1951 899 omnibus
1989 852 2204 897 homini-

1308 929 1418 983 bus,
1769 923 1776 930 '

1376 994 1423 1037 2.
1475 1002 1569 1049 pro
1603 987 1836 1046 regibus,
1874 988 1923 1032 et
1957 986 2207 1044 omnibus,

1310 1060 1396 1117 qui
1412 1058 1469 1105 in
1487 1055 1791 1103 sublimitate
1802 1056 1971 1110 suntm,
1984 1054 2045 1097 ut
2063 1053 2207 1109 quie-

1310 1130 1410 1173 tam
1430 1127 1480 1171 et
1498 1122 1819 1179 tranquillam
1836 1120 1981 1166 vitam
1996 1131 2208 1176 agamus

1312 1195 1363 1239 in
1387 1191 1523 1238 omni
1542 1190 1726 1247 pietate
1747 1191 1798 1235 et
1816 1187 2049 1233 castitate.

1380 1261 1427 1305 3.
1461 1259 1571 1303 Hoc
1592 1256 1727 1302 enim
1743 1257 1930 1301 bonum
1948 1255 2039 1311 est,
2050 1254 2101 1297 et
2118 1265 2209 1297 ac-

1316 1328 1511 1383 ceptum
1536 1337 1706 1371 coram
1742 1321 2005 1368 Salvatore
2032 1322 2207 1364 nostro

1315 1393 1452 1452 Deo,

1381 1463 1428 1505 4.
1450 1457 1535 1515 qui
1554 1469 1727 1503 omnes
1746 1454 1975 1502 homines
1988 1452 2094 1499 vult
2108 1452 2207 1497 sal·

1318 1539 1409 1572 vos
1432 1525 1541 1571 fieri
1552 1555 1567 1584 ,
1597 1526 1648 1570 et
1665 1524 1730 1568 ad
1747 1521 2061 1581 agnitionem
2075 1519 2205 1565 veri-

1312 1594 1433 1643 tatis
1454 1592 1630 1653 venire
1640 1596 1683 1634 ”-

1385 1663 1431 1705 5.
1466 1659 1605 1704 Unus
1642 1656 1777 1703 enim
1810 1656 1968 1715 Deus,
2006 1667 2128 1701 unus
2163 1654 2209 1697 et

1318 1727 1564 1780 mediator
1574 1724 1701 1770 ⁰Dei
1719 1722 2205 1781 ethominum,homo

1323 1794 1548 1841 Christus
1566 1792 1598 1837 J
1600 1804 1732 1850 esus,

1388 1864 1435 1907 6.
1470 1860 1557 1917 qui
1575 1858 1710 1904 dedit
1726 1856 2119 1915 redemptionem
2138 1867 2206 1899 se·

1322 1930 1425 1976 met
1450 1927 1611 1986 ipsum
1637 1937 1731 1984 pro
1761 1923 1995 1971 omnibus
2008 1929 2053 1984 P,
2078 1920 2209 1968 testi-

1322 1995 1547 2043 monium
1564 1992 1873 2050 temporibus
1893 1991 2019 2050 suis,

1392 2065 1439 2108 7.
1459 2062 1513 2108 in
1526 2074 1623 2119 quo
1636 2060 1829 2118 positus
1843 2073 1951 2104 sum
1966 2071 2063 2116 ego
2077 2069 2211 2115 prae·

1329 2131 1520 2176 dicator
1548 2130 1598 2174 et
1624 2125 1898 2184 Apostolus
1941 2125 2215 2184 (veritatem

1327 2198 1467 2256 dico,
1486 2208 1593 2241 non
1610 2193 1852 2252 mentior)
1884 2193 2066 2238 doctor
2092 2192 2214 2235 Gen-

1328 2265 1452 2312 tium
1469 2263 1523 2310 in
1541 2262 1636 2308 fide
1656 2262 1707 2306 et
1725 2259 1939 2306 veritate
1950 2266 1989 2306 q,

1397 2333 1443 2376 8.
1478 2329 1610 2374 Volo
1649 2340 1773 2386 ergo
1813 2327 1955 2372 viros
1996 2340 2140 2373 orare
2174 2325 2219 2369 in

1332 2397 1470 2444 omni
1487 2396 1623 2454 loco,
1642 2394 1872 2440 levantes
1892 2407 2048 2451 puras
2058 2403 2219 2438 manus

1332 2465 1443 2512 sine
1461 2465 1539 2510 ira
1559 2465 1609 2509 et
1627 2461 2011 2518 disceptatione.

1400 2535 1447 2576 9.
1484 2529 1725 2578 Similiter
1744 2531 1795 2574 et
1812 2528 2054 2574 mulieres
2076 2528 2129 2573 in
2143 2527 2223 2571 ha-

1334 2596 1441 2645 bitu
1468 2598 1677 2654 ornato,
1710 2608 1819 2641 cum
1855 2594 2159 2641 verecundia
2183 2594 2226 2636 et

1336 2665 1607 2712 sobrietate
1628 2663 1869 2708 ornantes
1889 2675 1971 2720 se,
1995 2665 2047 2708 et
2062 2675 2164 2707 non
2180 2660 2225 2704 in

1334 2732 1483 2778 tortis
1531 2730 1751 2776 crinibus
1765 2759 1779 2788 ,
1827 2731 1917 2774 aut
1952 2743 2083 2775 auro
2096 2760 2112 2788 ,
2154 2727 2227 2772 aut

1336 2797 1638 2856 margaritis,
1662 2796 1744 2842 vel
1765 2799 1905 2842 veste
1924 2797 2175 2852 pretiosa;

1404 2868 1485 2910 10.
1522 2863 1611 2910 sed
1639 2863 1773 2920 quod
1803 2863 1949 2908 decet
1986 2863 2229 2914 mulieres,

1336 2932 1685 2992 promittentes
1716 2929 1955 2988 pietatem
1976 2944 2069 2988 per
2089 2940 2230 2987 opera

1339 3003 1486 3047 bona.

369 2641 754 2696 conscientiam,
785 2648 930 2693 quam
958 2631 1156 2689 quidam
1179 2642 1268 2689 re-

369 2711 642 2768 pellentes,
671 2707 804 2753 circa
830 2702 976 2748 fidem
994 2699 1267 2754 naufraga-

371 2778 582 2833 verunt3

439 2845 518 2886 20.
556 2855 622 2887 ex
641 2841 816 2898 quibus
839 2838 916 2883 est
931 2835 1269 2893 Hymenaeus,

373 2912 427 2956 et
443 2908 731 2953 Alexander
743 2937 756 2964 ,
788 2917 914 2961 quos
932 2899 1115 2947 tradidi
1135 2901 1270 2944 sata-

372 2989 468 3022 nae
479 2967 513 3033 ἶ,
525 2977 580 3019 ut
592 2973 785 3018 discant
795 2985 899 3016 non
909 2967 1270 3026 blasphemare.

417 3091 434 3120 ἶ
451 3093 543 3131 Act.
561 3094 630 3133 Q,
654 3092 696 3124 4·
730 3091 799 3130 26,
825 3091 968 3125 9—11.
1022 3083 1044 3112 ἢ
1061 3082 1207 3120 Matth.
1234 3085 1273 3123 9,
1384 3085 1416 3104 '¹‘
1430 3077 1550 3114 Rom·
1569 3080 1635 3119 13,
1654 3079 1776 3113 1--3.
1842 3083 1865 3100 ¹⁸
1881 3079 1907 3111 2
1922 3075 2036 3111 Petr-
2053 3079 2101 3116 3,
2125 3078 2161 3111 9·
2219 3077 2233 3095 ²

371 3146 432 3180 13.
459 3143 525 3180 18,
552 3141 611 3173 11.
649 3133 741 3169 Joh.
759 3137 804 3175 3,
821 3137 878 3170 17.
927 3132 1045 3168 Rom.
1063 3135 1108 3173 3,
1135 3129 1195 3165 25.
1260 3126 1275 3153 ¹
1342 3125 1431 3162 Gal.
1447 3127 1485 3166 3,
1504 3127 1563 3159 20.
1592 3119 1690 3160 Ebr.
1707 3125 1748 3165 4,
1766 3123 1827 3158 15.
1890 3129 1914 3154 P
1935 3121 2086 3158 Matth.
2104 3123 2169 3161 20,
2182 3119 2235 3154 28.

371 3193 394 3225 1
415 3187 504 3222 Cor.
522 3186 560 3226 ⁵,
578 3185 612 3220 5.
1340 3177 1361 3209 1
1378 3169 1466 3207 Joh.
1486 3172 1523 3212 2,
1541 3172 1576 3205 1.
1593 3172 1632 3204 2.
1680 3175 1697 3202 ¹1
1716 3167 1810 3204 Act.
1828 3171 1869 3210 9,
1888 3170 1947 3205 15.
1963 3171 2028 3210 26,
2046 3171 2092 3204 16
2106 3168 2207 3201 -18.

491 3335 604 3389 Cap.
635 3330 672 3372 1.
731 3331 798 3368 13.
830 3325 968 3368 Deest
983 3324 1076 3372 fui3
1095 3323 1205 3366 ibid.
1218 3318 1570 3364 misericordiam
1592 3317 1735 3370 (deest
1752 3315 1883 3370 Dei).
1944 3319 2014 3358 14.
2036 3312 2235 3369 superab-

378 3391 563 3431 undavit
582 3389 692 3429 haec
710 3381 854 3434 gratia
873 3382 1016 3432 (deest
1032 3380 1221 3432 autem).
1282 3381 1349 3418 15.
1381 3375 1498 3428 quia.
1558 3375 1625 3414 16.
1650 3371 1707 3412 ad
1729 3371 2108 3414 deformationem
2129 3367 2234 3422 (sic).

379 3449 443 3507 20.
479 3442 739 3494 Hymenius-
838 3433 914 3498 ‘II-
976 3437 1014 3474 1.
1045 3433 1188 3493 primo
1218 3431 1423 3473 omnium.
1481 3432 1524 3470 3.
1555 3425 1789 3468 Salvatore
1816 3431 1972 3468 nostro
2002 3428 2124 3479 (voc.
2154 3423 2234 3465 Deo

377 3511 432 3538 m
453 3497 609 3540 Codice
629 3510 660 3537 a
677 3495 846 3536 recente
863 3501 1003 3531 manu
1020 3490 1249 3542 umectum
1266 3485 1367 3539 est).
1426 3487 1493 3528 10.
1515 3483 1829 3538 promittentes
1849 3482 2117 3536 pudicitiam
2130 3476 2235 3533 (sic)-
