2376 3925
338 171 438 221 30⁰

403 275 481 318 29.
505 273 558 318 Si
578 274 744 316 autem
767 283 856 315 vos
879 271 1092 328 Christi;
1114 283 1239 328 ergo

335 354 508 386 semen
555 337 822 384 Abrahae⁸
867 338 988 383 estis
1002 367 1016 395 ,
1055 350 1241 383 secun-

338 409 452 453 dum
469 405 859 465 promissionem
875 404 1138 450 haeredes.

628 503 797 555 CAP.
853 501 946 554 IV.

335 587 453 627 Ante
495 585 724 628 Christum
762 587 952 634 Judad,
1001 586 1060 626 ad
1096 585 1244 626 instar

335 640 622 696 parvulorum
639 671 652 690 ‚
716 641 818 694 lege
883 640 1241 683 continebantur.

336 697 542 740 Abrahae
582 711 747 740 uxores
786 697 871 738 duo
907 695 1096 738 foedera
1142 710 1242 740 cum

613 754 712 796 Deo
740 754 957 795 indicant.

405 833 451 874 1.
489 831 616 876 Dico
647 831 838 876 autem:
882 829 1082 882 Quanto
1112 831 1241 874 tem-

337 911 463 954 pore
490 899 669 943 haeres
699 896 938 954 parvulus
971 899 1074 954 est,
1113 895 1242 941 nihil

338 965 506 1010 differt
532 979 560 1009 a
581 978 729 1010 servo
743 995 757 1022 ,
791 978 904 1010 cum
921 964 989 1010 sit
1008 964 1241 1010 dominus

339 1033 588 1088 omnium3

404 1101 448 1143 2.
487 1099 574 1144 sed
593 1101 683 1144 sub
711 1099 960 1144 tutoribus
981 1101 1032 1143 et
1049 1098 1241 1144 actori-

335 1167 426 1211 bus
437 1169 680 1222 estusque
693 1166 756 1211 ad
774 1166 1090 1224 praefinitum
1110 1168 1241 1211 tem-

335 1247 427 1289 pus
448 1247 477 1278 a
499 1236 656 1290 patre.

403 1301 448 1345 3.
469 1303 544 1345 Ita
563 1303 614 1347 et
631 1314 726 1346 nos
748 1315 859 1347 cum
879 1313 1101 1346 essemus
1121 1312 1242 1357 par-

337 1367 459 1426 vuli,
471 1371 559 1414 sub
573 1367 834 1414 elementis
851 1368 1023 1412 mundi
1043 1379 1240 1412 eramus

336 1435 617 1480 servientes
629 1440 678 1476 7.

400 1503 447 1546 4.
483 1503 548 1545 At
571 1501 654 1546 ubi
673 1501 814 1546 venit
831 1500 1092 1556 plenitudo
1108 1503 1238 1545 tem-

333 1568 499 1625 poris.
529 1568 666 1612 misit
694 1567 830 1612 Deus
859 1566 1046 1611 Filium
1075 1580 1237 1625 suum,

332 1637 517 1682 factum
555 1649 622 1681 ex
657 1634 886 1694 muliere,
929 1637 1117 1680 factum
1146 1637 1238 1680 snb

331 1701 508 1761 lege‘;

399 1775 444 1817 5.
481 1773 538 1816 ut
563 1785 679 1830 eos,
710 1770 795 1828 qui
824 1773 912 1816 sub
939 1770 1054 1828 lege
1075 1771 1239 1830 erant,

331 1839 616 1897 redimeret,
653 1840 710 1885 ut
744 1839 1066 1896 adoptionem
1105 1839 1239 1884 filio-

330 1921 439 1952 rum
461 1908 801 1965 reciperemus
817 1913 856 1950 α.

398 1978 444 2019 6.
484 1976 738 2027 Quoniam
766 1978 931 2020 autem
970 1974 1090 2019 estis
1128 1974 1235 2032 filii,

330 2041 465 2085 misit
490 2042 628 2086 Deus
661 2041 899 2097 Spiritum
928 2040 1045 2085 Filii
1072 2041 1152 2085 sui
1181 2041 1235 2084 in

332 2107 485 2152 corda
514 2111 682 2152 vestra
713 2106 1038 2152 clamantem:
1077 2108 1233 2165 Abba,

331 2174 496 2217 Pater.

396 2240 441 2283 7.
479 2240 652 2294 ltaque
677 2237 784 2293 jam
813 2251 917 2283 non
939 2240 1015 2284 est
1035 2250 1233 2298 servus,

328 2306 416 2352 sed
436 2305 581 2351 filius.
631 2304 777 2359 Quod
797 2306 839 2351 si
859 2306 1016 2364 filius3
1039 2310 1090 2352 et
1110 2308 1233 2353 hae-

325 2388 409 2420 res
429 2386 520 2430 per
538 2373 717 2418 Deum.

394 2444 440 2487 8.
480 2440 578 2487 Sed
606 2444 726 2487 tunc
757 2439 956 2497 quidem
984 2440 1231 2498 ignoran-

324 2514 401 2555 tes
414 2510 591 2567 Deum,
606 2508 668 2554 iis
688 2508 774 2566 qui
793 2510 972 2555 natura
990 2523 1098 2556 non
1117 2512 1235 2556 sunt

327 2578 411 2633 dii,
433 2576 747 2623 serviebatis.

393 2646 437 2689 9.
473 2646 618 2691 Nunc
637 2647 803 2689 autem
829 2658 940 2690 cum
969 2657 1231 2701 cognove-

323 2712 434 2755 ritis
453 2712 641 2770 Deum;
671 2713 820 2757 immo
853 2711 1045 2769 cogniti
1071 2711 1180 2757 sitis
1202 2725 1232 2758 a

324 2777 462 2833 Deo;
484 2780 734 2834 quomodo
757 2778 1112 2825 convertimini
1133 2780 1229 2825 ite-

323 2857 434 2889 rum
455 2845 516 2888 ad
534 2846 731 2892 infirma
751 2849 803 2893 et
822 2859 983 2904 egena
1004 2846 1229 2892 elemen-

325 2903 425 2968 tab,
445 2912 621 2966 quibus
642 2913 807 2959 denuo
829 2914 1024 2959 servire
1049 2914 1229 2959 vultis?

392 2978 471 3022 10.
506 2978 628 3024 Dies
659 2982 968 3041 observatis,
1005 2982 1056 3027 et
1084 2995 1228 3027 men-

325 3060 424 3105 ses,
446 3048 497 3091 et
515 3047 760 3105 tempora,
782 3051 833 3093 et
851 3062 1014 3095 annos
1023 3056 1058 3093 0.

371 3150 397 3167 ἃ·
415 3142 529 3177 Rom.
548 3146 584 3183 9,
603 3144 639 3178 8.
688 3149 712 3175 r
732 3153 763 3178 c.
782 3146 819 3184 3,
837 3147 896 3181 23.
918 3154 978 3190 sq.
1013 3142 1100 3179 Col.
1119 3147 1158 3187 2,
1169 3147 1228 3181 17.

323 3197 341 3214 =
361 3188 504 3226 Mauh.
521 3192 558 3230 3,
578 3190 635 3224 15.
682 3195 703 3213 a
720 3187 810 3224 Joh.
829 3193 866 3232 3,
887 3194 946 3226 16.
965 3193 1003 3229 8,
1023 3194 1082 3227 35.
1110 3190 1227 3227 Rom.
1294 3193 1335 3233 4,
1352 3196 1391 3229 3.
1437 3188 1463 3223 f
1480 3196 1502 3227 1
1522 3192 1611 3227 Cor.
1629 3196 1669 3235 4,
1689 3193 1749 3230 15.

322 3239 359 3275 8,
379 3239 546 3272 15—17.
595 3232 612 3261 ὅ
632 3232 718 3269 Col.
737 3238 775 3276 2,
796 3238 856 3271 20.
903 3242 920 3261 θ
940 3236 1024 3273 Col.
1044 3240 1082 3279 2,
1101 3240 1160 3274 16.

439 3382 549 3436 Cap.
581 3382 669 3424 111.
728 3384 796 3423 29.
828 3381 1038 3423 Abrahae
1067 3396 1231 3427 semen.

555 166 914 219 EPISTOLA
947 167 1162 218 PAULI
1198 167 1294 216 AD
1334 166 1678 218 GALATAS.
1717 164 1866 216 CAP.
1891 165 1939 215 3.
1963 166 2015 216 4.

1380 271 1459 313 11.
1498 270 1676 315 Timeo
1708 282 1826 327 vos,
1852 282 1921 315 ne
1950 271 2096 315 forte
2116 271 2223 316 sine

1312 349 1461 382 causa
1479 336 1820 382 laboraverim
1837 335 1891 381 in
1912 337 2081 382 vobis.

1378 405 1456 448 12.
1492 404 1673 448 Estote
1701 403 1832 449 sicut
1859 416 1987 463 ego,
2024 405 2149 460 quia
2176 409 2223 450 et

1312 483 1407 528 ego
1438 470 1569 516 sicut
1596 483 1718 528 vos3
1755 470 1965 516 fratres!
2004 473 2219 518 obsecro

1313 551 1422 595 vos,
1443 537 1571 582 nihil
1588 551 1667 582 me
1687 537 1925 584 laesistis.

1379 606 1459 650 13.
1498 605 1647 652 Scitis
1666 606 1835 650 autem
1847 636 1863 663 ,
1893 605 2009 661 quia
2026 619 2119 662 per
2138 607 2218 650 in-

1311 665 1637 718 firmitatemd
1667 672 1835 717 carnis
1866 672 2219 730 evangelizavi

1314 740 1454 785 vobis
1471 738 1768 798 jampridem
1780 771 1797 798 ,
1818 741 1871 785 et
1888 741 2217 786 tentationem

1312 809 1531 852 vestram
1550 807 1603 852 in
1624 820 1774 852 carne
1796 820 1924 852 mea.

1376 876 1457 918 14.
1493 875 1612 919 Non
1642 875 1925 933 sprevistis,
1946 887 2114 930 neque
2132 889 2211 920 re-

1310 941 1541 999 spuistis;
1573 941 1660 987 sed
1688 942 1819 987 sicut
1846 942 2093 1000 Angelum
2120 942 2212 987 Dei

1310 1009 1582 1067 excepistis
1601 1023 1697 1068 me,
1720 1009 1849 1055 sicut
1868 1008 2117 1054 Christum
2126 1011 2211 1056 Je-

1310 1090 1434 1122 sum.

1376 1145 1456 1188 15.
1493 1143 1587 1189 Ubi
1610 1144 1687 1188 est
1707 1156 1832 1201 ergo
1847 1142 2093 1189 beatitudo
2122 1158 2207 1190 ve-

1309 1211 1445 1256 strate
1484 1210 1853 1258 Testimonium
1878 1210 2005 1256 enim
2032 1212 2207 1267 perhi-

1310 1281 1403 1323 beo
1426 1276 1598 1334 vobis;
1639 1278 1783 1337 quia,
1815 1279 1857 1323 si
1884 1277 1990 1324 fieri
2016 1283 2204 1336 posset,

1310 1345 1486 1390 oculos
1518 1349 1716 1390 vestros
1744 1345 2027 1403 eruissetis,
2048 1348 2097 1390 et
2116 1345 2203 1389 de-

1309 1412 1509 1458 dissetis
1529 1411 1668 1457 mihi.

1376 1481 1455 1524 16.
1491 1478 1631 1536 Ergo
1646 1479 1878 1526 inimicus
1894 1481 2033 1526 vobis
2050 1481 2200 1525 factus

1308 1559 1434 1605 sum,
1459 1551 1662 1592 verume
1683 1547 1855 1592 dicens
1877 1548 2051 1592 vobis?

1376 1615 1455 1658 17.
1477 1614 1805 1660 Aemulantur
1822 1627 1911 1660 vos
1932 1628 2035 1660 non
2054 1617 2195 1668 bene,

1308 1681 1396 1726 sed
1416 1680 1687 1728 excludere
1707 1695 1800 1728 vos
1816 1682 2009 1740 volunt,
2020 1686 2073 1727 ut
2091 1681 2197 1727 illos

1306 1747 1643 1794 aemulemini.

1374 1818 1454 1860 18.
1488 1816 1684 1861 Bonum
1704 1818 1873 1862 antem
1892 1816 2196 1863 aemulamini

1305 1883 1361 1928 in
1378 1885 1515 1929 bono
1550 1897 1775 1941 semper3
1807 1887 1859 1930 et
1886 1897 1991 1930 non
2018 1887 2193 1930 tantum

1307 1966 1417 1997 cum
1438 1965 1679 2009 praesens
1699 1966 1809 1998 sum
1830 1952 1960 2010 apud
1982 1966 2084 1998 vos.

1372 2020 1451 2063 19.
1487 2019 1663 2065 Filioli
1697 2019 1819 2065 mei!
1868 2033 1994 2076 quos
2031 2020 2191 2065 iterum

1304 2077 1586 2144 parturios,
1601 2086 1763 2133 donec
1772 2089 2050 2133 formetur-8
2060 2087 2189 2131 Chri-

1304 2155 1411 2198 stus
1428 2154 1482 2198 in
1507 2154 1665 2199 vobis.

1371 2222 1449 2266 20.
1463 2220 1657 2266 Vellem
1670 2223 1837 2266 autem
1850 2234 1963 2267 esse
1974 2221 2098 2278 apud
2112 2232 2187 2263 vos

1301 2288 1471 2346 modo,
1502 2291 1552 2334 et
1579 2291 1773 2333 mutare
1815 2302 1993 2334 vocem
2020 2300 2185 2340 meam,

1302 2354 1538 2409 quoniam
1558 2356 1846 2401 confundor
1865 2356 1920 2401 in
1939 2356 2091 2401 vobis.

1368 2424 1449 2466 21.
1485 2423 1651 2468 Dicite
1688 2424 1812 2468 mihi
1848 2424 1933 2479 qui
1970 2425 2057 2469 sub
2088 2422 2186 2478 lege

1303 2488 1453 2533 vultis
1476 2504 1606 2549 esse,
1627 2489 1793 2548 legem
1812 2504 1917 2535 non
1939 2489 2155 2549 legistis?

1368 2557 1448 2601 22.
1464 2558 1715 2615 Scriptum
1725 2560 1802 2603 est
1813 2558 1949 2604 enim
1962 2570 1973 2603 ε
1988 2557 2186 2616 „Quon-

1298 2622 1435 2681 „iam
1446 2624 1695 2670 Abraham
1709 2624 1835 2670 duos
1856 2625 1987 2670 filios
2007 2622 2186 2675 habuit3

1302 2704 1493 2748 „unum
1513 2692 1573 2737 de
1593 2692 1795 2751 ancilla,
1818 2695 1870 2737 et
1890 2706 2043 2739 unum
2061 2691 2117 2736 de
2134 2688 2187 2733 li-

1300 2757 1497 2817 „bera“
1510 2752 1552 2804 ἢ.

1367 2826 1446 2870 23.
1484 2825 1582 2872 Sed
1604 2826 1689 2883 qui
1709 2824 1769 2871 de
1790 2826 2001 2885 ancilla,
2024 2836 2188 2871 secun-

1300 2892 1413 2937 dum
1443 2906 1645 2939 carnem
1673 2897 1821 2939 natus
1853 2896 1957 2949 est;
1998 2892 2080 2949 qui
2108 2904 2188 2935 au-

1297 2964 1398 3005 tem
1418 2960 1479 3006 de
1507 2960 1694 3020 libera,
1722 2973 1816 3017 per
1844 2958 2190 3017 repromissio-

1300 3040 1433 3072 nem.

1341 3144 1362 3171 d
1379 3150 1399 3181 1
1420 3143 1507 3181 Cor.
1526 3148 1572 3188 2,
1590 3150 1626 3183 3.
1649 3144 1741 3183 Act.
1762 3148 1832 3187 14,
1852 3149 1976 3184 5—7.
2022 3154 2038 3172 ε
2054 3149 2079 3180 2
2095 3143 2191 3178 Tim.

1800 3197 1826 3227 ὅ
1845 3204 1880 3230 c.
1897 3196 1934 3235 2,
1955 3196 2013 3229 20.
2060 3190 2079 3217 ¹¹
2099 3191 2193 3225 Gen.

1296 3241 1355 3281 16,
1370 3243 1404 3274 1.
1424 3249 1511 3286 sqq.
1529 3250 1565 3274 c.
1584 3242 1645 3281 21,
1664 3244 1699 3278 1.
1719 3250 1802 3286 sqq.

1354 3386 1437 3427 IV·
1505 3393 1545 3430 2.
1585 3388 1665 3431 secl
1696 3390 1776 3431 sub
1808 3390 2032 3431 tutoribus
2060 3394 2129 3429 est
2156 3390 2199 3427 et

323 3438 549 3479 actoribus
569 3450 721 3490 usque.
781 3439 821 3477 6.
843 3438 889 3476 in
909 3438 1043 3477 corda
1063 3446 1232 3481 nostra.
1293 3444 1333 3481 7.
1356 3456 1445 3485 non
1464 3458 1515 3486 es
1534 3458 1703 3487 servus.
1763 3448 1804 3485 8.
1836 3444 1910 3487 his
1930 3445 2005 3499 qui
2024 3448 2195 3486 natura.

1810 3507 1825 3526 .

329 3494 398 3529 12.
427 3497 571 3534 estote
593 3494 708 3535 sicut
724 3496 770 3533 et
790 3504 886 3542 03⁰·
