2376 3925
323 153 360 194 L
751 147 964 194 slx'rl
1011 147 1285 199 QUINTI
1327 147 1763 196 PRAEFATIO.

321 281 416 328 mis
441 281 701 327 Hebraeae
736 275 939 334 linguae
967 275 1251 336 magistris:
1310 288 1417 321 non
1456 274 1591 320 enim
1622 289 1727 326 uno
1760 280 1929 338 aliquo
1954 283 2185 334 Doctore

323 366 589 412 contentus
608 362 728 420 fuit,
749 361 838 406 sed
855 360 1098 418 plurimos
1111 390 1126 418 ‚
1156 373 1345 416 eosque
1366 357 1729 408 eruditissimos
1747 363 2036 414 adhibebat:
2070 382 2182 416 non

321 459 490 496 rerum
508 445 656 492 modo
669 475 683 504 ‚
713 457 889 491 verum
917 443 1064 490 etiam
1093 443 1352 490 nominum
1370 441 1574 489 sedulus
1590 442 1869 500 indagator,
1939 451 2181 504 quinimo

322 535 374 578 et
389 531 506 577 loca
521 530 648 589 ipsa,
669 541 796 586 quae
815 528 869 574 in
887 527 1147 584 scripturis
1166 538 1320 584 saepe
1338 529 1817 588 commemorantur,
1834 532 2077 595 impegit,
2094 536 2179 582 ffl-

321 629 416 672 que
442 615 506 661 ad
523 612 907 672 intelligentiam
923 611 1285 668 scripturarum
1304 623 1619 668 summopere
1638 610 1735 657 sibi
1753 618 2001 669 prumiae
2018 621 2179 668 293¹,-

319 703 402 746 tur
419 700 485 758 a).
554 698 862 752 Quicumque
888 694 1042 753 igitur
1069 695 1200 740 tanti
1222 695 1515 752 interpretis
1533 694 1874 756 sanctitatem,
1898 702 2179 765 ingenium,

321 782 672 840 eruditionem,
692 778 968 837 solertiam,
985 777 1281 838 Magistros,
1301 779 1521 838 labores,
1540 779 1683 839 illud,
1704 779 1759 826 in
1776 793 1875 837 quo
1898 785 2036 845 vixit,
2059 773 2192 835 aa...

321 869 502 926 culum,
525 878 634 913 cum
651 863 937 921 linguarum
955 862 1176 908 omnium
1187 893 1207 919 ‚
1235 876 1294 910 ac
1312 864 1611 922 praesertim
1626 864 1885 926 Hebraeae
1905 865 2064 916 studia,
2076 872 2177 916 flo-

319 953 517 1009 rerent,
545 948 812 1005 diligenter
840 946 1206 1005 προείποι-ἱείς
1242 947 1391 994 facile
1405 946 1649 1005 judicium
1666 947 1967 994 damnabunt
1984 962 2175 1015 eorum,

319 1037 404 1093 qui
427 1037 514 1081 aut
537 1037 639 1078 tam
665 1030 840 1078 eximii
867 1030 1092 1077 doctoris
1118 1030 1553 1078 lucubrationibus
1580 1045 1688 1078 non
1716 1031 2065 1090 acquiescunt,
2082 1042 2175 1086 aut

319 1119 466 1164 etiam
485 1115 724 1174 meliora,
745 1128 832 1162 seu
851 1115 994 1173 paria
1011 1116 1271 1173 praestare
1290 1128 1346 1160 se
1363 1127 1515 1172 posse
1535 1117 1805 1162 confidunt.
1871 1115 2034 1162 Multo
2054 1129 2175 1170 sane

315 1201 504 1248 rectius
529 1203 730 1246 sanctus
758 1200 1009 1258 Isidorus,
1037 1199 1343 1245 venerabilis
1372 1199 1506 1246 Beda
1532 1201 1827 1259 Presbyter,
1856 1201 2057 1246 sanctus
2074 1200 2179 1248 Re-

315 1285 513 1343 migius,
533 1283 790 1343 Alcuinus‚
809 1283 1144 1342 Fortunatus,
1162 1283 1396 1329 Rabanus
1414 1284 1647 1342 Maurus,
1669 1287 1869 1330 sanctus
1888 1284 2179 1344 Anselmus,

315 1374 359 1416 b.
379 1367 680 1427 Bernardus,
699 1369 913 1427 Haymo,
929 1367 1225 1426 Richardus,
1246 1371 1299 1414 et
1312 1367 1463 1424 Ilugo
1472 1367 1747 1426 Victorini,
1767 1368 1947 1414 Petrus
1968 1367 2179 1418 Clunia-

315 1453 506 1512 censis‚
535 1453 783 1510 Repertus
801 1453 992 1510 Abba,
1029 1451 1217 1507 aliique
1242 1450 1526 1509 complures
1557 1451 1754 1510 egregii
1784 1451 2043 1511 doctores,
2086 1453 2177 1510 qui

313 1551 403 1595 per
423 1536 558 1582 mille
584 1535 766 1582 abhinc
785 1548 947 1581 annos
977 1535 1032 1580 in
1049 1534 1285 1581 Ecclesia
1303 1534 1613 1593 claruerunt,
1632 1535 1718 1591 qui
1738 1534 2034 1595 Hieronymi
2056 1549 2177 1584 ver-

313 1623 458 1669 sione
478 1621 549 1666 ita
570 1621 624 1666 in
645 1619 872 1666 omnibus
893 1618 1333 1676 disputationibus,
1350 1619 1771 1678 enarrationibus,
1794 1619 2177 1666 declamationi-

313 1710 404 1754 bus
417 1706 498 1753 usi
505 1708 641 1763 sunt,
671 1707 730 1751 ut
757 1704 976 1763 ceterae,
989 1716 1117 1760 quse
1126 1716 1259 1761 pene
1272 1702 1663 1751 innumerabiles
1675 1706 1835 1762 erant,
1847 1705 1989 1762 quasi
1999 1704 2177 1762 lapsae

314 1792 374 1839 de
403 1789 763 1838 catholicorum
789 1788 994 1833 Petrum
1017 1787 1247 1835 manibus
1277 1787 1639 1834 obsoleverint.
1706 1786 1927 1845 Ideoque
1954 1789 2173 1846 legimns

313 1875 444 1935 apud
469 1876 694 1921 sanctum
720 1871 966 1918 Isidorum
985 1864 1060 1931 ὅ),
1099 1872 1338 1928 quoniam
1370 1872 1431 1918 de
1456 1873 1689 1919 Hebraeo
1716 1872 1772 1918 in
1796 1872 2028 1918 Latinum
2057 1871 2171 1920 elo—

311 1961 482 2019 quium
509 1964 710 2007 sanctus
737 1955 1082 2004 tantummodo
1097 1955 1439 2014 Hieronymus
1468 1970 1636 2003 sacras
1655 1956 1929 2015 scripturas
1950 1969 2168 2003 conver-

307 2044 391 2102 tit,
430 2044 540 2099 eius
571 2042 794 2088 editione
830 2038 1137 2097 generaliter
1175 2051 1349 2085 omnes
1376 2039 1633 2087 Ecclesias
1670 2053 2025 2098 usquequaque
2076 2041 2172 2098 uti,

311 2139 373 2173 eo
403 2124 536 2183 quod
564 2122 794 2171 veracior
823 2124 901 2168 est
928 2122 982 2166 in
1007 2120 1301 2179 sententiis,
1332 2122 1383 2167 et
1410 2121 1597 2169 clarior
1626 2124 1680 2170 in
1714 2125 1895 2172 verbis.
1966 2124 2033 2171 Et
2050 2128 2171 2171 ante

309 2208 556 2255 Isidorum
577 2209 623 2254 b.
651 2205 927 2263 Gregorius
955 2207 1170 2263 Magnus
1187 2205 1233 2263 ι·)
1260 2206 1370 2251 fere
1402 2205 1533 2252 idem
1563 2210 1805 2255 senserat.
1874 2208 1981 2254 Nec
1998 2207 2173 2254 Latini

307 2292 458 2340 modo
477 2292 678 2349 Patres,
705 2290 796 2337 sed
812 2289 1030 2335 Hebraei
1057 2302 1257 2346 quoque
1277 2290 1554 2347 Graecique
1573 2305 1685 2337 cum
1704 2292 1915 2338 Latinos
1934 2291 2065 2338 alios
2083 2291 2171 2337 in-

308 2378 555 2436 terpretes
584 2373 873 2433 negligant,
899 2376 988 2419 aut
1009 2373 1274 2433 ignorent,
1293 2374 1656 2433 Hieronymum
1674 2378 1843 2423 tamen
1862 2374 2171 2433 amplissimo

309 2474 404 2509 sno
429 2458 721 2508 testimonio
735 2489 751 2516 ‚
789 2460 842 2503 et
864 2457 1063 2504 honore
1095 2456 1299 2515 dignum
1318 2470 1430 2505 esse
1449 2460 1769 2505 censuerunt.
1834 2459 1963 2505 Nam
1982 2458 2043 2505 de
2062 2460 2171 2507 He-

307 2546 471 2594 braeis
491 2545 621 2592 idem
639 2541 948 2599 Augustinus
967 2533 1046 2599 ¹²):
1094 2540 1154 2588 de
1175 2542 1382 2588 Graecis
1409 2545 1573 2588 autem
1592 2542 1805 2600 ipsemet
1822 2545 2024 2589 sanctus
2042 2542 2172 2589 Hie-

305 2642 548 2689 ronymus
574 2625 775 2681 scribit,
803 2638 836 2670 a
863 2625 1154 2683 Sophronia
1185 2626 1297 2671 viro
1328 2625 1513 2683 optime
1542 2625 1739 2672 erudito
1759 2626 2087 2686 Psalterium‚
2120 2630 2173 2673 et

303 2713 591 2770 propbetas,
611 2722 738 2768 quos
754 2709 1092 2769 Hieronymus
1109 2709 1152 2767 θ)
1183 2722 1249 2756 ex
1268 2710 1499 2756 Hebraeo
1519 2709 1573 2756 in
1590 2710 1823 2757 Latinum
1844 2713 2093 2770 verterat,
2113 2711 2169 2757 in

305 2795 549 2841 Graecum
567 2794 788 2853 eleganti
804 2806 1039 2840 sermone
1056 2791 1329 2838 translatos
1348 2793 1520 2840 fuisse.
1590 2794 2017 2847 Quemadmodum
2036 2807 2165 2853 ergo

303 2878 552 2924 laudabile
577 2882 681 2936 est,
709 2878 1006 2936 ubicumque
1029 2876 1196 2922 nostri
1214 2876 1411 2923 codices
1440 2877 1539 2935 ipsi
1564 2891 1655 2937 per
1673 2891 1729 2925 se
1756 2882 1844 2925 aut
1870 2876 2158 2936 conciliari,

301 2965 388 3031 sut
404 2960 620 3019 intelligi
638 2972 745 3007 non
762 2964 998 3021 possunt,
1023 2960 1309 3020 linguarum
1338 2963 1658 3009 externarum
1678 2960 1931 3021 praesidia
1947 2973 2164 3018 quaere·—

301 3059 384 3102 re;
420 3045 516 3103 ita,
547 3056 658 3091 cum
675 3044 732 3089 id
745 3046 1084 3093 necessarium
1103 3058 1211 3093 non
1230 3048 1333 3105 est,
1362 3046 1631 3093 levissimis
1650 3046 1712 3093 de
1732 3045 1895 3093 causis
1912 3045 2166 3103 majorum

412 3276 462 3327 n)
494 3274 548 3315 In
567 3272 763 3328 praefat.
785 3272 892 3315 libri
911 3272 1186 3329 Paralipom.
1219 3277 1278 3318 sd
1296 3276 1592 3318 Domnionem
1619 3280 1666 3318 et
1693 3274 2006 3327 Rogatianum.
2028 3275 2149 3317 Toni

300 3352 340 3388 3.
401 3348 450 3399 ὁ)
482 3345 582 3386 Lib.
605 3348 643 3386 1.
667 3344 721 3386 de
743 3345 908 3386 officiis
927 3345 1090 3388 divinis
1109 3360 1208 3402 cap.
1232 3352 1297 3390 12.
1356 3348 1401 3402 c)
1423 3348 1523 3389 Lib.
1545 3351 1613 3390 20·
1635 3344 1792 3389 Morsl.
1814 3359 1915 3403 esp.
1936 3351 2005 3389 24.
2028 3346 2162 3389 Tom-

301 3422 342 3459 2-
403 3420 451 3471 d)
484 3417 585 3459 Lib.
615 3420 682 3458 ¹8.
711 3416 768 3458 de
797 3417 914 3459 civit.
942 3416 1029 3459 Dei
1059 3428 1158 3473 cap·
1179 3422 1249 3462 43.
1275 3419 1408 3463 Tem.
1428 3424 1469 3463 5.
1525 3420 1569 3475 c)
1599 3420 1669 3462 De
1698 3420 1807 3461 viris
1834 3418 2089 3461 illustribus
2117 3421 2163 3461 iu

301 3487 566 3544 Sophronio.
