2376 3925
314 171 413 221 216

314 273 522 320 lictores
542 276 695 319 verba
710 273 851 319 haec.
890 274 1214 318 Timuerunt-

318 354 413 396 que
434 341 621 398 audito,
644 340 776 396 quod
794 340 1008 386 Romani
1026 341 1213 396 essent,

385 408 463 452 39.
500 410 551 452 et
562 407 823 453 venientes
835 407 1091 464 deprecati
1098 405 1216 451 sunt

319 485 407 519 eos
419 504 433 532 ,
471 476 523 519 et
548 473 817 520 educentes
852 475 1123 532 rogabant,
1160 474 1218 518 ut

320 540 681 598 egrederentur
700 541 761 587 de
779 543 921 587 urbe.

383 609 464 652 40.
497 607 758 654 Exeuntes
776 611 942 653 autem
960 607 1022 652 de
1040 618 1216 652 carce-

317 687 401 732 re,
428 674 734 721 introierunt
768 674 827 720 ad
860 673 1127 732 Lydiam‘13
1166 675 1218 718 et

318 741 441 786 visis
452 742 707 799 fratribus,
720 740 970 787 consolati
978 744 1095 788 sunt
1106 753 1214 800 eos,

320 811 369 854 et
386 809 601 866 profecti
618 811 748 854 sunt.

569 956 737 1006 CAP.
791 955 960 1008 xvn.

320 1053 670 1096 Thessalonicae
690 1060 737 1097 et
754 1055 953 1099 Beroeae
979 1067 1009 1096 a
1028 1055 1218 1096 Judaeis

320 1112 549 1152 excitatur
576 1111 791 1153 adversus
820 1111 1013 1153 Paulum
1034 1111 1213 1154 seditio·

318 1165 507 1208 Athenis
534 1165 765 1220 apostolus
790 1169 929 1210 verba
956 1165 1216 1218 evangelica

318 1222 433 1264 facit
458 1227 505 1264 et
531 1222 796 1274 Dionysium
816 1223 1137 1277 Areopagitam
1157 1223 1217 1263 ad

571 1278 797 1321 Christum
828 1279 965 1320 ducit.

387 1374 433 1416 1.
472 1374 594 1416 Cum
613 1374 777 1417 autem
788 1370 1217 1428 perambulassent

318 1438 670 1495 Amphipolim,
693 1441 744 1482 et
760 1437 1099 1495 Apolloniam,
1124 1450 1214 1480 ve-

316 1507 503 1549 nerunt
532 1503 968 1561 Thessalonicam,
997 1503 1080 1549 ubi
1108 1505 1217 1548 erat

318 1583 578 1629 synagoga
593 1570 915 1616 Iudaeorum.

382 1640 431 1684 2.
468 1638 746 1684 Secundum
773 1637 1216 1684 consuetudinem?

320 1708 485 1752 autem
502 1705 686 1752 Paulus
707 1705 937 1751 introivit
955 1705 1018 1750 ad
1036 1717 1143 1764 eos,
1165 1707 1217 1750 et

317 1787 408 1831 per
426 1775 629 1820 sabbata
646 1773 745 1819 tria
763 1773 1040 1819 disserebat
1060 1772 1133 1818 eis
1154 1771 1214 1816 de

318 1841 606 1900 Scripturis‚

382 1909 427 1952 3.
482 1908 778 1966 adaperiens
832 1910 885 1953 et
933 1906 1212 1965 insinuans,

315 1976 431 2030 quia
458 1976 707 2021 Christum
736 1974 962 2032 oportuit
997 1974 1127 2032 pati,
1164 1977 1216 2019 et

313 2053 582 2097 resurgere
602 2054 633 2084 a
648 2042 915 2097 mortuis⁸;
930 2042 980 2085 et
998 2040 1114 2095 quia
1132 2040 1212 2085 hic

316 2108 393 2151 est
426 2108 457 2149 J
460 2120 574 2151 esus
613 2104 893 2164 Christus‘,
931 2119 1075 2161 quem
1114 2120 1212 2163 ego

315 2172 567 2217 annuncio
586 2172 746 2217 vobis.

378 2239 424 2281 4.
459 2238 526 2284 Et
558 2237 755 2295 quidam
783 2252 850 2285 ex
878 2239 953 2285 eis
982 2240 1209 2286 credide-

310 2308 457 2364 runt,
496 2308 545 2350 et
572 2304 794 2362 adjuncti
823 2308 941 2352 sunt
964 2307 1122 2353 Paulo
1161 2312 1213 2353 et

312 2373 508 2431 sumzu,
536 2374 587 2418 et
612 2372 672 2417 de
692 2372 972 2420 colentibus
993 2375 1210 2421 Gentili-

312 2443 499 2496 busque
510 2448 536 2469 ⁹
545 2439 807 2486 multitudo
819 2454 1017 2501 magna,
1029 2444 1080 2488 et
1096 2456 1210 2488 mu·-

310 2507 461 2554 lieres
481 2506 676 2553 nobiles
697 2521 802 2553 non
820 2522 1023 2567 paucae.

377 2578 421 2619 5.
459 2575 694 2621 Zelantes
714 2579 879 2621 autem
897 2577 1075 2622 Judaei
1088 2607 1102 2635 ,
1124 2590 1208 2621 as-

312 2646 658 2699 sumentesque
670 2641 729 2687 de
741 2642 895 2699 vulgo
904 2643 1043 2688 viros
1054 2657 1208 2699 quos-

313 2705 421 2751 dam
440 2709 599 2754 malos
614 2740 627 2767 ,
650 2712 701 2754 et
717 2710 861 2756 turba
880 2710 1013 2755 facta
1031 2710 1207 2756 conci-

310 2776 542 2819 taverunt
569 2776 847 2835 civitatem3
886 2779 937 2823 et
964 2777 1206 2823 assisten-

309 2842 384 2883 tes
422 2839 591 2887 domui
628 2844 831 2890 Iasonis
844 2875 859 2903 ,
898 2847 1206 2901 quaerebant

309 2917 395 2949 eos
416 2905 693 2962 producere
713 2911 765 2955 in
783 2911 1037 2969 populum.

376 2974 420 3015 6.
441 2971 507 3017 Et
526 2986 636 3018 cum
654 2988 758 3021 non
770 2978 1085 3025 invenissent
1096 2992 1203 3037 eos,

308 3039 572 3085 trahebant
606 3040 845 3089 Jasonem
880 3048 931 3091 et
964 3046 1206 3103 quosdam

355 3142 371 3168 ⁴1
389 3146 427 3171 v.
448 3138 509 3170 14.
557 3140 574 3158 ¹·
594 3147 627 3169 c.
644 3138 703 3177 13,
720 3140 781 3173 14.
827 3144 845 3163 ³
859 3138 961 3176 Luc.
979 3144 1043 3184 24,
1061 3144 1122 3179 26.
1139 3144 1203 3179 46.

304 3184 515 3269 {EQ-22.
563 3186 586 3205 ²⁸
604 3191 637 3215 ο.
657 3184 725 3223 1⁵,
752 3184 812 3217 22.
859 3189 881 3208 ν
898 3196 933 3219 c.
954 3188 1023 3229 14,
1050 3191 1084 3224 1.
1113 3186 1208 3225 1011.-

420 3372 533 3426 Cap.
562 3368 693 3411 XVI.
756 3374 826 3413 39.
865 3379 916 3415 ut
944 3380 991 3417 et
1016 3380 1336 3429 egrederentur
1363 3384 1528 3425 urbem-

306 3424 454 3467 Jesus.

544 171 810 222 AcTUS
846 167 1496 221 APOSTOLORUM.
1553 166 1721 217 CAP.
1761 166 1842 217 16.
1863 169 1948 217 1¹1.

1281 271 1462 315 fratres
1481 267 1544 312 ad
1554 268 1808 325 principes
1829 270 2064 330 civitatis,
2076 274 2174 318 cla-

1281 337 1497 380 mantes:
1531 335 1781 388 Quoniam
1797 336 1877 395 hi,
1907 339 1996 394 qui
2013 342 2178 386 urbem

1284 402 1537 449 concitant
1545 407 1601 460 W,
1623 405 1676 448 et
1691 403 1788 448 huc
1806 410 2073 464 venerunt,

1348 469 1394 513 7.
1431 482 1557 525 quos
1587 470 1810 526 suscepit
1838 470 2024 531 Iason,
2055 477 2104 518 et
2129 475 2177 518 hi

1284 549 1456 580 omnes
1495 537 1675 581 contra
1715 536 1920 584 decreta
1957 541 2177 586 Caesaris

1283 603 1491 660 faciunt,
1529 609 1738 660 regem-⁹
1773 604 1929 651 alium
1967 606 2176 653 dicentes

1283 683 1413 728 esse,
1432 670 1463 714 J
1466 683 1620 715 esum.

1350 738 1397 780 8.
1435 737 1833 782 concitaverunt
1868 744 2036 784 autem
2075 741 2176 798 ple-

1282 805 1410 861 bem,
1433 806 1484 848 et
1501 804 1756 862 principes
1777 805 2024 866 civitatis,
2045 807 2176 853 audi-

1284 871 1426 916 entes
1445 872 1585 917 haec.

1349 941 1396 982 9.
1431 938 1498 982 Et
1533 940 1740 995 accepta
1775 939 2118 987 satisfactione
2151 956 2179 986 a

1282 1004 1313 1048 J
1315 1017 1489 1065 asone,
1512 1008 1562 1050 et
1581 1019 1612 1050 a
1630 1006 1863 1064 caeteris,
1883 1006 2181 1054 dimiserunt

1284 1085 1390 1117 eos.

1351 1140 1430 1184 10.
1448 1139 1654 1185 Fratres
1665 1153 1789 1186 vero
1809 1139 2066 1186 confestim
2085 1155 2182 1199 per

1282 1208 1483 1251 noctem
1501 1207 1797 1252 dimiserunt
1812 1206 2017 1252 Paulum
2033 1211 2083 1253 et
2093 1211 2181 1254 Si-

1281 1272 1382 1316 lam
1399 1273 1453 1317 in
1466 1273 1726 1319 Beroeam.
1763 1274 1862 1327 Qui
1881 1288 1994 1320 cum
2010 1276 2180 1322 venis-

1283 1341 1420 1398 sent,
1451 1340 1504 1384 in
1539 1341 1859 1400 synagogam
1877 1341 2184 1389 Iudaeorum

1281 1406 1606 1452 introierunt.

1349 1474 1428 1517 1-1.
1464 1474 1529 1518 Hi
1549 1476 1715 1520 autem
1737 1478 1885 1521 erant
1907 1478 2184 1524 nobiliores

1283 1551 1482 1598 eorum,
1511 1543 1600 1600 qui
1627 1544 1743 1588 sunt
1772 1542 2181 1602 Thessalonicae,

1282 1606 1366 1662 qui
1427 1612 1758 1667 susceperunt
1816 1613 2029 1658 verbum
2079 1627 2184 1658 cum

1281 1673 1419 1718 omni
1438 1675 1691 1736 aviditate,
1713 1677 1939 1733 quotidie
1961 1683 2181 1725 scrutan-

1282 1743 1397 1786 tesy
1410 1742 1711 1802 Scripturas,
1725 1744 1769 1789 si
1780 1744 1909 1792 haec
1929 1746 2002 1792 ita
2023 1760 2077 1793 se
2096 1747 2181 1792 ha-

1281 1809 1474 1855 berent.

1349 1877 1429 1920 12.
1463 1874 1530 1920 Et
1554 1876 1698 1922 multi
1725 1878 1928 1934 quidem
1959 1880 2183 1926 credide-

1280 1944 1400 1988 runt
1421 1955 1488 1989 ex
1507 1943 1598 2003 eis,
1619 1946 1671 1990 et
1689 1945 1961 1993 mulierum
1981 1948 2184 2007 gentili-

1280 2023 1363 2054 um
1373 2010 1716 2071 honestarum,
1731 2016 1782 2059 et
1793 2014 1892 2059 viri
1903 2028 2009 2061 non
2024 2017 2185 2073 pauci.

1347 2078 1427 2121 13.
1469 2079 1592 2123 Cum
1619 2082 1785 2125 autem
1821 2084 2191 2140 cognovissent

1279 2142 1333 2187 in
1364 2144 1728 2192 Thessalonica
1754 2147 1965 2209 Iudaei,
1993 2152 2114 2207 quia
2141 2152 2191 2197 et

1280 2209 1502 2256 Beroeae
1529 2213 1870 2269 praedicatum
1900 2221 1981 2263 est
2007 2231 2040 2263 a
2057 2219 2188 2263 Pau-

1277 2277 1328 2321 lo
1352 2280 1558 2323 verbum
1574 2280 1696 2340 Dei,
1725 2288 1981 2329 venerunt
2000 2289 2053 2330 et
2071 2284 2188 2331 illuc

1278 2348 1652 2393 commoventes
1665 2351 1716 2394 et
1733 2351 1996 2397 turbantes
2015 2352 2186 2398 multi-

1273 2411 1512 2458 tudinem.

1342 2479 1422 2523 14.
1460 2479 1733 2537 Statimque
1745 2484 1866 2529 tunc
1875 2485 2094 2531 Paulum
2113 2486 2186 2530 di-

1275 2544 1521 2591 miserunt
1555 2548 1757 2609 fratres,
1794 2552 1851 2595 ut
1887 2550 1993 2598 iret
2027 2565 2187 2609 usque

1275 2611 1338 2656 ad
1355 2624 1520 2670 mare3
1555 2614 1684 2660 Silas
1713 2619 1879 2663 autem
1920 2622 1974 2665 et
2007 2620 2188 2665 Timo-

1275 2679 1450 2724 theus‘
1469 2686 1822 2729 remanserunt
1839 2684 1928 2731 ibi.

1343 2747 1420 2791 15.
1485 2747 1584 2801 Qui
1645 2752 1810 2796 autem
1865 2752 2188 2799 deducebant

1273 2812 1497 2872 Paulum,
1519 2816 1868 2872 perduxerunt
1888 2832 2004 2865 eum
2021 2833 2186 2875 usque

1273 2881 1518 2938 Athenas3
1552 2886 1602 2928 et
1629 2886 1835 2942 accepto
1857 2887 2098 2931 mandato
2121 2890 2188 2931 ab

1273 2960 1334 2991 eo
1363 2948 1426 2992 ad
1457 2948 1610 2994 Silam
1647 2954 1697 2996 et
1737 2952 2092 3012 Timotheum,
2131 2956 2190 2999 ut

1273 3027 1416 3069 quam
1437 3015 1670 3063 celeriter
1681 3018 1921 3065 venirent
1933 3021 1999 3066 ad
2015 3020 2185 3078 illum,

1270 3082 1487 3137 profecti
1503 3086 1635 3129 sunt.

1315 3196 1348 3215 w
1368 3201 1401 3227 c.
1420 3192 1486 3232 16,
1513 3194 1575 3228 20.
1624 3198 1652 3217 δ’
1667 3190 1756 3230 Job.
1781 3196 1852 3237 19,
1879 3198 1938 3232 12.
1993 3204 2015 3231 1
2035 3196 2130 3233 Joh.
2150 3200 2187 3238 5,

1269 3238 1326 3273 39.
1375 3242 1394 3260 ²
1415 3249 1448 3273 c.
1464 3240 1524 3281 16,
1541 3242 1577 3276 1.
1597 3249 1683 3287 sqq.

1652 3384 1808 3429 xvn.
1842 3416 1846 3421 -
1879 3392 1923 3430 3.
1967 3389 2190 3433 Christus

531 3429 571 3468 9.
620 3425 682 3467 Et
718 3432 903 3481 accepto
943 3432 1053 3472 satis
1083 3434 1137 3475 ab
1165 3435 1335 3477 Jasone
1361 3442 1409 3480 et
1434 3451 1462 3480 a
1493 3441 1667 3483 ceteris·
1748 3447 1814 3486 10.
1866 3444 2188 3489 advenissent-

312 3481 376 3517 12.
408 3480 643 3530 gentilium
662 3479 907 3524 mulierum.
968 3488 1035 3527 13.
1068 3490 1116 3529 et
1131 3488 1246 3532 illic.
