2376 3925
311 170 475 216 1151
737 164 954 213 surr!
1001 164 1275 217 QUINTI
1319 163 1769 212 PRAEFATIO.

305 299 451 346 tione
478 297 655 344 beatus
670 293 1012 354 Hieronymus
1031 292 1081 353 ⁰)
1093 323 1111 352 ,
1139 292 1195 340 in
1212 292 1395 340 Latina
1427 306 1551 342 vero
1580 295 1785 341 sanctus
1803 290 2117 350 Augustinus
2134 283 2185 349 ὅ)

309 381 432 429 olim
449 381 691 428 accidisse
710 379 1120 426 commemorant.
1175 379 1343 424 Tanta
1360 379 1526 424 sutem
1543 377 1682 424 labes
1700 389 1769 424 ne
1786 375 1947 422 adhuc
1962 373 2185 422 ulterius

305 465 562 524 serperet,
589 463 876 520 sensimque
895 462 948 508 in
965 461 1229 520 Vulgatam
1260 460 1536 508 editionem
1562 462 1789 507 nostram
1805 461 2065 518 manaret,
2096 471 2185 505 sa·

309 548 508 606 pienter
537 548 711 595 eadem
739 545 1064 594 oecumenica
1091 544 1327 604 Synodus
1348 542 1650 590 'tridentina
1676 543 1930 603 decrevit,
1968 545 2029 589 ut
2054 543 2185 590 haec

309 632 420 690 ipsa
435 632 612 691 Vetus,
632 631 908 690 etvulgata
927 629 1080 676 editio
1102 628 1315 687 posthac
1332 640 1480 685 quam
1498 627 1902 675 emendatissime
1921 626 2183 686 imprime-

309 716 469 762 retur.
535 717 722 764 Verum
751 715 868 772 quia
893 712 1022 758 nihil
1049 712 1329 770 profuisset
1361 711 1512 769 huius
1552 695 1791 758 editionis
1829 710 2185 758 auctoritatem

312 797 612 857 gravissimo
631 797 863 845 sanxisse
883 797 1108 856 decreto,
1129 796 1174 843 si
1193 796 1330 842 illius
1350 809 1478 853 quae
1498 807 1739 855 germana
1758 795 1895 842 esset
1910 794 2067 841 lectio
2084 807 2185 842 ne-

311 883 552 942 sciretur,
587 893 830 937 sacerque
857 883 1027 927 textus
1054 879 1125 926 ita
1151 879 1511 938 disputantium
1538 880 1738 937 pateret
1764 878 2005 938 arbitrio,
2034 881 2093 924 ut
2120 879 2183 938 is,

311 966 398 1024 qui
415 966 656 1012 adversus
675 964 916 1022 pertidum
935 965 1156 1024 hostem,
1190 965 1441 1020 tamquam
1463 961 1796 1009 validissimus
1814 975 1988 1009 mucro
2010 962 2185 1010 distri.-

311 1053 422 1098 ctus
442 1051 633 1108 fuerat,
665 1048 796 1096 idem
815 1051 867 1095 et
885 1048 1092 1108 clypeus
1111 1048 1222 1096 fieri
1241 1050 1440 1107 posset,
1469 1060 1569 1104 quo
1599 1045 1843 1094 debilitati
1857 1046 1989 1106 jnm,
2020 1047 2187 1093 eaesi-

311 1147 410 1191 que
427 1133 590 1180 hostis
607 1133 770 1180 latera
785 1135 1096 1191 tegerentur.
1165 1129 1223 1178 ld
1241 1131 1397 1190 igitur
1414 1145 1511 1178 nos
1530 1130 1738 1190 indigne
1756 1133 1999 1189 ferentes,
2020 1143 2189 1189 eoque

311 1217 596 1278 indignius,
627 1217 763 1275 quod
781 1231 873 1276 per
890 1217 1046 1263 hosce
1058 1215 1162 1274 jam
1186 1215 1372 1274 viginti
1390 1213 1516 1259 duos
1535 1224 1697 1261 annos
1710 1243 1725 1272 ,
1754 1213 1841 1271 qui
1858 1226 1889 1259 a
1909 1213 2043 1260 dicto
2066 1213 2188 1260 Tri-

313 1301 508 1348 dentini
536 1301 758 1350 Concilii
797 1301 1028 1359 decreto,
1077 1298 1142 1345 ad
1176 1297 1344 1344 nostri
1372 1310 1529 1354 usque
1553 1297 1881 1344 Pontificatus
1921 1297 2190 1344 exordium

313 1385 725 1445 interfluxerunt,
751 1385 876 1432 licet
891 1383 1178 1442 hujusmodi
1199 1395 1325 1440 opus
1345 1380 1615 1438 aliquando
1636 1383 1869 1440 coeptum
1897 1380 2078 1439 fuerit,
2106 1385 2189 1430 ta-

314 1483 431 1516 men
459 1470 522 1516 ob
550 1469 675 1516 allas
704 1470 924 1516 fortasse
953 1467 1312 1525 occupationes
1340 1465 1711 1526 interminum,
1748 1465 2039 1523 nullumque
2070 1466 2190 1514 huic

315 1553 595 1600 imminenti
621 1553 756 1600 malo
783 1552 1058 1600 remedium
1087 1549 1362 1596 adhibitum
1398 1550 1593 1596 ruerat:
1640 1562 1699 1595 ac
1735 1552 2009 1608 propterea
2040 1552 2190 1597 tanto

316 1637 622 1696 impensiore
643 1649 766 1684 cura
781 1649 840 1683 ac
860 1635 1025 1682 studio
1045 1634 1098 1681 id
1115 1633 1519 1693 prosequendum
1548 1637 1845 1694 censentes,
1874 1635 2059 1691 quanto
2075 1646 2192 1681 ma-

319 1723 396 1782 gis
411 1753 425 1782 ,
457 1725 507 1768 et
532 1725 593 1769 ab
619 1721 850 1769 omnibus
868 1720 964 1766 Dei
993 1717 1223 1766 ecclesiis
1254 1717 1538 1777 expetitur,
1567 1719 1621 1764 et
1638 1729 1669 1764 a
1686 1718 1963 1777 synagogis
1982 1720 2193 1766 satanae

318 1807 704 1865 reformidatur;
743 1820 854 1852 cum
871 1805 1084 1864 primum
1105 1803 1167 1849 ad
1185 1802 1533 1861 Apostolieam
1550 1802 1686 1850 beati
1706 1799 1851 1850 Petri
1871 1802 2041 1850 sedem
2060 1802 2194 1850 divi-

319 1905 387 1938 na
411 1905 508 1938 nos
535 1891 821 1950 miseratio,
861 1889 1056 1936 meritis
1081 1888 1204 1934 licet
1229 1887 1501 1945 imparibus
1532 1886 1792 1944 evocavit3
1837 1885 1967 1933 nihil
1990 1886 2193 1934 tandem

319 1978 572 2035 antiquius
592 1977 879 2035 habuimus,
909 1988 1057 2032 quam
1082 1975 1140 2019 ut
1157 1971 1321 2029 primo
1340 1983 1539 2027 quoque
1560 1972 1805 2030 tempore,
1827 1971 2193 2029 optatissimam

319 2062 466 2107 istam
499 2060 745 2117 vulgatae
793 2057 1030 2105 editionis
1078 2054 1483 2101 emendationem
1528 2054 1937 2113 aggrederemur.
2015 2057 2192 2115 Itaque

320 2143 459 2188 viros
478 2139 760 2198 complures
780 2140 977 2199 doctos,
997 2138 1083 2197 qui
1100 2140 1386 2184 sanctarum
1406 2136 1796 2199 scripturarum,
1817 2152 1993 2187 sacrae
2014 2141 2191 2187 Theo·
2262 2201 2269 2205 ¹

318 2225 505 2283 logise,
528 2224 892 2281 multarumque
909 2223 1197 2283 linguarum
1217 2222 1454 2269 scientia:
1490 2235 1549 2269 ae
1572 2222 1808 2270 diuturno
1829 2223 2086 2270 variarum
2103 2237 2193 2271 re-

317 2321 429 2355 rum
448 2320 560 2366 usu,
579 2307 782 2365 acrique
793 2338 809 2367 ,
829 2322 942 2355 eum
959 2307 1148 2365 aliquid
1167 2306 1554 2354 discernendum
1575 2310 1677 2366 est,
1693 2306 1887 2365 jndicio
1900 2338 1915 2367 ,
1944 2320 2005 2355 ac
2023 2308 2192 2355 soler-

319 2392 394 2439 tia
409 2393 744 2451 praestarent,
765 2391 1059 2452 delegimus,
1071 2405 1129 2439 ae
1148 2391 1300 2438 simul
1322 2391 1763 2451 congregavimus,
1780 2392 1839 2437 ut
1856 2391 1911 2437 in
1931 2403 2192 2451 germana,

319 2477 618 2534 sinceraque
643 2475 778 2522 sacri
799 2477 970 2523 textus
997 2475 1223 2522 editione
1250 2475 1616 2535 perquirenda,
1644 2478 1853 2522 strenue
1879 2474 2191 2536 laborarent,

319 2562 566 2619 nobisque
593 2559 882 2619 adjumento
910 2560 1098 2605 forent.
1165 2561 1273 2607 Nos
1302 2560 1437 2607 enim
1461 2559 1541 2606 rei
1557 2558 1953 2618 magnitudinem
1970 2573 2192 2619 perpen-

321 2644 523 2705 dentes,
553 2658 612 2691 ac
639 2642 852 2704 provide
881 2643 1293 2703 considerantes,
1322 2657 1391 2691 ex
1420 2643 1690 2703 praecipuo
1707 2674 1723 2703 ,
1750 2656 1810 2690 ac
1828 2643 2077 2703 singulari
2095 2646 2195 2692 Dei

319 2729 616 2789 privilegio,
647 2730 698 2776 et
715 2741 782 2775 ex
802 2740 952 2787 vera,
983 2740 1044 2773 ac
1059 2726 1289 2786 legitima
1315 2726 1641 2775 successione
1658 2724 2023 2785 Apostolorum
2038 2728 2192 2775 Prin·-
2260 2761 2265 2765 -

321 2812 452 2870 cipia
476 2816 524 2860 b.
547 2809 717 2872 Petri,
749 2825 844 2872 pro
873 2823 972 2870 quo
991 2808 1241 2859 Dominus
1270 2825 1329 2858 ae
1346 2811 1651 2870 Redemptor
1670 2814 1875 2871 noster,
1894 2813 1959 2859 ab
1976 2814 2191 2859 aeterno

319 2896 470 2943 Patre
491 2906 586 2952 pro
605 2908 698 2943 sua
711 2896 1003 2945 reverentia
1019 2895 1352 2954 proculdubio
1374 2896 1657 2957 exauditus,
1677 2909 1784 2944 non
1802 2896 1959 2943 semel
1978 2899 2193 2957 tantum,

321 2978 409 3026 sed
428 2990 626 3035 semper
641 2982 860 3041 rogavit,
879 2984 938 3029 ut
953 2980 1067 3039 ejus
1083 2980 1223 3040 fides,
1243 2993 1350 3026 non
1370 2980 1589 3028 bumana
1607 2994 1777 3040 carne,
1790 2982 1841 3027 et
1859 2980 2107 3039 sangnine
2127 2982 2193 3041 ⁰),

321 3060 412 3109 sed
439 3061 617 3108 eodem
643 3062 794 3109 Patre
819 3064 1098 3123 inspirante
1127 3064 1178 3112 ei
1202 3064 1457 3125 revelata,
1494 3077 1762 3123 numquam
1803 3064 2065 3112 deiicerett
2112 3066 2197 3113 eui

321 3146 474 3193 etiam
489 3144 736 3193 Dominus
753 3146 983 3205 injunxit
1011 3150 1071 3195 ut
1103 3152 1305 3197 ceteros
1322 3149 1598 3209 Apostolos
1620 3148 1675 3196 in
1694 3148 1869 3197 eadem
1884 3148 1985 3196 fide
2002 3151 2193 3199 confir-

433 3354 486 3407 α)
523 3352 580 3395 In
617 3352 818 3409 praefat.
853 3354 904 3396 iu
937 3352 1131 3397 Esdram
1165 3361 1216 3401 et
1246 3354 1528 3399 Nono-unm.
1582 3355 1710 3399 Idem
1738 3357 1787 3399 in
1814 3356 1955 3412 priori
1992 3357 2197 3411 praefat.

321 3424 681 3537 iggeralipom·
711 3424 844 3469 Tem.
881 3429 926 3469 ³.
981 3426 1032 3481 ὁ)
1061 3426 1275 3482 Epist-ola
1312 3430 1380 3471 10.
1418 3428 1477 3471 ad
1515 3428 1850 3482 Hieronymum.
1888 3428 2020 3472 Tem.
2049 3432 2090 3472 ².
2153 3431 2199 3485 c)

370 3509 394 3538 s
428 3510 465 3539 r.
494 3501 534 3539 ⁵.
1077 3508 1111 3521 ⁸
