2376 3925
430 190 1005 243 APOCALYPSIS
1046 188 1417 244 JOANNIS.
1491 191 1661 243 CAP.
1698 192 1783 240 20.
1803 194 1885 243 21.

2012 192 2112 243 411

209 298 441 357 propter
466 297 674 342 verbum
702 295 825 352 Dei,
859 297 911 339 et
929 294 1014 350 qui
1032 306 1137 339 non
1208 294 1499 353 candidum,
1530 296 1582 341 et
1606 294 1864 341 sedentem
1885 308 2035 352 super
2054 310 2112 341 e-

213 363 578 411 adoraverunt
589 362 816 419 bestiam,
828 374 992 418 neque
1011 361 1136 407 ima-

213 432 402 491 ginem
425 430 554 487 ejus,
576 442 672 475 nec
693 430 998 485 acceperunt
1017 427 1138 473 cha-

213 501 485 544 racterem
505 497 615 553 ejus
635 496 689 540 in
708 496 960 541 frontibus
979 497 1066 541 aut
1085 494 1139 540 in

214 565 464 612 manibus
484 563 606 621 suis,
628 566 679 608 et
696 563 964 620 vixerunt,
986 564 1038 608 et
1054 575 1138 609 re-

218 632 527 692 gnaverunt
543 643 654 677 cum
669 630 870 676 Christo
889 629 1028 676 mille
1046 642 1140 675 an-

217 713 334 747 nis.

303 770 351 811 5.
388 765 559 811 Ceteri
584 767 898 811 mortuorum
926 776 1034 809 non
1062 763 1141 809 vi-

217 836 449 891 xerunt,
514 832 676 878 donec
733 832 1148 879 consummentur

219 901 376 949 mille
397 899 532 946 anni.
576 900 716 962 Haec
735 902 814 945 est
830 898 1141 945 resurrectio

217 970 410 1029 prima.

302 1039 349 1081 6.
383 1035 567 1081 Beatus
590 1036 641 1079 et
655 1035 874 1092 sanctus,
888 1032 974 1089 qui
994 1032 1145 1079 habet

219 1105 430 1163 partem
458 1102 514 1147 in
541 1100 918 1147 resurrectione
951 1100 1140 1158 prima3

220 1174 286 1219 in
329 1172 408 1216 his
445 1168 668 1215 secunda
694 1180 834 1213 mors
861 1180 968 1213 non
995 1166 1144 1214 habet

222 1239 570 1299 potestatem3
609 1235 700 1281 sed
735 1236 853 1281 sunt
890 1234 1142 1281 Sacerdo-

219 1310 354 1353 tes?
373 1303 470 1350 Dei
489 1304 540 1349 et
558 1302 744 1348 Christi
756 1333 770 1361 ,
793 1304 845 1348 et
860 1302 1144 1361 regnabunt

225 1386 350 1420 cum
371 1371 461 1417 illo
481 1370 619 1417 mille
639 1370 802 1415 annis.

303 1442 350 1484 ⁸1.
386 1438 453 1484 Et
473 1452 584 1485 cum
603 1436 934 1484 consummati
952 1435 1144 1482 fuerint

225 1506 374 1554 mille
398 1506 568 1564 anniq,
600 1504 827 1552 solvetur
855 1507 1057 1551 satanas
1081 1503 1141 1549 de

227 1588 441 1623 carcere
461 1586 573 1632 suo,
597 1574 649 1619 et
667 1572 842 1632 exibit,
866 1574 918 1618 et
935 1571 1143 1618 seducet

228 1644 450 1698 Gentes,
472 1654 598 1697 quae
619 1641 738 1685 sunt
755 1652 906 1696 super
927 1641 1142 1695 quatuor

229 1707 452 1765 angulos
472 1709 666 1765 terrae,
700 1706 812 1764 Gog
835 1706 887 1751 et
903 1705 1140 1763 Magogr,

232 1778 291 1821 et
321 1774 650 1833 congregabit
680 1785 770 1818 eos
801 1772 855 1818 in
876 1770 1140 1830 praelium,

229 1855 449 1901 quorum
474 1853 712 1887 numerus
733 1842 812 1885 est
838 1839 969 1885 sicut
986 1851 1144 1885 arena

227 1910 406 1957 maris.

307 1980 352 2022 8.
387 1977 455 2022 Et
481 1975 818 2022 ascenderunt
845 1987 996 2032 super
1024 1973 1143 2019 lati-

229 2044 462 2092 tudinem
497 2046 665 2090 terrae
675 2048 713 2102 ⁸,
752 2044 803 2089 et
835 2041 1144 2088 circuierunt

231 2116 403 2162 castra
439 2113 754 2170 sanctorum,
802 2111 854 2156 et
888 2108 1142 2155 civitatem

237 2180 488 2226 dilectam.

307 2249 354 2291 9.
386 2245 456 2291 Et
473 2245 731 2291 deseendit
748 2245 882 2303 ignis
903 2256 934 2289 a
949 2244 1060 2289 Deo
1082 2242 1142 2289 de

237 2312 406 2371 coelo,
429 2313 480 2357 et
499 2311 764 2358 devoravit
784 2310 904 2356 eost
915 2325 929 2367 ;
963 2314 1014 2356 et
1035 2310 1142 2354 dia-

233 2380 404 2438 bolus,
425 2378 510 2435 qui
529 2379 798 2424 seducebat
816 2389 905 2422 eos
921 2407 934 2434 ‚
962 2377 1143 2422 missus

235 2449 318 2494 est
337 2447 390 2492 in
402 2448 632 2504 stagnum
651 2445 783 2502 ignis
802 2447 853 2490 et
871 2442 1142 2501 sulphuris,

236 2516 324 2562 ubi
343 2515 396 2560 et
412 2513 609 2560 bestia¹⁴

307 2583 387 2626 10.
421 2583 472 2628 et
490 2577 930 2638 pseudopropheta
949 2577 1145 2623 crucia-

237 2651 426 2696 buntur
463 2647 542 2694 die
579 2660 637 2693 ac
673 2649 824 2692 nocte
855 2646 910 2692 in
945 2643 1147 2691 saecula

239 2715 578 2764 saeculorum.

309 2784 388 2827 11.
423 2781 492 2828 Et
517 2781 620 2828 vidi
647 2781 888 2826 thronum
909 2792 1146 2838 magnum

287 2910 308 2935 Ρ
332 2913 366 2936 c.
385 2902 430 2942 5,
451 2904 510 2936 10.
545 2898 625 2938 Jes.
643 2902 712 2942 61,
731 2901 768 2936 6.
817 2904 835 2932 9
856 2895 907 2933 cf.
928 2909 967 2932 v.
987 2901 1023 2934 2.
1043 2901 1081 2935 3.
1128 2904 1147 2922 ⁷¹

237 2951 310 2986 ΕΖ·
329 2951 398 2988 389
427 2949 462 2982 2·
483 2949 515 2984 3.
548 2950 610 2986 39)
626 2950 664 2981 -l-
712 2951 727 2970 ε
743 2943 890 2979 Ezech.
909 2946 978 2986 88,
997 2947 1144 2981 8-12·

237 2996 370 3078 Ιλθαῐὲὀ
382 2997 442 3037 22,
461 2995 496 3030 ⁵·
544 2995 562 3017 t
577 2991 722 3028 Ezech·
741 2993 804 3032 38,
821 2993 881 3026 22·
909 2994 969 3033 39,
989 2993 1022 3028 6-
1067 2997 1093 3014 ,ι
1113 3001 1144 3024 c-

287 3067 302 3084 ,
370 3068 381 3078 o

1206 368 1341 419 umv,
1354 373 1385 406 a
1404 361 1549 419 cujus
1571 364 1847 419 conspectu
1864 362 1995 419 fugit
2005 364 2111 409 ter-

1205 442 1266 473 ra
1287 430 1339 474 et
1358 429 1621 488 coelumw,
1654 432 1706 475 et
1730 428 1875 475 locus
1902 442 2009 476 non
2036 435 2115 475 est

1207 496 1445 542 inventus
1466 495 1555 542 eis.

1276 565 1355 609 12.
1374 563 1445 609 Et
1462 562 1565 609 vidi
1582 565 1810 609 mortuos
1828 577 2041 622 magnos
2065 568 2117 610 et

1207 630 1421 689 pusillos
1475 633 1665 676 stantes
1724 630 1780 676 in
1840 636 2115 689 conspectu

1207 698 1407 758 throni,
1439 701 1491 744 et
1507 696 1661 744 libri⁸
1686 698 1850 755 aperti
1875 702 2021 756 sunt;
2064 702 2115 745 et

1209 766 1339 813 alius
1364 766 1519 813 Liber
1549 767 1753 823 apertus
1783 767 1889 823 est,
1922 767 2007 822 qui
2038 768 2117 813 est

1210 833 1411 893 vitae73
1454 834 1506 879 et
1540 832 1755 891 judicati
1784 834 1904 879 sunt
1926 834 2116 880 mortui

1210 912 1279 947 ex
1298 901 1401 960 his,
1432 913 1561 958 quae
1586 900 1775 957 scripta
1802 903 1948 947 erant
1976 899 2029 945 in
2048 900 2114 946 li-

1210 967 1313 1013 bris
1333 968 1605 1015 secundum
1624 980 1781 1026 opera
1799 968 2039 1025 ipsorum.

1278 1036 1359 1081 13.
1398 1035 1468 1082 Et
1512 1034 1649 1081 dedit
1682 1048 1821 1081 mare
1864 1038 2111 1092 mortuos,

1210 1102 1368 1158 quiin
1390 1116 1453 1149 eo
1472 1104 1642 1149 erant:
1657 1104 1708 1148 et
1724 1115 1861 1149 mors
1882 1106 1933 1148 et
1950 1102 2113 1149 infer-

1210 1182 1305 1215 nus
1326 1169 1573 1216 dederunt
1588 1172 1817 1216 mortuos
1850 1182 1997 1228 suos,
2028 1170 2114 1227 qui

1210 1236 1267 1281 in
1293 1236 1416 1294 ipsis
1444 1239 1617 1293 erant3
1656 1239 1708 1282 et
1729 1236 2005 1293 judicatum
2036 1241 2116 1283 est

1211 1303 1273 1349 de
1292 1303 1507 1363 singulis
1516 1303 1789 1351 secundum
1800 1316 1957 1362 opera
1972 1304 2107 1362 ipso-

1210 1384 1337 1419 rum.

1278 1441 1358 1484 14.
1392 1438 1463 1484 Et
1480 1437 1711 1484 infernus
1732 1440 1783 1484 et
1804 1443 1970 1484 mors‘
1992 1439 2113 1485 mis·

1210 1506 1255 1551 si
1273 1508 1391 1552 sunt
1417 1506 1472 1552 in
1499 1507 1731 1563 stagnum
1758 1505 1907 1564 ignis.
1976 1507 2113 1553 Haec

1210 1576 1289 1619 est
1304 1586 1441 1619 mors
1462 1573 1699 1619 secunda.

1276 1641 1357 1687 15.
1391 1641 1460 1687 Et
1478 1641 1688 1697 quinon
1702 1640 1944 1687 inventus
1965 1644 2042 1687 est
2061 1642 2114 1685 in

1208 1708 1363 1753 Libro
1398 1707 1529 1753 vitae
1558 1708 1803 1765 scriptus,
1832 1708 2016 1754 missus
2038 1711 2116 1753 est

1209 1774 1265 1819 in
1282 1776 1514 1831 stagnum
1532 1774 1680 1831 ignis.

1475 1903 1643 1956 CAP.
1702 1905 1846 1956 XXI.

1211 1988 1282 2031 De
1308 1987 1435 2032 coelo
1473 2001 1587 2030 novo
1614 1993 1663 2030 et
1678 1991 1803 2030 terra
1830 2000 1961 2030 nova.
2020 1989 2114 2030 No-

1208 2057 1267 2087 va
1286 2045 1447 2088 civitas
1466 2042 1737 2092 Ierusalem,
1760 2057 1787 2085 a
1809 2046 1909 2088 Deo
1929 2046 2116 2088 descen-

1450 2100 1574 2149 dens,
1598 2101 1881 2143 describitur-

1278 2188 1325 2233 1.
1359 2187 1427 2233 Et
1464 2187 1569 2233 vidi
1606 2187 1804 2234 coelum
1839 2201 2029 2234 novum
2068 2192 2119 2234 et

1209 2257 1400 2302 terram
1428 2267 1613 2303 novam
1624 2262 1664 2300 ⁰.
1733 2255 1953 2301 Primum
1983 2255 2115 2302 enim

1212 2323 1407 2370 coelum
1421 2353 1435 2381 ,
1468 2326 1521 2370 et
1536 2322 1699 2380 prima
1716 2325 1855 2368 terra
1875 2322 1998 2368 abiit
2008 2315 2045 2378 b,
2067 2326 2120 2368 et

1210 2403 1349 2434 mare
1367 2390 1471 2446 jam
1489 2403 1597 2434 non
1617 2391 1707 2434 est.

1280 2459 1326 2500 2.
1362 2456 1431 2500 Et
1468 2468 1563 2513 ego
1603 2457 1829 2501 Joannes
1862 2455 1968 2500 vidi
1996 2468 2115 2501 san-

1213 2525 1342 2568 ctam
1379 2521 1667 2568 civitatem⁰
1707 2521 1984 2567 Ierusalem
2018 2535 2145 2569 no-.

1213 2603 1345 2648 vam,
1386 2589 1772 2635 descendentem
1813 2588 1874 2634 de
1908 2589 2053 2635 coelo
2090 2604 2119 2634 a

1211 2656 1353 2714 Deo,
1398 2659 1626 2713 paratam
1672 2657 1802 2702 sicut
1840 2651 2119 2714 sponsamd

1214 2725 1445 2769 ornatam
1462 2724 1575 2770 viro
1597 2736 1707 2768 suo.

1258 2811 1279 2829 v
1296 2800 1441 2838 Matth.
1462 2806 1529 2844 19,
1545 2805 1605 2840 28.
1640 2805 1709 2844 2⁵,
1735 2805 1795 2838 31.
1860 2809 1891 2827 υ
1912 2805 1935 2838 2
1951 2801 2059 2840 Petr.
2078 2805 2117 2845 3,

1213 2855 1233 2887 7
1250 2853 1355 2885 -120
1406 2855 1433 2872 3-
1450 2848 1549 2884 Mal·
1568 2852 1612 2891 3,
1632 2852 1689 2885 16-
1718 2847 1795 2883 ³0¹--
1816 2851 1883 2891 1⁷,
1903 2853 1935 2884 l·
1983 2855 2007 2884 y
2027 2861 2059 2884 c·
2078 2853 2116 2891 3,

1212 2900 1268 2932 12.
1304 2895 1403 2931 Luc.
1424 2899 1484 2936 10,
1502 2898 1563 2931 20.
1629 2901 1648 2919 ²
1667 2899 1688 2930 1
1709 2895 1797 2930 Cor.
1818 2898 1877 2938 15,
1896 2898 1955 2932 26.
1975 2897 2035 2932 54.
2054 2899 2116 2932 55.

1213 2949 1234 2967 α
1252 2947 1275 2977 2
1292 2941 1399 2976 Pctr.
1419 2944 1463 2981 3,
1484 2945 1543 2978 13.
1578 2939 1660 2976 Jes.
1679 2944 1746 2982 65,
1766 2945 1821 2978 17.
1857 2944 1918 2984 66,
1935 2945 1997 2978 22.
2045 2941 2061 2967 ¹·
2080 2953 2115 2976 c.

1212 2993 1273 3031 20,
1292 2992 1350 3023 11.
1378 2986 1456 3022 Jes.
1476 2991 1539 3029 34,
1558 2990 1597 3023 4.
1633 2987 1778 3022 Matth.
1799 2990 1860 3030 24,
1879 2991 1938 3025 29.
1986 2995 2004 3013 ²
2019 2985 2116 3026 Ebr,

1214 3039 1275 3076 11,
1290 3039 1346 3070 10.
1369 3037 1425 3070 16.
1445 3037 1506 3076 12,
1524 3037 1582 3070 2⁴2.
1628 3032 1654 3060 ἆ
1670 3046 1704 3068 c.
1724 3038 1785 3076 19,
1794 3037 1826 3071 7.
1835 3037 1870 3071 8.
1887 3032 1995 3081 Eph·
2006 3037 2043 3076 ⁵,
2053 3037 2114 3071 ¹2?-

357 3188 468 3243 Cap.
499 3185 615 3230 XX.
673 3190 714 3228 Ί-
747 3185 830 3227 sed
859 3199 984 3235 cmm
1019 3183 1128 3229 ibid.
1155 3191 1207 3227 et
1232 3184 1404 3232 exivit;
1441 3184 1553 3227 ibid.
1582 3189 1631 3225 et
1657 3184 1947 3237 congregavit
1970 3196 2050 3226 eos
2067 3185 2115 3226 in

243 3242 479 3300 proelium.
555 3248 596 3286 8.
626 3247 673 3286 et
691 3243 1021 3285 circumierunt.
1085 3243 1138 3286 ,9.
1171 3245 1220 3282 et
1252 3238 1487 3289 diabulus3
1512 3239 1623 3283 ibid.
1652 3244 1701 3282 et
1728 3238 1969 3292 sulphuris.
2044 3243 2113 3282 10.

241 3299 664 3354 Pseudoprophetis
683 3301 730 3341 et
750 3298 1082 3340 cruciabuntur.
1141 3300 1207 3339 11.
1238 3297 1449 3338 inventus
1462 3296 1518 3338 ab
1536 3297 1622 3340 eis.
1682 3300 1747 3338 13.
1778 3295 1975 3345 inferus3
2006 3294 2113 3338 ibid.

241 3360 462 3403 mortuos,
495 3357 568 3408 qui
597 3357 646 3398 in
673 3355 790 3410 ipsis
818 3356 948 3395 erant
978 3353 1122 3408 (deest
1139 3351 1288 3405 suos).
1343 3355 1415 3394 14.
1446 3355 1494 3394 ot
1510 3352 1709 3400 insen-un
1737 3351 1845 3394 ibid.
1869 3351 1980 3393 haec
1996 3365 2116 3394 mors

243 3411 440 3454 secunda
465 3415 536 3453 est
566 3412 612 3453 in
640 3416 848 3462 stagnum
867 3409 1002 3460 ignis.
1079 3413 1148 3454 15.
1179 3411 1227 3450 et
1246 3407 1319 3461 qui
1341 3421 1430 3450 non
1450 3413 1523 3450 est
1538 3409 1762 3451 inventus.

1875 3405 2013 3450 xxl.
2072 3411 2114 3450 2.

243 3467 306 3510 Et
326 3468 470 3520 (deest
485 3479 568 3519 ego
587 3467 807 3521 Joannes)
831 3467 1059 3510 civitatem
1077 3467 1287 3508 sanctam
1311 3462 1601 3508 Hierusalem
1624 3475 1785 3508 navam
1814 3463 1909 3507 vidi
1929 3463 2114 3508 descen-

247 3524 438 3566 dentem.
