2376 3925
365 213 592 265 EPIST.
632 212 848 264 PAULI
881 212 978 262 AD
1017 210 1554 264 PHILIPPENSES.
1596 213 1819 264 CAP.1.

1956 216 2053 264 311

242 317 322 360 23.
359 317 468 361 Pax
496 316 762 373 fratribus,
793 317 843 360 et
861 314 1078 360 charitas
1149 315 1369 372 diligunt
1406 315 1676 362 Dominum
1704 320 1933 361 nostrum
1962 319 2053 362 Je-

175 396 292 428 cum
309 383 423 441 fide,
446 395 475 427 a
492 382 605 428 Deo
623 383 799 440 Patre,
831 384 883 427 et
899 381 1077 426 Domi-
1147 395 1256 428 sum
1290 382 1543 428 Christum
1571 382 1626 428 in
1651 383 2051 440 incorruptione.

169 463 242 495 no
263 451 386 495 Jesu
409 450 626 495 Christo.

241 518 321 561 24.
360 517 536 562 Gratia
565 530 675 562 cum
705 515 960 574 omnibus,
991 515 1076 571 qui

1144 449 1321 495 Amen.

837 694 1383 744 ψ..

253 858 1233 945 EPISTOLA
1390 823 1962 944 PAULI

1044 1027 1162 1078 AD

423 1148 1788 1225 PHILIPPENSES.

499 1432 664 1484 GAP.
703 1433 745 1483 1.

163 1524 272 1567 Nisi
293 1523 662 1579 Philippensium
681 1524 812 1566 bonis
830 1523 1072 1578 providen-

168 1581 274 1622 dum
315 1577 524 1634 apostolo
560 1582 703 1628 esset,
734 1576 850 1620 solvi
885 1589 1071 1632 corpore

219 1634 365 1678 vellet
381 1632 556 1677 Paulus
574 1637 621 1700 et
633 1632 818 1685 junctus
837 1631 1016 1674 Christo

543 1702 711 1731 vivere.

233 1815 282 1857 1.
321 1787 524 1855 Paulus
545 1811 596 1854 et
615 1808 926 1865 Timotheus,
939 1807 1076 1852 servi

161 1883 291 1927 Jesu
315 1876 526 1934 Christi,
557 1875 787 1921 omnibus
816 1875 1002 1920 sanctis
1021 1874 1076 1919 in

165 1946 373 1994 Christo
392 1945 533 2003 Jesu,
546 1942 630 2000 qui
651 1945 768 1989 sunt
777 1941 1022 1999 Philippis
1032 1947 1073 2001 ⁰,
1136 1970 1140 1977 -

165 2028 283 2062 cum
304 2012 556 2070 episcopis
576 2014 627 2057 et
646 2011 954 2057 diaconibus.

235 2083 284 2127 2.
323 2079 498 2125 Gratia
525 2078 670 2125 vobis
701 2080 753 2123 et
782 2090 886 2135 pax
915 2090 944 2122 a
961 2077 1072 2123 Deo

161 2151 318 2195 Patre
355 2148 561 2205 nostro,
609 2147 660 2192 et
693 2144 913 2190 Domino
951 2144 1074 2190 Jesu

163 2215 388 2261 Christo.

236 2284 283 2327 3.
321 2281 518 2327 Gratias
565 2292 663 2337 ago
707 2278 819 2325 Deo
867 2292 980 2324 meo
1018 2278 1072 2323 in

165 2348 310 2396 omni
327 2348 570 2394 memoria
589 2345 762 2403 vestri,

235 2418 284 2461 4.
322 2428 518 2473 semper
536 2414 591 2459 in
611 2412 802 2459 cunctis
822 2411 1072 2458 orationi-

161 2488 260 2532 bus
279 2482 404 2528 meis
425 2494 518 2539 pro
541 2480 770 2525 omnibus
787 2479 948 2537 vobis,
962 2492 1074 2524 cum

164 2549 356 2610 gaudio
378 2547 784 2606 deprecationem
802 2546 1012 2605 faciens,

236 2620 281 2663 5.
322 2629 473 2673 super
493 2613 947 2661 communicatione
981 2628 1072 2659 ve-

163 2688 275 2731 stra
292 2683 348 2728 in
360 2682 643 2740 Evangelio
658 2682 846 2727 Christi
866 2694 895 2727 a
913 2682 1074 2738 prima

163 2752 250 2798 die
269 2763 429 2807 usque
446 2761 597 2795 nunc.

235 2821 281 2863 6.
323 2816 589 2862 confidens
608 2814 706 2860 hoc
726 2815 886 2871 ipsum
903 2843 918 2872 ,
938 2813 1072 2871 quia,

162 2886 253 2943 qni
273 2884 442 2941 coepit
467 2884 522 2928 in
548 2881 692 2926 vobis
722 2892 848 2937 opus
869 2881 1072 2937 bonum,

160 2943 425 3011 perficietb
451 2961 610 3005 usque
633 2948 688 2993 in
707 2946 868 2992 diem⁰
889 2946 1074 2991 Christi

159 3022 192 3066 J
197 3032 306 3066 esu.

234 3088 284 3131 7.
320 3084 463 3131 Sicut
498 3084 576 3129 est
599 3080 724 3129 mihi
747 3080 941 3138 justum
974 3079 1073 3125 hoc

211 3190 234 3208 ⁸
252 3180 348 3217 Act.
368 3183 426 3221 16,
445 3182 504 3215 12.
517 3190 574 3225 sq.
621 3176 638 3203 ὗ
654 3176 746 3215 Act.
765 3180 826 3219 20,
847 3179 904 3213 32.
923 3180 944 3212 1
962 3174 1072 3211 Petr.

162 3234 200 3272 1,
221 3231 258 3266 5.
306 3232 325 3253 ⁰
339 3229 365 3261 2
383 3224 487 3263 Tim.
504 3227 544 3268 4,
564 3228 597 3262 7.
615 3226 652 3261 8.

859 3318 1060 3358 nostrum

1142 1434 1333 1482 sentire
1368 1449 1462 1494 pro
1501 1437 1732 1483 omnibus
1772 1438 1941 1496 vobis3
1984 1451 2045 1482 eo

1142 1502 1276 1559 quod
1306 1504 1514 1550 habeam
1538 1517 1627 1550 vos
1647 1505 1702 1549 in
1722 1505 1901 1564 corde,
1925 1512 1974 1550 et
1992 1505 2045 1550 in

1141 1570 1357 1616 vinculis
1376 1565 1567 1630 meisa,
1597 1575 1648 1618 et
1674 1571 1725 1617 in
1749 1573 2045 1618 defensione

1141 1639 1194 1682 et
1222 1639 1603 1684 confirmatione
1630 1639 1926 1697 Evangelii,
1958 1651 2043 1684 so-

1143 1703 1251 1748 cios
1272 1705 1440 1760 gaudii
1459 1705 1559 1750 mei
1578 1719 1753 1750 omnes
1769 1719 1861 1751 vos
1883 1719 2011 1750 esse.

1210 1771 1256 1814 8.
1294 1771 1461 1816 Testis
1482 1771 1617 1817 enim
1642 1772 1766 1816 mihi
1796 1776 1873 1818 est
1889 1772 2046 1829 Deus,

1143 1836 1397 1891 quomodo
1440 1839 1635 1895 cupiam
1666 1852 1841 1884 omnes
1870 1850 1964 1883 vos
1992 1839 2047 1882 in

1143 1902 1421 1949 visceribus
1441 1906 1564 1951 Iesu
1584 1905 1785 1950 Christi.

1211 1974 1256 2017 9.
1291 1971 1361 2017 Et
1377 1973 1474 2019 hoc
1494 1986 1587 2018 oro
1602 2004 1616 2031 ,
1641 1976 1699 2019 ut
1716 1974 1933 2020 charitas
1956 1986 2044 2019 ve-

1141 2041 1249 2084 stra
1274 2040 1433 2097 magis
1462 2054 1520 2087 ac
1548 2041 1708 2099 magis
1737 2041 1955 2088 abundet
1990 2041 2044 2086 in

1141 2106 1371 2167 seientia,
1395 2110 1517 2154 etin
1539 2110 1675 2155 omni
1696 2123 1875 2167 sensu3

1207 2175 1287 2219 1⁰.
1324 2177 1379 2220 ut
1397 2177 1620 2233 probetis
1632 2177 1918 2235 potiora‚ut
1935 2175 2043 2222 sitis

1140 2241 1330 2287 sinceri
1366 2246 1417 2289 et
1451 2245 1561 2291 sine
1600 2245 1795 2291 offensa
1832 2246 1883 2290 in
1914 2244 2045 2289 diem

1141 2309 1346 2368 Christi,

1209 2377 1287 2421 11.
1323 2377 1507 2435 repleti
1525 2379 1690 2424 fructu
1706 2378 1932 2437 justitiae
1952 2390 2043 2435 per

1140 2442 1171 2487 J
1173 2456 1314 2488 esum
1345 2445 1595 2491 Christum
1609 2476 1624 2503 ‚
1664 2446 1717 2490 in
1746 2446 1959 2503 gloriam
1994 2446 2045 2489 et

1139 2509 1339 2555 laudem
1357 2512 1469 2557 Dei.

1210 2576 1289 2623 12.
1327 2578 1469 2625 Scire
1488 2580 1653 2625 autem
1672 2590 1765 2623 vos
1786 2577 2043 2636 volo‚fra-

1139 2643 1269 2689 tres!
1306 2646 1424 2702 quia
1453 2660 1581 2702 quae
1611 2647 1745 2691 circa
1770 2658 1851 2702 me
1880 2649 2043 2703 sume,

1141 2712 1299 2768 magis
1345 2712 1407 2757 ad
1460 2714 1743 2770 profectum
1796 2716 2045 2759 venerunt

1139 2778 1437 2836 Evangelii3

1210 2846 1289 2890 13.
1324 2846 1397 2891 ita
1412 2849 1470 2891 ut
1483 2844 1683 2890 vincula
1701 2858 1813 2890 mea
1828 2848 2043 2892 manife-

1140 2915 1220 2957 sta
1255 2914 1435 2957 fierent
1478 2912 1532 2957 in
1570 2912 1768 2959 Christo
1814 2914 1869 2959 in
1907 2914 2045 2960 omni

1140 2979 1418 3037 praetorio,
1432 2982 1483 3024 et
1500 2979 1554 3024 in
1564 2980 1775 3026 caeteris
1788 2981 2017 3026 omnibus
2029 2994 2043 3035 ;

1212 3047 1290 3091 14.
1312 3048 1363 3091 et
1379 3045 1550 3103 plures
1571 3061 1600 3092 e
1617 3048 1855 3093 tratribus
1869 3047 1920 3093 in
1935 3047 2043 3091 Do-

1138 3114 1277 3158 mino
1310 3114 1619 3161 confidentes
1658 3114 1869 3161 vinculis
1898 3112 2039 3170 meis,

1185 3220 1207 3247 ἆ
1224 3220 1317 3259 Act.
1334 3225 1396 3266 28,
1414 3226 1473 3261 16.
1489 3226 1547 3262 ³0.
1596 3230 1615 3250 ⁰
1629 3221 1723 3259 Aet.
1740 3226 1803 3266 28,
1819 3225 1878 3261 16.
1895 3225 1957 3259 ³0.

283 3373 398 3427 Cap.
425 3370 509 3413 VI.
565 3376 635 3415 24.
668 3372 893 3413 (lominum
921 3371 1074 3414 Jesum
1104 3369 1191 3425 (sic
1220 3370 1317 3412 alia
1334 3383 1496 3414 manus
1515 3368 1751 3427 scripsit„
1779 3367 1887 3411 ibid.
1908 3368 1954 3409 in
1975 3369 2043 3409 in-

167 3430 520 3483 corruptionem.

286 3484 400 3537 Cap.
430 3482 468 3525 1.

528 3486 569 3523 5.
599 3483 648 3525 in
666 3480 899 3535 evangelio
922 3483 1067 3536 (deest
1085 3479 1294 3535 Christi).

1352 3486 1394 3524 ἵ.
1426 3484 1473 3524 in
1493 3482 1627 3524 eorde
1646 3492 1739 3521 vos.
1799 3483 1840 3521 8.
1874 3478 2045 3521 Christi

171 3542 302 3584 Jesu·
363 3543 428 3581 10.
460 3539 658 3581 sinceres
680 3538 804 3592 (sic).
865 3541 931 3580 11.
963 3550 1046 3591 per
1064 3536 1291 3580 Christum
1310 3537 1480 3580 Jesum.
