2376 3925
833 180 1121 233 LUCAS.

266 285 352 328 25.
386 283 454 327 Et
476 281 615 329 ecce!
650 283 803 328 homo
824 286 935 330 erat
959 283 1014 330 in
1031 285 1113 330 le-

184 349 420 397 rusalem
433 381 448 408 ,
483 349 566 396 cui
583 362 773 396 nomen
792 351 999 396 Simeon
1016 382 1031 411 ,
1064 352 1116 398 et

188 419 353 464 homo
391 416 491 463 iste
523 416 693 473 justus
731 418 782 462 et
827 418 1113 478 timoratus,

192 485 511 542 exspectans
525 483 927 531 consolationem
935 485 1111 546 lsrael,

192 554 245 600 et
266 551 492 609 Spiritus
516 553 715 597 sanctus
736 556 845 598 erat
863 552 918 598 in
938 566 1018 599 eo.

262 621 347 664 26.
383 619 456 664 Et
473 631 775 676 responsum
798 620 1066 677 acceperat
1082 633 1115 666 a

194 685 401 745 Spiritu
420 687 626 744 sancto,
661 699 771 731 non
798 686 1027 732 visurum
1058 699 1113 733 se

190 755 439 812 mortem,
461 752 560 798 nisi
579 753 721 810 prius
742 753 943 800 videret
963 754 1112 801 chri-

194 823 336 868 stum
356 819 581 865 Domini.

268 887 352 932 2⁷.
384 887 452 933 Et
470 885 615 933 venit
631 887 687 933 in
706 887 888 945 spiritu
908 888 963 934 in
984 889 1113 934 tem-

192 954 357 1014 plum.
386 954 577 1001 Etcum
592 954 894 1001 inducerent
902 969 1116 1013 puerum

194 1024 231 1069 J
235 1035 375 1068 esum
391 1024 628 1080 parentes
649 1022 760 1080 ejus
773 1052 789 1081 ,
811 1024 866 1068 ut
885 1023 1117 1072 facerent

200 1089 477 1137 secundum
514 1089 938 1136 consuetudinem
985 1089 1114 1148 legis

198 1170 300 1216 pro
321 1169 413 1215 θος

265 1225 350 1270 28.
390 1223 560 1282 etipse
570 1224 765 1282 accepit
773 1223 952 1271 eumin
967 1223 1115 1270 ulnas

198 1305 336 1351 suas,
350 1292 404 1338 et
421 1291 871 1351 benedixitDeum,
887 1294 939 1338 et
958 1291 1112 1338 dixit:

267 1361 352 1404 29.
368 1359 516 1404 Nunc
526 1359 729 1405 dimittis
742 1373 947 1405 servum
956 1362 1113 1420 tuum,

194 1424 443 1474 Domine!
482 1427 757 1473 secundum
782 1429 993 1474 verbum
1030 1429 1114 1473 tu-

196 1509 287 1541 um
307 1494 362 1539 in
380 1507 532 1552 pace3

267 1562 353 1606 30.
400 1561 517 1618 quia
563 1561 803 1608 viderunt
841 1562 979 1608 oculi
1014 1561 1114 1608 mei

196 1628 427 1675 salutare
445 1631 603 1689 tuum,

274 1697 362 1742 31.
396 1697 528 1752 quod
560 1697 752 1756 parasti
782 1699 901 1743 ante
932 1695 1117 1743 faciem

196 1763 437 1812 omnium
453 1764 754 1822 populorum
770 1779 785 1823 3

272 1833 359 1878 32.
396 1831 595 1877 lumen⁰
639 1833 704 1878 ad
745 1829 1118 1878 revelationem

196 1899 463 1959 gentium,
494 1902 544 1946 et
570 1897 789 1958 gloriam
804 1897 969 1960 plebis
999 1900 1116 1944 tuae

194 1967 383 2015 Israel.

271 2037 355 2081 33.
389 2035 459 2082 Et
478 2039 588 2084 erat
614 2038 757 2095 pater
788 2036 899 2093 ejus
929 2035 981 2081 et
1006 2048 1115 2081 ma-

194 2106 282 2151 ter
298 2104 542 2151 mirantes
564 2117 716 2163 super
744 2104 849 2163 his,
879 2115 1008 2160 quae
1038 2102 1117 2148 di-

202 2174 449 2219 cebantur
470 2172 531 2219 de
549 2171 661 2217 illo.

272 2250 356 2295 34.
389 2250 459 2296 Et
475 2250 744 2297 benedixit
760 2248 863 2295 illis
890 2248 1115 2306 Simeon,

201 2322 259 2366 et
280 2316 410 2364 dixit
436 2318 501 2365 ad
516 2317 732 2364 Mariam
749 2318 961 2363 matrem
980 2315 1116 2373 ejus:

196 2383 367 2433 Ecce!
388 2386 624 2443 positus?
652 2388 729 2432 est
744 2385 829 2431 hic
846 2384 901 2429 in
917 2383 1121 2429 ruinam

201 2457 257 2500 et
298 2453 354 2499 in
382 2453 813 2500 resurrectionem
846 2451 1120 2497 multorum

198 2523 263 2567 in
279 2520 466 2579 Israe13
488 2522 540 2567 et
557 2521 612 2566 in
632 2521 858 2580 signum,
889 2519 971 2566 cui
989 2530 1118 2564 con-

200 2587 515 2646 tradicetur3

278 2656 365 2699 35.
410 2656 461 2701 et
499 2657 667 2701 tuam«
708 2654 866 2713 ipsius
903 2653 1120 2699 animam

200 2721 540 2783 pertransibit
558 2722 754 2781 gladius
766 2752 781 2781 ,
804 2723 861 2767 ut
877 2720 1120 2767 revelen-

198 2795 295 2837 tur
318 2801 387 2836 ex
405 2789 571 2836 multis
592 2789 827 2837 cordibus
847 2787 1118 2847 cogitatio-

204 2870 323 2905 nes-

276 2926 361 2971 36.
396 2924 467 2971 Et
484 2926 596 2972 erat
612 2926 762 2970 Anna
780 2921 1118 2981 prophetissa,

202 2992 314 3039 filia
331 2992 561 3039 Phanuel
581 2991 643 3039 de
661 2990 796 3038 tribu
812 2992 967 3047 Aser;
995 2988 1121 3034 haec

200 3061 537 3118 processerat
561 3059 617 3105 in
650 3058 823 3106 diebus
848 3056 1042 3116 multis,
1070 3057 1123 3103 et

256 3185 275 3203 ⁰
290 3176 378 3213 Jes.
403 3179 467 3221 42,
493 3180 533 3215 6.
581 3178 645 3221 49,
662 3180 698 3215 6.
764 3184 787 3210 P
806 3175 953 3213 Matth.
970 3178 1039 3216 21,
1058 3176 1121 3211 42.

198 3226 271 3308 32.
314 3222 431 3261 Rom.
449 3228 489 3268 9,
506 3227 567 3262 33.
606 3228 627 3261 1
648 3222 739 3261 Cor.
756 3228 793 3266 1,
810 3226 869 3261 23.
916 3228 934 3255 1
951 3219 1041 3258 Joh.
1059 3224 1121 3263 19,

328 3417 442 3475 Cap.
472 3415 540 3460 11.

1193 181 1368 234 CAP.
1403 185 1452 232 2.
2018 186 2084 236 91

1181 285 1389 331 vixerat
1415 299 1528 331 cum
1551 286 1667 332 viro
1698 299 1791 332 suo
1825 287 1974 332 annis
2003 301 2087 333 se-

1181 354 1320 410 ptem
1338 365 1369 397 a
1386 351 1680 409 virginitate
1699 366 1804 399 sua.

1250 420 1332 465 37.
1367 417 1436 464 Et
1469 419 1596 466 haec
1632 421 1784 467 vidua
1827 435 1986 478 usque
2026 420 2089 465 ad

1180 498 1346 532 annos
1385 485 1644 543 octoginta
1679 489 1920 547 quatuor3
1959 500 2088 544 quae

1179 567 1289 600 non
1309 552 1596 599 discedebat
1621 553 1681 599 de
1707 555 1922 614 templo,
1946 555 2088 613 jeju-

1180 621 1282 667 niis
1301 623 1353 666 et
1372 620 1807 668 obsecrationibus
1827 623 2090 668 serviens?

1182 690 1334 735 nocte
1353 701 1413 734 ac
1434 686 1532 734 die.

1251 757 1331 801 38.
1367 754 1435 801 Et
1451 755 1577 802 haec
1589 785 1604 814 ,
1631 755 1744 812 ipsa
1761 751 1890 801 hora'
1909 769 2088 813 super-

1184 823 1415 882 veniens,
1437 823 1768 889 confitebatur
1785 822 2025 882 Domino,
2041 825 2092 868 et

1181 889 1481 946 loquebatur
1509 889 1570 936 de
1588 887 1680 936 illo
1715 889 1974 949 omnibus,
2005 889 2091 946 qui

1184 958 1578 1014 exspectabant-2
1595 956 1996 1015 redemptionem
2015 957 2091 1002 Is-

1182 1024 1308 1070 rael.

1251 1093 1332 1137 39.
1367 1090 1437 1138 Et
1473 1092 1528 1138 ut
1562 1092 1889 1150 perfecerunt
1921 1090 2093 1137 omnia

1183 1159 1458 1206 secundum
1474 1158 1643 1216 legem
1655 1158 1880 1216 Domini,
1891 1158 2094 1204 reversi

1183 1229 1304 1274 sunt
1337 1227 1392 1272 in
1430 1225 1708 1271 Galilaeam
1742 1225 1797 1271 in
1835 1225 2092 1272 civitatem

1183 1307 1326 1342 suam
1342 1293 1612 1340 Nazareth.
1643 1336 1654 1348 ‚

1250 1363 1332 1407 40.
1368 1362 1502 1407 Puer
1539 1361 1708 1406 autem
1745 1361 2006 1406 crescebat
2043 1360 2095 1404 et

1184 1430 1568 1477 confortabatur
1578 1459 1593 1488 ,
1614 1427 1794 1486 plenus
1815 1425 2090 1485 sapientia3

1184 1499 1236 1544 et
1255 1497 1419 1556 gratia
1436 1495 1534 1542 Dei
1552 1498 1663 1543 erat
1679 1495 1736 1542 in
1753 1494 1862 1541 illo.

1250 1566 1333 1610 41.
1367 1564 1434 1610 Et
1452 1565 1594 1612 ibant
1611 1564 1849 1622 parentes
1869 1560 1980 1620 ejus
1999 1573 2092 1620 per

1185 1645 1362 1678 omnes
1373 1631 1391 1661 ¹
1400 1644 1564 1678 annos
1583 1630 1638 1676 in
1649 1629 1925 1677 Ierusalem
1944 1630 1997 1674 in
2009 1629 2090 1676 die

1184 1698 1404 1745 solemni
1421 1697 1662 1745 Paschae.

1251 1767 1334 1810 42.
1369 1765 1438 1810 Et
1456 1779 1568 1812 cum
1591 1765 1753 1810 factus
1774 1764 1909 1808 esset
1927 1773 2093 1808 anno-

1184 1846 1297 1878 rum
1317 1831 1596 1888 duodecim,
1622 1828 2008 1876 ascendentibus
2027 1827 2094 1872 il-

1183 1899 1249 1946 lis
1278 1898 1642 1957 lerosolymam
1671 1895 1945 1942 secundum
1965 1907 2092 1941 con-

1186 1967 1504 2016 suetudinem
1523 1966 1624 2012 diei
1642 1964 1778 2023 festi,

1251 2038 1335 2082 43.
1391 2033 1848 2090 consummatisque
1899 2030 2091 2089 diebus,

1186 2118 1299 2151 cum
1316 2103 1570 2162 redirent,
1594 2100 1840 2148 remansit
1855 2111 1983 2158 puer
2001 2100 2032 2145 J
2035 2112 2091 2145 e-

1186 2186 1270 2219 sus
1289 2172 1343 2219 in
1362 2170 1637 2218 Ierusalem
1649 2200 1664 2228 ,
1695 2170 1747 2215 et
1761 2180 1869 2213 non
1897 2179 2092 2225 cogno-

1184 2242 1373 2287 verunt
1390 2241 1626 2297 parentes
1647 2236 1774 2295 ejus.

1253 2310 1335 2352 44.
1371 2306 1737 2352 Existimantes
1756 2306 1925 2349 autem
1950 2300 2093 2348 illum

1188 2388 1300 2422 esse
1328 2374 1381 2420 in
1410 2374 1676 2431 comitatu,
1710 2371 1968 2418 venerunt
1995 2369 2093 2415 iter

1188 2442 1316 2501 diei,
1363 2445 1412 2488 et
1445 2439 1774 2497 requirebant
1811 2450 1924 2483 eum
1961 2435 2094 2482 inter

1188 2511 1436 2568 cognatos
1457 2512 1506 2554 et
1525 2511 1704 2563 notos3

1254 2580 1336 2622 45.
1375 2578 1426 2622 et
1460 2589 1568 2621 non
1611 2572 1960 2629 invenientes,
2008 2583 2095 2616 re-

1188 2642 1354 2704 gressi
1374 2642 1561 2689 suntin
1588 2638 1891 2696 Ierusalem,
1920 2636 2095 2695 requi·

1186 2716 1360 2759 rentes
1381 2724 1511 2757 eum.

1256 2782 1338 2825 46.
1372 2778 1441 2823 Et
1449 2778 1635 2823 factum
1646 2774 1738 2832 est,
1750 2774 1868 2830 post
1876 2772 2094 2819 triduum

1187 2846 1499 2893 invenerunt
1526 2840 1669 2887 illum
1695 2839 1750 2886 in
1767 2840 1983 2901 templo,
2012 2854 2095 2887 se·

1191 2914 1392 2960 dentem
1409 2912 1464 2957 in
1494 2906 1662 2955 medio
1684 2906 1974 2968 doctorum,
2004 2920 2096 2955 au·

1191 2981 1409 3029 dientem
1437 2976 1555 3022 illos
1568 3006 1585 3036 ,
1622 2977 1672 3023 et
1696 2975 2098 3036 interrogantem

1192 3061 1339 3160 eoa-⁷·
1388 3113 1666 3173 Stupebant
1701 3112 1865 3158 autem
1904 3120 2098 3167 omnes,

1235 3228 1254 3246 ’
1271 3225 1292 3258 1
1313 3218 1418 3255 Tim.
1437 3222 1474 3264 5,
1492 3223 1527 3258 ⁵.
1593 3226 1611 3245 ¹
1631 3218 1681 3257 cf.
1705 3230 1744 3256 V.
1771 3220 1832 3257 2³.
1881 3215 2008 3255 Marc.
2038 3218 2098 3256 1³,

1187 3270 1251 3305 43.
1297 3269 1318 3293 θ
1331 3265 1457 3305 Deut·
1475 3269 1536 3311 16,
1553 3268 1612 3306 16.

597 3420 668 3460 25·
700 3416 908 3470 Symeon.
965 3420 1036 3460 26.
1069 3418 1124 3459 ab
1145 3417 1310 3472 spiritu
1331 3421 1502 3461 sancto.
1560 3419 1632 3459 34.
1665 3419 1711 3457 et
1729 3409 2100 3456 resurrectionem

204 3478 283 3517 38-
314 3474 644 3517 redemtionem
664 3472 951 3516 Hierusalem
974 3472 1095 3528 (sic).
1164 3477 1234 3516 41.
1269 3472 1489 3516 sollemni·
1557 3474 1627 3513 42.
1657 3470 1705 3511 in
1726 3463 2098 3517 Hierosolymam.

204 3534 282 3573 46.
316 3532 677 3583 interrogantem
691 3528 862 3586 (omiss.
884 3528 1003 3581 eos).
