2376 3925
857 116 1141 169 LUCAS.

486 253 654 305 CAP.
712 251 908 304 XVIII.

232 336 489 380 Pax-abulae
510 338 563 379 de
578 335 735 388 judice
755 335 930 389 iniquo,
944 333 999 375 de
1019 330 1141 373 Pha—

233 397 381 437 risaeo
402 397 449 434 et
500 391 725 434 ublicano.
774 390 911 432 Jesus
930 386 1141 443 parvulos

240 462 267 491 a
287 465 335 492 se
354 461 463 502 repe
484 447 519 489 li
538 450 677 490 vetat.
709 444 916 488 Difficile
932 448 1015 492 est,
1030 442 1141 485 divi-

239 511 331 548 tem
349 503 519 546 salvum
537 504 651 544 fieri.
712 502 831 550 Quid
846 501 934 543 erit
950 499 1141 554 praemii

238 563 320 609 iis,
351 561 426 613 qui
452 561 600 602 omnia
618 559 675 600 ob
706 569 885 601 eausam
914 561 961 598 et
988 567 1141 608 perso-

239 629 343 658 nam
389 615 558 658 Christi
611 613 899 666 relinquunt!
970 609 1141 652 Christi

239 671 516 727 praedicitur
545 685 641 712 sors
670 672 875 711 extrema
910 667 1031 707 inter
1063 664 1141 706 ho-

236 729 394 770 mines.
458 725 629 768 Caecus
670 737 811 779 prope
850 720 1035 764 Jericho
1074 723 1141 762 vi-

540 795 635 824 sum
654 780 833 834 recipit.

305 862 351 905 1.
371 858 583 906 Dicebat
600 857 765 902 autem
783 858 834 901 et
851 854 1143 912 parabolam

239 928 300 974 ad
320 925 703 985 illos,quoniam
722 924 925 981 oportet
944 935 1141 980 semper

241 1008 387 1041 orare
399 986 431 1053 ¹,
455 997 504 1038 et
522 1005 628 1037 non
648 991 875 1036 deficere.

307 1063 353 1106 2.
390 1061 585 1106 dicens:
615 1058 784 1106 Judex
809 1056 1006 1114 quidam
1036 1059 1145 1102 erat

239 1130 295 1175 in
332 1127 543 1185 quadam
580 1125 808 1184 civitate,
860 1125 946 1181 qui
982 1124 1144 1170 Deum

221 1209 345 1253 „non
380 1195 612 1253 timebat,
658 1195 709 1240 et
747 1192 1003 1240 hominem
1037 1205 1143 1236 non

239 1265 585 1309 reverebatur.

233 123 343 173 126

310 1332 357 1376 3.
390 1331 555 1377 Vidua
581 1331 747 1375 autem
772 1327 1015 1384 quaedam
1036 1327 1145 1372 erat

240 1400 295 1444 in
334 1398 535 1443 civitate
574 1396 679 1453 illa,
725 1397 775 1440 et
814 1395 1048 1440 veniebat
1082 1393 1144 1438 ad

240 1479 377 1523 eum,
409 1463 607 1510 dicens:
639 1462 853 1508 Vindica
870 1476 951 1506 me
972 1461 1033 1506 de
1052 1460 1142 1505 ad-

238 1530 470 1577 versario
489 1527 629 1575 meo!

306 1600 352 1644 4.
372 1598 441 1643 Et
456 1596 663 1642 nolebat
678 1609 770 1653 per
788 1594 994 1640 multum
1014 1595 1142 1640 tem-

236 1679 347 1724 pus.
398 1666 522 1711 Post
538 1665 662 1710 haec
680 1665 847 1709 autem
866 1663 993 1709 dixit
1011 1663 1145 1708 intra

239 1747 320 1780 se:
358 1733 471 1780 Etsi
497 1732 659 1778 Deum
689 1745 799 1778 non
824 1731 1008 1791 timeo,
1048 1744 1144 1776 nec

238 1801 495 1848 hominem
511 1813 782 1857 revereor3

307 1872 353 1915 5.
390 1873 575 1928 tamen,
614 1868 731 1925 quia
745 1873 785 1897 '¹⁸
817 1868 1033 1913 molesta
1070 1867 1149 1912 est

240 1935 363 1983 mihi
380 1937 505 1983 haec
518 1935 684 1996 vidua,
698 1934 965 1981 vindicabo
988 1933 1143 1993 illam,

241 2017 324 2061 ne,
346 2004 398 2049 in
418 2004 699 2049 novissimo
721 2002 962 2059 veniens,
986 2002 1145 2058 sugil-

239 2071 312 2116 let
330 2084 426 2115 me.

309 2138 356 2179 6.
376 2135 461 2179 Ait
478 2134 646 2179 autem
662 2133 931 2178 Dominus:
944 2133 1143 2193 Audite,

243 2201 360 2259 quid
375 2200 536 2258 judex
552 2200 832 2255 iniquitatis
856 2200 1001 2245 dicit:

308 2269 354 2313 ’7.
388 2269 527 2314 Deus
547 2269 713 2312 autem
731 2279 838 2312 non
856 2268 1011 2313 faciet
1032 2267 1145 2313 vin-

244 2337 424 2383 dictam
468 2334 745 2381 electorum
790 2347 999 2381 suorum
1041 2336 1147 2382 cla-

240 2404 485 2451 mantium
514 2403 577 2448 ad
603 2415 659 2448 se
687 2402 768 2447 die
802 2415 861 2448 ae
888 2406 1066 2462 nocte,
1098 2405 1149 2449 et

240 2472 535 2530 patientiam
552 2470 753 2516 habebit
772 2470 827 2515 in
844 2469 946 2516 illis
958 2472 980 2515 ’.ἱ

308 2542 355 2586 8.
389 2540 517 2586 Dico
539 2538 711 2596 vobis,
739 2538 856 2594 quia
876 2538 976 2584 cito
994 2536 1151 2584 faciet

244 2608 517 2655 vindictam
534 2606 754 2653 illorum.
789 2605 1148 2651 Verumtamen

241 2673 403 2720 Filius
418 2674 637 2721 hominis
650 2672 877 2733 veniens,
889 2674 1055 2731 putas,
1065 2673 1147 2717 in-

244 2741 416 2787 veniet
434 2742 577 2787 fidem
596 2743 651 2788 in
668 2742 840 2787 terra?

310 2810 356 2852 9.
386 2806 532 2853 Dixit
550 2812 715 2856 autem
737 2811 788 2856 et
806 2808 868 2855 ad
887 2806 1146 2865 quosdam,

244 2874 330 2932 qui
348 2874 403 2919 in
423 2887 477 2919 se
491 2876 806 2923 confidebant
817 2878 1053 2933 tanquam
1060 2876 1147 2932 ju·-

244 2942 327 3001 sti,
346 2942 397 2987 et
418 2944 813 2997 aspernabantur
826 2947 1041 3003 ceteros,
1054 2956 1145 3001 pa-

242 3008 467 3056 rabolam
487 3008 656 3051 istam:

311 3079 391 3123 10.
426 3075 540 3119 1)υο
560 3073 789 3121 homines
811 3077 1148 3124 ascenderunt

242 3144 299 3189 in
333 3141 599 3200 templum,
644 3143 702 3186 ut
738 3147 967 3201 orarent3
1012 3156 1144 3190 unus

242 3210 561 3267 Pharisaeus,
584 3208 635 3252 et
652 3208 778 3255 alter
796 3209 1114 3256 Publicanun.

292 3306 306 3333 ²
323 3307 507 3349 Rom.12,
520 3308 578 3341 12.
606 3302 898 3347 1The22.5,17.
942 3311 975 3331 ’ἢ
994 3308 1142 3347 c.11,8.

1217 115 1388 166 CAP.
1429 116 1510 165 18.

1279 219 1360 261 11.
1396 217 1699 263 Pharisaeus
1761 217 1932 276 stans,

1213 284 1346 342 apud
1381 297 1438 330 se
1475 285 1678 330 orabat:
1726 282 1908 344 Deusk
1932 286 2130 342 gratias

1213 365 1310 409 ago
1329 351 1444 409 tibi,
1475 351 1592 407 quia
1621 364 1728 397 non
1757 364 1868 396 sum
1887 351 2019 398 sicut
2037 367 2130 398 ce-

1213 419 1311 464 teri
1327 418 1614 463 hominum:
1643 419 1878 474 raptores
1891 450 1905 477 ,
1927 419 2129 478 injusti,

1213 485 1450 532 adulteri:
1492 485 1634 530 velut
1659 486 1813 530 etiam
1840 486 1922 532 hic
1950 487 2134 533 Publi-—

1214 565 1382 600 canus.

1278 622 1358 665 12.
1394 620 1584 677 Jejuno
1604 619 1680 666 bis
1700 620 1756 664 in
1777 623 2015 678 sabbat03
2036 621 2128 668 de-

1213 689 1402 734 chnasn
1431 688 1494 733 do
1532 688 1783 746 omnium,
1806 702 1938 744 quae
1957 690 2127 747 possi-

1215 757 1328 802 deo.

1279 825 1358 868 13.
1406 823 1475 868 Et
1519 822 1822 868 Publicanus
1869 836 1900 868 a
1936 822 2130 882 longe⁰

1211 890 1584 950 stans,nolebat
1601 904 1697 936 nec
1718 889 1898 936 oculos
1921 891 1984 936 ad
2005 905 2128 936 coe-

1210 959 1313 1004 lum
1341 958 1542 1015 levare3
1573 957 1660 1002 sed
1687 958 2005 1015 percutiebat
2031 972 2127 1016 pe-

1213 1029 1319 1071 ctus
1341 1039 1502 1083 suum,
1525 1025 1722 1071 dicens:
1753 1025 1914 1070 Deus!
1945 1027 2127 1083 propi-

1211 1093 1311 1139 tius
1333 1095 1442 1152 esto
1463 1092 1586 1138 mihi
1603 1093 1878 1150 peccatori.

1279 1178 1362 1222 14.
1397 1177 1525 1222 Dico
1560 1176 1729 1235 vobis,
1761 1175 2020 1222 descendit
2037 1177 2123 1223 hic

1207 1244 1507 1302 justificatus
1544 1244 1600 1289 in
1639 1243 1836 1289 domum
1885 1257 2023 1290 suam
2059 1247 2122 1290 ab

1213 1312 1330 1370 i1103
1353 1313 1470 1368 quia
1490 1311 1652 1357 omnis
1668 1342 1681 1369 ‚
1711 1312 1797 1368 qui
1825 1325 1883 1358 se
1914 1311 2122 1370 exaltat,

1212 1379 1582 1437 humiliabitur3
1615 1381 1665 1423 et
1694 1379 1778 1435 qui
1797 1393 1851 1424 se
1871 1378 2126 1438 humiliat,

1213 1447 1534 1492 exaltabitur.

1281 1515 1361 1559 15.
1395 1513 1732 1559 PAfferebant
1762 1515 1928 1557 autem
1965 1514 2030 1558 ad
2059 1515 2126 1559 il-

1211 1579 1315 1625 lum
1335 1583 1385 1626 et
1404 1581 1624 1626 infantes
1639 1611 1652 1638 ,
1682 1583 1737 1626 ut
1756 1593 1842 1625 eos
1867 1583 2126 1638 tangeret.

1215 1648 1362 1701 Quod
1382 1663 1494 1693 cum
1514 1647 1744 1693 viderent
1761 1647 2022 1707 discipuli,
2043 1649 2127 1694 in·-

1215 1717 1487 1773 crepabant
1505 1714 1639 1761 illos.

1281 1803 1361 1846 16.
1389 1802 1537 1846 Jesus
1557 1801 1724 1845 autem
1743 1811 2040 1846 convocans
2059 1800 2124 1846 il-

1213 1869 1292 1914 los
1304 1899 1318 1928 ,
1349 1868 1499 1914 dixit:
1539 1867 1702 1913 Sinite
1729 1880 1923 1924 pueros
1945 1869 2124 1914 venire

1214 1936 1277 1981 ad
1295 1949 1392 1995 me,
1415 1937 1466 1982 et
1483 1934 1644 1981 nolite
1663 1937 1839 1981 vetare
1861 1948 1954 1983 eos
1971 1950 1988 1994 3
2005 1935 2121 1981 tali-

1213 2018 1297 2049 um
1317 2005 1394 2049 est
1413 2004 1548 2049 enim
1565 2016 1779 2061 regnum
1798 2003 1914 2050 Dei.

1282 2088 1362 2133 17.
1398 2090 1560 2133 Amen
1571 2087 1682 2132 dico
1697 2088 1866 2133 vobis:
1884 2088 2124 2141 Quicum-

1215 2168 1310 2211 que
1347 2168 1453 2200 non
1489 2155 1744 2212 acceperit
1776 2168 1994 2214 regnum
2026 2156 2128 2201 Dei

1216 2222 1346 2267 sicut
1363 2235 1506 2282 puer,
1527 2235 1634 2267 non
1652 2222 1864 2269 intrabit
1880 2224 1935 2269 in
1955 2222 2098 2269 illud.

1281 2308 1362 2352 18.
1399 2304 1498 2351 ‘IEt
1515 2306 1857 2364 interrogavit
1875 2321 1991 2353 eum
2011 2308 2125 2364 qui-

1217 2373 1328 2419 dam
1353 2374 1617 2432 princeps,
1649 2372 1849 2420 dicens:
1877 2375 2130 2433 Magister

1213 2440 1368 2487 bone!
1390 2440 1507 2497 quid
1529 2439 1749 2501 faciens,
1779 2441 1936 2488 vitam
1955 2450 2126 2488 aeter—

1214 2522 1332 2554 nam
1349 2508 1620 2566 possidebo
1632 2509 1655 2553 3

1282 2589 1363 2634 19.
1382 2588 1527 2635 Dixit
1547 2590 1714 2634 autem
1734 2588 1783 2635 ei
1800 2589 1832 2633 J
1834 2602 1950 2635 esus
1966 2603 1978 2635 :
1996 2590 2127 2643 Quid

1213 2670 1293 2701 me
1315 2656 1438 2701 dicis
1457 2658 1836 2702 bonum‘fnemo
1856 2658 2024 2704 bonus
2043 2658 2126 2702 ni-

1216 2723 1260 2769 si
1279 2723 1416 2769 solus
1437 2723 1592 2768 Deus.

1282 2792 1362 2835 20.
1399 2790 1637 2835 Mandata
1663 2790 1822 2836 nosti:
1857 2792 2014 2850 „Non
2037 2804 2126 2837 oc-

1215 2856 1411 2916 „cides!
1449 2857 1566 2903 Non
1595 2858 1970 2905 moechaberis!
2009 2859 2126 2905 Non

1216 2926 1441 2983 „furtum
1469 2925 1647 2972 facies!
1685 2926 1801 2970 Non
1831 2925 2018 2972 falsum
2045 2930 2127 2973 te—

1216 2992 1544 3051 „stimonium
1585 2991 1745 3038 dices!
1781 2992 1998 3039 Honora
2034 3007 2129 3051 pa·-

1213 3062 1381 3119 „trem
1399 3060 1536 3104 tuum
1556 3060 1606 3105 et
1623 3061 1834 3105 matrem
1847 3059 1896 3105 !“
1911 3066 1934 3090 ¹·

1257 3176 1280 3193 ⁷²
1297 3180 1330 3205 c.
1349 3172 1407 3208 11,
1425 3168 1488 3203 42.
1535 3172 1554 3193 ⁰
1569 3167 1638 3205 PS.
1657 3170 1718 3210 50,
1737 3172 1796 3205 19.
1854 3176 1878 3203 Ρ
1899 3181 1938 3207 v.
1957 3174 2130 3208 15—17.

1211 3214 1356 3251 Matth.
1383 3217 1452 3254 19,
1480 3216 1528 3250 13
1543 3234 1590 3241 —
1607 3216 1666 3253 15.
1697 3214 1825 3253 Marc.
1851 3220 1914 3259 10,
1938 3220 1986 3254 13
2001 3220 2130 3255 -16.

1213 3268 1230 3295 q
1247 3272 1289 3295 V·
1310 3262 1478 3298 18-300
1519 3260 1648 3298 Marc·
1665 3266 1736 3302 10,
1764 3266 1934 3301 17-31·
1974 3262 2130 3300 Mflu-h·

1211 3311 1280 3348 19,
1300 3308 1469 3343 16—30.
1516 3312 1536 3331 ¹·
1551 3306 1685 3347 Exod.
1702 3311 1765 3353 20,
1782 3311 1842 3347 12.
1865 3320 1951 3355 sqq,

359 3454 471 3507 Cap.
502 3449 681 3492 XVIII.
742 3453 810 3492 16.
844 3463 919 3491 eos
940 3456 1105 3491 vetare·
1168 3457 1234 3494 18.
1271 3450 1424 3493 Omiss.
1447 3454 1615 3496 dicens.

1997 219 2130 266 haec
2199 274 2210 281 ,
