2376 3925
296 175 394 224 2⁰8

589 169 855 221 ACTUS
907 161 1559 217 APoSTOLORUM.
1618 158 1782 210 cAP.
1823 160 1909 208 13.

308 230 2200 256 ...-..-.-—-————————-—————-—---——-—-·

366 277 411 320 3.
449 277 589 320 Tunc
613 273 931 330 jejunantes,
965 273 1015 314 et
1043 281 1197 313 oran-

298 347 375 388 tes
385 336 429 399 ¹¹,
447 341 861 398 imponentesque
882 337 956 382 eis
978 347 1152 380 manus
1164 328 1198 390 i,

302 409 595 454 dimiserunt
614 406 746 450 illos.

366 478 413 520 4.
450 474 515 519 Et
532 473 630 530 ipsi
662 471 859 529 quidem
877 470 1015 516 missi
1034 482 1065 514 a
1084 468 1199 524 Spi-

300 542 401 586 ritu
430 542 603 586 sancto
643 539 873 585 abierunt
903 535 1199 593 Seleuciam,

303 613 353 652 et
372 608 485 654 inde
506 607 873 663 navigaverunt
893 605 1125 662 Cyprum.

370 680 415 720 5.
452 675 519 718 Et
547 687 657 719 cum
696 672 952 717 venissent
989 668 1201 714 Salami-

302 756 435 800 nam,
448 740 799 798 praedicabant
820 739 1023 783 verbum
1032 735 1131 780 Dei
1148 734 1204 779 in

304 808 577 867 synagogis
631 804 952 851 Judaeorum.
1034 803 1203 847 Habe-

305 879 427 922 bant
454 877 615 920 autem
645 875 696 917 et
718 861 1000 916 Joanneml‘
1027 869 1081 914 in
1108 869 1203 913 mi-

307 943 534 988 nisterio.

374 1013 420 1054 6.
450 1008 518 1052 Et
527 1021 634 1052 cum
648 1003 1079 1062 perambulassent
1090 1002 1204 1046 uni-

311 1089 506 1121 versam
533 1073 749 1118 insulam
776 1084 936 1128 usque
964 1069 1204 1127 Paphum,

308 1143 611 1188 invenerunt
630 1138 888 1196 quemdam
918 1138 1079 1182 virum
1098 1149 1205 1181 ma-

310 1225 423 1268 gum
501 1196 1038 1266 pseudoprophetaml,
1113 1205 1206 1248 Ju-

308 1278 501 1334 daeum,
522 1275 603 1321 cui
623 1287 807 1320 nomen
830 1276 938 1318 crat
950 1271 1206 1327 Bar-jesu,

377 1347 422 1388 7.
469 1343 555 1399 qui
600 1344 710 1388 erat
748 1354 858 1386 cum
894 1337 1207 1384 Proconsule

310 1411 489 1468 Sergio
500 1408 655 1454 Paulo
671 1408 780 1453 viro
800 1406 1069 1463 prudente..
1092 1404 1206 1459 Hic,

312 1476 569 1522 accersitis
596 1475 823 1518 Barnaba
845 1474 896 1516 et
914 1471 1069 1516 Saulo
1083 1501 1097 1528 ,
1119 1471 1207 1514 de-

310 1544 561 1589 siderabat
579 1539 751 1584 audire
773 1541 977 1583 verbum
996 1537 1107 1582 Dei.

377 1613 422 1654 8.
457 1607 736 1652 Resistebat
764 1609 928 1649 autem
954 1603 1057 1648 illis
1081 1602 1209 1660 Ely-

309 1691 415 1722 mas
434 1688 606 1732 magus
637 1671 732 1732 (sic
753 1672 885 1717 enim
904 1671 1208 1728 interpreta-

310 1749 392 1790 tur
412 1756 597 1788 nomen
616 1739 768 1798 ejus),
791 1751 1039 1795 quaerens
1059 1749 1208 1782 aver-

312 1819 420 1857 tere
439 1806 800 1856 Proconsulem
819 1820 849 1851 a
868 1805 977 1851 fide.

379 1883 425 1923 9.
463 1877 641 1924 Saulus
670 1879 861 1931 autem,
888 1873 971 1929 qui
1000 1873 1052 1918 et
1077 1873 1209 1918 Pau-

312 1949 417 2004 lus,
447 1945 667 2003 repletus
688 1942 878 2001 Spiritu
899 1942 1073 1987 sancto
1088 1971 1101 1998 ,
1130 1938 1211 1983 in-

312 2018 459 2059 tuens
478 2015 532 2057 in
552 2024 681 2066 eum,

383 2081 461 2122 10.
496 2078 647 2122 dixit:
686 2076 727 2119 Ο
756 2075 905 2132 plene
936 2072 1072 2117 omni
1093 2071 1210 2115 dolo

316 2148 365 2189 et
386 2143 521 2188 omni
540 2140 765 2197 fallacia,
786 2139 856 2185 fili
876 2136 1083 2183 diaboli!
1110 2138 1211 2182 ini-

311 2212 438 2255 mice
459 2207 621 2252 omnis
637 2204 885 2262 justitiae!
899 2217 1001 2249 non
1026 2204 1212 2249 desinis

314 2278 607 2321 subvertere
628 2272 735 2317 vias
755 2271 959 2316 Domini
979 2274 1158 2317 rectas·

380 2358 460 2400 11.
494 2355 562 2399 Et
578 2366 710 2398 nunc
732 2351 871 2398 ecce!
901 2364 1076 2397 manus
1103 2352 1211 2397 Do-

314 2425 435 2471 mini
466 2434 615 2480 super
643 2424 768 2478 tem,
808 2423 859 2465 et
886 2418 985 2463 eris
1014 2432 1212 2476 caecus,

315 2506 421 2539 non
440 2490 615 2536 videns
644 2487 802 2533 solem
828 2500 985 2542 usque
1005 2486 1066 2531 ad
1084 2489 1212 2531 tem-

315 2574 422 2618 pus.
458 2559 526 2603 Et
545 2555 808 2603 confestim
828 2554 1010 2601 cecidit
1028 2554 1081 2598 in
1102 2567 1216 2599 eum

316 2628 481 2685 caligo
509 2628 558 2671 et
582 2624 840 2679 tenebrae,
878 2622 929 2667 et
964 2620 1213 2666 circuiens

318 2694 601 2750 quaerebat,
624 2690 709 2747 qui
727 2689 775 2734 ei
792 2701 989 2733 manum
1013 2688 1167 2733 daret.

386 2762 462 2803 12.
502 2761 644 2805 Tunc
683 2753 964 2802 Proconsul
993 2767 1102 2799 cum
1138 2753 1212 2797 vi-

318 2826 471 2869 disset
488 2827 688 2884 factum,
710 2822 941 2877 credidit,
963 2821 1214 2866 admirans

318 2905 467 2947 super
490 2891 717 2937 doctrina
735 2889 954 2936 Domini.

384 2960 462 3002 13.
498 2957 565 3001 Et
593 2971 703 3001 cum
730 2957 947 3014 aPapho
976 2955 1215 3013 navigas-

362 3066 381 3093 ἢ
400 3068 515 3106 c.14,
533 3068 590 3099 22.
637 3059 653 3087 ἱ
673 3076 703 3098 e.
722 3068 759 3105 6,
776 3067 813 3101 6.
859 3062 881 3090 k
899 3068 1020 3103 c.12,
1039 3068 1096 3100 12.
1146 3062 1160 3087 1
1179 3074 1214 3097 c.

317 3119 354 3155 8,
374 3119 407 3151 9.
457 3119 487 3137 ‘⁸
506 3123 540 3146 c.
559 3114 597 3150 5,
616 3114 653 3146 9.
673 3114 733 3145 10.

435 3259 545 3311 Cap.
576 3254 711 3297 XIII.
786 3259 825 3295 4.
859 3256 912 3295 ab
942 3258 1115 3309 spiritu.

1195 3260 1234 3297 6.
1265 3257 1406 3297 virum
1433 3254 1678 3307 quemdam.
1754 3256 1795 3295 Ἰ.

1269 267 1381 311 sent
1399 263 1599 318 Paulus,
1617 264 1666 307 et
1685 261 1900 316 quicum
1921 275 1988 306 eo
2013 267 2190 319 erant,

1269 333 1518 382 venerunt
1577 330 1773 385 Per-gen
1830 328 2189 386 Pamphyliae.

1269 400 1299 443 J
1303 410 1492 443 oannes
1513 400 1678 441 autem
1690 395 1990 440 discedens⁰
2001 399 2065 441 ab
2089 397 2190 453 eis,

1270 477 1504 510 reversus
1525 466 1602 508 est
1619 461 1999 519 lerosolymam.

1337 551 1415 592 14.
1460 547 1540 592 Illi
1589 558 1712 591 vero
1760 549 2188 602 pertranseuntes

1269 617 1485 673 Pergen,
1501 615 1749 659 venerunt
1757 612 2082 657 Antiochiam
2091 613 2188 657 Pi-

1271 681 1455 738 sidiae3
1496 685 1546 726 et
1577 679 1798 737 ingressi
1829 685 2190 736 synagogam⁰

1273 750 1351 794 die
1373 751 1691 794 sabbatorum
1711 745 1968 790 sederunt.

1338 835 1418 877 15.
1438 833 1561 876 Post
1578 830 1850 876 lectionem
1860 833 2029 874 autem
2048 830 2184 886 legis

1273 902 1324 946 et
1333 899 1695 956 Prophetarum
1705 903 1753 954 P,
1766 896 2016 942 miserunt
2033 896 2183 952 prin-

1274 967 1410 1023 cipes
1439 977 1729 1024 synagogae
1761 964 1822 1008 ad
1852 976 1968 1020 eos,
2001 963 2184 1008 dicen-

1273 1036 1376 1079 tes:
1414 1032 1525 1077 Viri
1560 1029 1765 1076 fratres!
1805 1030 1846 1074 si
1873 1030 1984 1084 quis
2017 1033 2102 1074 est
2131 1031 2182 1074 in

1275 1100 1418 1146 vobis
1471 1111 1636 1144 sermo
1691 1095 2059 1143 exhortationis
2121 1097 2186 1140 ad

1274 1167 1486 1224 plebem,
1509 1163 1682 1210 dicite!

1342 1236 1420 1277 16.
1459 1234 1682 1289 Surgens
1703 1235 1866 1276 autem
1883 1229 2062 1274 Paulus
2079 1259 2094 1286 ,
2131 1233 2188 1274 et

1273 1313 1423 1345 manu
1477 1299 1730 1345 silentium
1781 1297 2022 1352 indicens,
2075 1297 2182 1340 ait:

1272 1367 1385 1413 Viri
1421 1365 1708 1422 Israelitae,
1759 1367 1808 1410 et
1853 1364 1939 1420 qui
1989 1363 2183 1408 timetis

1273 1431 1456 1479 Deum!
1478 1431 1670 1477 audite:

1343 1502 1422 1544 17.
1458 1500 1594 1545 Deus
1633 1498 1790 1555 plebis
1827 1498 1988 1542 lsrael
2024 1498 2182 1554 elegit

1276 1569 1443 1625 patres
1471 1569 1704 1624 nostros,
1737 1569 1786 1610 et
1811 1565 2010 1622 plebem
2033 1565 2178 1609 exal-

1277 1635 1417 1690 tavit,
1433 1648 1542 1679 cum
1562 1635 1730 1678 essent
1748 1632 1948 1676 incolae
1969 1633 2023 1676 in
2042 1634 2180 1676 terra

1277 1701 1510 1758 Aegypti,
1552 1703 1602 1745 et
1636 1701 1688 1744 in
1728 1699 1932 1744 brachio
1974 1699 2178 1744 excelso

1279 1768 1454 1814 eduxit
1473 1780 1560 1812 eos
1581 1781 1649 1813 ex
1667 1779 1744 1820 ea,

1345 1837 1425 1880 18.
1462 1837 1514 1880 et
1531 1847 1620 1892 per
1639 1833 1999 1890 quadraginta«
2018 1846 2180 1878 anno-

1280 1917 1388 1949 rum
1407 1905 1599 1958 tempus
1627 1913 1794 1945 mores
1829 1912 2004 1944 eorum
2029 1901 2180 1944 susti-

1278 1971 1388 2016 nuit
1406 1970 1458 2015 in
1481 1970 1696 2015 deserto.

1347 2039 1427 2082 19.
1469 2036 1536 2081 Et
1581 2036 1842 2082 destruens
1883 2037 2060 2091 gentes
2097 2047 2182 2079 se-

1280 2105 1447 2161 ptem'·
1483 2104 1537 2148 in
1574 2105 1713 2148 terra
1753 2102 2012 2159 Chanaan,
2045 2106 2183 2145 sorte

1282 2170 1533 2216 distribuit
1551 2170 1624 2215 eis
1644 2173 1829 2214 terram
1849 2181 2044 2226 eorum,

1348 2238 1427 2282 20.
1464 2237 1605 2294 quasi
1642 2238 1756 2293 post
1786 2235 2185 2293 quadringentos

1282 2307 1332 2350 et
1359 2304 1720 2361 quinquaginta
1747 2316 1943 2359 anno-3
1983 2306 2036 2349 et
2071 2306 2188 2359 post

1279 2372 1404 2417 haec
1434 2371 1570 2416 dedit
1591 2370 1787 2427 judices
1816 2383 1978 2425 usque
2006 2369 2070 2414 ad
2089 2369 2184 2415 Sa-

1281 2438 1414 2483 muel
1432 2437 1749 2495 Prophetam.

1349 2507 1427 2549 21.
1473 2504 1540 2549 Et
1577 2504 1759 2550 exinde
1795 2504 2188 2560 postulaverunt

1282 2585 1480 2629 regem;
1513 2573 1563 2617 et
1593 2571 1726 2616 dedit
1753 2570 1854 2615 illis
1875 2571 2015 2616 Deus
2046 2571 2186 2627 Saul,

1283 2638 1436 2683 filium
1457 2638 1558 2697 Cis,
1581 2638 1744 2684 virum
1761 2638 1823 2682 de
1844 2638 1980 2684 tribu
1997 2638 2186 2693 Benja-

1282 2706 1402 2764 min,
1424 2706 1569 2751 annis
1591 2705 1965 2761 quadraginta⁸.

1349 2786 1428 2829 22.
1463 2785 1532 2830 Et
1567 2787 1735 2831 amoto
1775 2784 1884 2842 illo,
1925 2784 2188 2830 suscitavit

1284 2851 1384 2898 illis
1411 2852 1576 2897 David
1603 2865 1801 2909 regem;
1841 2851 1924 2896 cui
1958 2852 2189 2897 testimo-

1285 2919 1418 2965 nium
1455 2919 1750 2977 perhibens,
1791 2918 1972 2963 dixit‘:
2007 2916 2191 2962 Inveni

1329 3024 1350 3041 ⁸
1370 3028 1402 3051 c.
1419 3018 1488 3058 1⁵,
1513 3017 1571 3052 38.
1621 3022 1638 3039 ⁰
1657 3026 1692 3049 c.
1710 3018 1778 3056 17,
1803 3016 1841 3049 2.
1877 3025 1912 3049 c.
1931 3017 2000 3055 18,
2018 3017 2057 3049 4.
2103 3020 2126 3043 P
2151 3025 2186 3045 c.

1285 3066 1352 3104 15,
1377 3065 1438 3097 21.
1504 3068 1520 3094 ⁴1
1538 3060 1658 3097 Num.
1687 3065 1756 3101 14,
1781 3063 1841 3096 34.
1907 3068 1927 3084 r
1944 3059 2027 3096 Jos.
2045 3063 2108 3101 24,
2130 3063 2188 3095 11.

1284 3116 1298 3133 ο·
1318 3113 1338 3145 1
1354 3108 1454 3154 neg.
1472 3109 1616 3144 8—10.
1663 3109 1680 3132 t
1697 3110 1719 3142 1
1737 3106 1834 3151 Reg.
1855 3109 1914 3146 13,
1935 3109 1998 3141 14.

1836 3254 2070 3295 accersitis
2090 3254 2196 3305 (sed

316 3330 340 3356 r
358 3328 497 3371 supra
517 3327 539 3354 c
558 3318 603 3353 et
622 3324 642 3351 s
661 3323 798 3365 supra
816 3324 839 3351 r
860 3308 957 3351 alia
984 3324 1125 3351 mmm
1148 3311 1368 3374 scriptum
1393 3311 1521 3363 est-J,
1548 3308 1656 3353 ibid.
1685 3313 1732 3351 et
1749 3307 1919 3358 Paulo;
1948 3307 2055 3350 ibid.
2087 3320 2190 3348 ver-

314 3372 418 3412 bum
441 3368 635 3411 Domini.
698 3369 762 3405 10.
799 3362 919 3406 filius
950 3364 1130 3405 Diaboli
1160 3366 1280 3417 (alm
1297 3378 1439 3406 marm
1466 3372 1714 3407 correctum
1733 3363 1924 3418 legitur.-
1953 3362 2060 3416 fili).
2121 3368 2188 3403 12.

318 3439 453 3478 super
482 3422 738 3465 doctrinam-
801 3422 865 3459 13.
898 3418 1088 3461 Deerat.-
1119 3426 1268 3467 erant,
1298 3422 1376 3460 sed
1397 3418 1495 3461 alia
1522 3434 1680 3464 mamas
1706 3420 1901 3476 antiqua
1917 3417 2122 3473 repende
2141 3418 2188 3459 in

318 3479 539 3535 margine.
598 3480 663 3517 17.
696 3479 895 3515 extento.
955 3477 1021 3514 22.
1054 3475 1123 3515 cui
1144 3480 1191 3515 et
1209 3475 1521 3517 testimonium.
