2376 3925
559 182 960 235 EPISTOLA
997 183 1297 235 JACOBI.
1369 184 1531 235 CAP.
1572 188 1619 235 4.
1642 187 1691 236 5.

255 288 306 331 6.
363 286 612 343 Major-em
647 289 814 332 autem
855 286 940 331 dat
976 300 1093 344 gra-

179 353 327 398 tiam.
364 352 583 410 Propter
604 353 737 410 quod
751 353 895 399 dicit:
918 353 1094 413 „Deus

181 420 460 479 „superbis
478 418 697 479 resistit,
715 420 983 467 humilibus
1003 434 1093 466 au-

183 489 332 546 „tem
353 486 437 532 dat
453 486 752 545 gratiam“·⁸'.

253 571 304 615 7.
347 568 540 616 Subditi
583 577 724 629 ergo*
753 572 915 617 estote
952 571 1092 628 Deo;

179 636 415 683 resistite
434 639 600 683 autem
618 637 818 684 diabolo
831 669 846 698 ,
869 640 920 684 et
936 638 1097 696 fugiet

181 716 214 749 a
237 704 410 750 vobis.

252 773 304 815 8.
345 771 753 829 Appropinquate
773 771 883 817 Deo
897 802 913 832 ,
935 774 986 818 et
1003 784 1094 829 ap-

179 836 549 895 propinquabit
584 839 746 885 vobis.
813 839 1094 885 Emundate

180 916 386 963 manus,
407 908 727 963 peccatore-3
759 908 810 951 et
836 907 1094 965 purificate

181 972 366 1032 eorda,
389 972 610 1031 duplices
629 973 813 1019 animo.

252 1058 302 1101 9.
341 1056 521 1102 Miseri
550 1058 739 1114 estote,
771 1059 821 1101 et
838 1056 1026 1115 lugete,
1048 1058 1099 1102 et

183 1122 421 1180 plorate3
457 1122 592 1169 risus
624 1126 791 1169 vester
820 1123 874 1169 in
910 1123 1099 1170 luctum

185 1191 543 1248 convertatur,
564 1191 615 1235 et
632 1188 864 1248 gaudium
882 1189 937 1236 in
954 1204 1097 1237 moe-

183 1270 383 1303 rorem.

256 1326 343 1369 10.
380 1322 722 1369 Humiliamini
742 1324 795 1369 in
823 1326 1098 1382 conspectu

185 1390 421 1449 Domini,
442 1393 492 1437 et
511 1391 750 1437 exaltabit
769 1404 876 1437 vos.

258 1475 346 1519 11.
391 1473 560 1521 Nolite
609 1475 872 1521 detrahere
906 1474 1098 1521 alteru-

185 1544 345 1600 trum,
367 1542 548 1588 fratres
561 1541 571 1588 Ξ
586 1542 687 1595 Qui
699 1542 916 1589 detrahit
933 1542 1097 1601 fratri,

186 1611 277 1654 aut
298 1608 386 1665 qui
402 1609 594 1665 iudicat
610 1610 818 1655 fratrem
835 1622 996 1668 suum,
1009 1610 1098 1655 de-

187 1675 352 1720 trahit
370 1674 498 1732 legi,
521 1676 572 1720 et
584 1675 775 1731 judicat
791 1675 972 1733 legem.
1046 1676 1101 1721 Si

186 1745 365 1787 autem
380 1740 574 1797 judicas
593 1739 755 1799 legem
770 1770 784 1799 ,
821 1754 929 1786 non
949 1754 1002 1788 es
1021 1743 1100 1787 fa-

187 1812 308 1854 ctor
329 1806 476 1866 legis,
502 1806 588 1853 sed
602 1807 777 1864 judex.

261 1875 347 1919 12.
383 1874 522 1919 Unus
552 1875 629 1920 est
658 1873 923 1932 legislator
951 1877 1002 1921 et
1014 1874 1101 1932 ju-

190 1942 325 2001 dex,
357 1940 443 1998 qui
469 1942 639 2000 potest
664 1942 876 2001 perdere
905 1942 1101 1990 etlibe-

191 2023 335 2056 rare.

264 2078 348 2122 13.
387 2077 466 2122 Tu
484 2078 647 2123 autem
667 2076 776 2135 quis
797 2089 850 2124 es
864 2107 878 2136 ,
916 2077 1001 2135 qui
1013 2078 1101 2136 ju-

193 2144 337 2192 dicas
383 2143 698 2202 proximum?
750 2143 905 2191 Ecce!
945 2159 1098 2204 nune,

194 2213 285 2268 qui
315 2212 505 2258 dicitis:
545 2212 746 2270 „Hodie
772 2215 858 2257 aut
876 2213 1098 2259 erastino

195 2279 418 2338 „ibimus
438 2279 492 2324 in
511 2278 646 2324 illam
667 2278 936 2338 civitatem,
953 2283 1006 2326 et
1022 2282 1100 2326 fa·-

195 2346 363 2404 „ciem
372 2359 428 2390 us
464 2345 532 2399 ibi
569 2345 766 2402 quidem
803 2359 986 2392 annum
1000 2376 1015 2405 ,
1052 2349 1103 2392 et

197 2411 592 2472 ‚‚me1·cabimur‚
629 2414 680 2458 et
715 2411 909 2458 lucrum
944 2413 1102 2460 facie-

196 2477 404 2537 „mus“.

265 2547 348 2592 14.
389 2545 485 2599 Qui
504 2545 778 2604 ignoratis,
799 2545 916 2604 quid
935 2547 1032 2593 erit
1050 2545 1103 2592 in

197 2613 426 2660 erastino
435 2618 485 2655 J.

267 2682 350 2726 15.
374 2679 515 2732 Quae
535 2681 614 2726 est
631 2679 763 2725 enim
785 2679 886 2726 vita
905 2680 1105 2726 vestra?

200 2759 364 2804 vapor
385 2748 462 2791 est
481 2745 544 2792 ad
561 2747 812 2792 modicum
832 2759 1032 2806 parens,
1056 2750 1108 2793 et

206 2814 449 2870 deinceps
469 2813 908 2872 exterminabitur,
928 2827 1023 2871 pro
1043 2827 1106 2861 eo

249 2917 276 2934 ⁸
293 2909 414 2946 Prov.
431 2911 470 2949 8,
489 2910 552 2945 34.
600 2915 623 2942 7
639 2907 741 2944 Luc.
761 2911 820 2952 12,
838 2910 1006 2947 16-20.

1962 188 2059 240 365

1160 288 1219 331 ut
1248 286 1449 333 dicatis:
1487 288 1583 346 „Si
1607 288 1852 337 Dominus
1884 290 2061 337 volue-

1162 352 1355 412 „rit“⁸.
1423 353 1513 400 Et:
1546 356 1640 414 „Si
1668 356 1963 417 vixerimus,
1983 359 2062 404 fa-

1161 420 1387 480 „eiemus
1406 421 1521 482 hoc,
1542 425 1626 468 aut
1644 422 1822 470 illud“.
1872 478 1877 481 ¹

1230 488 1312 533 16.
1353 488 1501 535 Nunc
1535 492 1701 536 autem
1736 490 1973 537 exultatis
2009 492 2064 537 in

1163 554 1411 612 superbiis
1444 556 1641 602 vestris.
1712 558 1885 604 Omnis
1916 558 2063 605 exul-

1162 622 1287 667 tatio
1305 621 1422 668 talis
1440 622 1660 680 maligna
1681 627 1771 670 est.

1231 690 1311 734 17.
1349 689 1539 736 scienti
1554 690 1709 747 igitur
1722 693 1907 738 bonum
1926 694 2064 739 face-

1159 768 1236 814 re,
1259 758 1309 802 et
1328 769 1434 802 non
1452 757 1684 816 facienti,
1714 762 1968 816 peccatum
1990 763 2067 805 est

1160 821 1285 869 illia.

1462 934 1632 986 GAP.
1697 936 1763 987 V.

1138 1032 1236 1074 ‘De
1274 1033 1489 1077 divitibus
1518 1047 1741 1099 pauperes
1769 1035 2065 1089 opprimenti·

1162 1088 1261 1130 bns.
1331 1089 1457 1141 Fuge
1498 1090 1829 1142 jusjurandum.
1893 1091 2066 1132 Infirmi

1162 1143 1527 1199 presbyterorum
1554 1158 1689 1187 manu
1708 1145 1809 1187 oleo
1826 1150 2063 1198 ungantur,

1386 1204 1434 1242 et
1453 1198 1619 1243 delicta
1636 1202 1843 1244 recitent.

1234 1293 1280 1336 1.
1325 1292 1475 1350 Agite
1510 1305 1644 1339 nunc
1656 1324 1671 1352 ,
1708 1291 1913 1340 divites!
1950 1293 2067 1351 plo-

1163 1351 1307 1405 rateb
1341 1359 1594 1406 ululantes
1632 1360 1685 1405 in
1720 1359 1937 1406 miseriis
1978 1374 2067 1406 ve·-

1166 1425 1302 1485 stris,
1323 1439 1451 1484 quae
1469 1427 1742 1473 advenient
1760 1426 1921 1473 vobis.

1233 1495 1280 1538 2.
1302 1494 1520 1541 Divitiae
1540 1496 1741 1541 vestrae
1759 1496 2068 1554 putrefactae

1165 1563 1306 1618 sunt;
1320 1562 1371 1606 et
1384 1562 1680 1609 vestimenta
1690 1566 1858 1608 vestra
1868 1576 1898 1608 a
1916 1562 2068 1608 tineis

1167 1629 1388 1673 comesta
1406 1631 1538 1674 sunt.

1236 1695 1283 1739 3.
1302 1696 1493 1741 Aurum
1512 1697 1563 1741 et
1574 1698 1837 1753 argentum
1850 1696 2073 1741 vestrum

1167 1761 1513 1819 aeruginavit3
1544 1763 1595 1807 et
1614 1774 1803 1818 aerugo
1824 1774 2001 1807 eorum
2018 1762 2071 1806 in

1167 1825 1509 1873 testimonium
1538 1827 1679 1874 vobis
1710 1828 1832 1886 erit,
1860 1829 1911 1873 et
1928 1840 2071 1873 man-

1169 1892 1369 1939 ducabit
1378 1906 1555 1940 carnes
1568 1886 2070 1953 vestras,sicut'ignis.

1169 1960 1573 2008 Thesaurizastis
1593 1961 1737 2009 vobis
1756 1962 1883 2009 iram
1901 1962 1953 2008 in
1972 1975 2069 2008 no-

1172 2028 1389 2075 vissimis
1411 2029 1583 2077 diebus
1593 2037 1629 2074 ⁰.

1235 2098 1284 2142 4.
1318 2095 1473 2143 Ecce!
1491 2109 1683 2144 merces
1704 2097 2071 2156 operariorum,

1167 2162 1254 2220 qui
1271 2167 1589 2211 messuerunt
1600 2164 1838 2223 regiones
1858 2167 2071 2223 vestras,

1168 2243 1297 2288 quae
1334 2231 1564 2280 fraudata
1595 2235 1673 2278 est
1698 2244 1729 2278 a
1756 2232 1928 2289 vobis,
1966 2232 2072 2278 ela·-

1167 2301 1297 2355 mat3
1338 2301 1389 2344 et
1417 2299 1607 2346 elamor
1636 2313 1812 2346 eorum
1840 2300 1895 2345 in
1923 2313 2071 2345 aures

1167 2364 1376 2411 Domini
1396 2367 1615 2413 Sabaoth
1634 2366 1880 2412 introivit.

1238 2435 1285 2478 5.
1319 2432 1523 2489 Epulati
1552 2432 1671 2478 estis
1698 2445 1849 2489 super
1868 2433 2071 2490 terram,

1171 2501 1223 2544 et
1241 2499 1295 2544 in
1312 2499 1531 2545 luxuriis
1546 2498 1805 2544 enutristis
1818 2498 1972 2544 corda
1984 2512 2072 2544 ve-

1171 2569 1279 2611 stra
1295 2564 1349 2610 in
1370 2565 1449 2611 die
1471 2564 1742 2611 occisionis
1754 2557 1797 2608 ἆ.

1240 2634 1287 2678 6.
1322 2631 1603 2678 Addixistis
1632 2634 1682 2678 et
1710 2630 1966 2677 occidistis
1987 2631 2074 2689 ,ἰυ-

1173 2702 1321 2759 stum,
1342 2702 1395 2745 et
1410 2712 1516 2746 non
1535 2698 1723 2746 restitit
1739 2698 1900 2744 vobis.

1240 2768 1288 2812 ’1.
1319 2766 1574 2813 Patientes
1593 2766 1749 2824 igitur
1768 2767 1948 2826 estote,
1967 2767 2074 2813 fra-

1223 2869 1241 2888 ὓ
1258 2861 1352 2899 Act.
1371 2864 1431 2905 18,
1448 2866 1509 2899 21.
1575 2867 1597 2887 ⁴¹
1613 2861 1714 2898 Luc.
1733 2864 1793 2903 12,
1811 2863 1873 2900 47.
1938 2861 1956 2888 ὃ
1971 2862 2074 2898 Luc.

1173 2912 1212 2952 6,
1229 2913 1289 2946 24-
1338 2915 1355 2934 ⁴·
1371 2920 1412 2944 v.
1430 2911 1469 2946 5.
1516 2907 1539 2934 δ
1554 2910 1578 2943 2
1593 2907 1700 2944 Petr-
1718 2911 1757 2950 2,
1777 2911 1835 2946 12.
1853 2908 1933 2946 ἔοι·-
1942 2912 2005 2950 46,
2015 2913 2075 2946 21.

319 3055 432 3110 Cap.
460 3054 546 3098 IV.
601 3058 644 3097 ⁴1.
675 3055 844 3097 subditi
862 3057 1015 3107 igitur.
1074 3061 1114 3099 8.
1144 3056 1509 3112 adpropinquate
1538 3055 1638 3099 Deo
1666 3060 1715 3100 et
1740 3057 2075 3113 adpropinqua-

203 3112 272 3152 vit
289 3113 434 3155 vobis·
493 3114 534 3154 9.
562 3123 798 3154 merorem.
858 3116 924 3154 10.
954 3109 1193 3154 exaltavit.
1255 3115 1320 3154 13.
1352 3115 1401 3153 et
1436 3112 1654 3154 faciemus
1688 3113 1864 3167 quidem
1900 3113 1962 3154 ibi
1997 3123 2077 3152 sn-

207 3179 328 3208 num.
389 3171 456 3209 14.
487 3167 592 3220 quid
623 3168 684 3208 sit
711 3167 759 3208 in
788 3169 1042 3209 crastinum.
1103 3171 1169 3210 15.
1200 3179 1314 3220 quae
1340 3168 1459 3209 enim
1486 3171 1558 3209 est
1583 3169 1678 3210 vita
1702 3175 1880 3218 vestra3
1906 3166 2015 3210 ibid.
2038 3166 2079 3208 si

209 3220 432 3263 Dominus
449 3219 643 3264 voluerit
661 3225 709 3264 et
737 3222 984 3264 vixerimus
1011 3223 1231 3265 faciemus
1250 3222 1333 3264 hoc
1352 3225 1431 3264 sut
1449 3221 1579 3264 illud.
1692 3222 1751 3265 V.

1811 3228 1849 3265 1.
1879 3223 1927 3265 in
1946 3223 2091 3270 mise·,

209 3275 292 3318 riis
323 3289 437 3331 quae
459 3277 699 3320 advenient
715 3278 845 3320 vobis
873 3279 1016 3332 (deest
1033 3279 1237 3332 vestris).
1294 3281 1336 3320 2.
1366 3278 1698 3332 putraefactae.
1756 3282 1797 3320 3.
1827 3277 2080 3329 eruginavit

209 3335 258 3372 et
284 3345 444 3384 erugo;
483 3332 589 3374 ibid.
630 3333 974 3375 thesaurizastis
1011 3334 1124 3376 iram
1160 3335 1307 3388 (deest
1328 3333 1496 3386 vobis).
1564 3337 1606 3375 4.
1638 3334 1713 3387 qui
1741 3333 1980 3375 fraudatus
2010 3335 2081 3374 est

213 3386 350 3442 (ss'c);
370 3387 478 3430 ibid.
511 3391 558 3430 et
585 3386 755 3432 clamor
779 3389 981 3442 ipsorum
1007 3391 1055 3431 in
1082 3401 1215 3431 aures
1245 3388 1429 3432 Domini
1456 3387 1658 3432 Sabaoth
1685 3389 1902 3431 introivit.
1962 3391 2002 3430 5.
2032 3389 2082 3430 in

216 3441 334 3485 diem
355 3444 606 3487 occisionis.
674 3447 715 3487 6.
759 3444 1020 3488 adduxistis
1055 3445 1288 3490 occidistis
1306 3444 1476 3498 justum
1506 3445 1651 3502 (deest
1674 3445 1771 3498 et);
1798 3442 1906 3488 ibid-
1928 3449 1975 3487 et
1992 3457 2081 3488 non

213 3499 391 3542 resistit
407 3499 547 3542 vobis-
