2376 3925
395 165 624 217 EPIST.
661 163 878 215 PAULI
911 161 1010 212 AD
1048 161 1511 216 CORINTHIOS.
1552 165 1703 216 cAP.
1741 167 1791 216 7.

187 269 395 327 habeat,
425 269 476 314 et
503 279 830 324 unaquaeque
851 279 994 312 suum
1015 265 1094 311 vi-

188 349 301 382 rum
319 335 516 382 habeat.

257 405 302 448 3.
339 403 504 448 Uxori
535 401 614 447 vir
644 399 858 447 debitum
889 399 1090 458 reddat3

187 469 420 516 similiter
438 470 608 515 autem
625 470 678 514 et
695 481 826 514 uxor
847 467 974 513 viro.

251 539 299 582 4.
335 536 526 582 Mulier
561 535 639 581 sui
679 535 909 592 corporis
945 536 1093 592 pote-

186 608 368 650 statem
393 617 502 648 non
525 604 699 660 hahet,
730 603 818 648 sed
845 602 939 647 vir.
1011 601 1092 648 Si-

185 672 375 718 militer
403 673 568 716 outem
596 673 646 716 et
665 670 744 715 vir
764 670 841 715 sui
863 669 1092 726 corporis

185 739 488 796 potestatem
497 751 602 782 non
612 738 778 796 habet,
790 737 879 783 sed
895 736 1093 782 mulier.

252 809 300 851 5.
319 805 493 851 Nolite
509 804 744 850 fraudare
763 805 998 863 invicem,
1011 803 1094 848 ni-

185 873 230 919 si
247 875 384 919 forte
414 885 480 918 ex
509 884 762 918 consensu
789 871 853 916 ad
879 873 1093 929 tempus,

183 943 242 986 ut
261 939 452 986 vacetis
474 939 724 996 orationi3
739 941 790 984 et
807 939 990 984 iterum
1007 951 1094 983 re·-

187 1007 444 1052 vertimini
470 1006 525 1051 in
543 1006 596 1051 id
614 1006 794 1064 ipsum,
833 1019 898 1051 ne
934 1006 1096 1050 tentet

191 1087 286 1118 vos
313 1077 508 1119 satanas
539 1075 748 1131 propter
767 1072 1094 1119 incontinen-

189 1141 314 1186 tiam
331 1143 564 1186 vestrum.

258 1211 306 1253 6.
339 1208 454 1254 Hoc
479 1209 646 1252 autem
675 1205 788 1252 dico
823 1206 1095 1253 secundum

188 1274 690 1334 indulgentiam,non
709 1273 982 1321 secundum
999 1274 1096 1319 im-

189 1343 406 1401 perium.

259 1409 470 1471 ⁶1.‚v010
493 1409 627 1456 enim
647 1423 821 1456 omnes
841 1421 934 1454 vos
965 1421 1093 1467 esse,

191 1478 324 1524 sicut
339 1491 420 1522 me
437 1477 626 1534 ipsum3
649 1476 738 1522 sed
755 1476 1096 1534 unusquisque

189 1544 452 1603 proprium
474 1544 660 1590 donum
686 1544 836 1590 habet
862 1557 928 1589 ex
954 1543 1096 1600 Deo;

190 1613 323 1658 alius
341 1611 541 1669 quidem
561 1611 650 1668 sic,
672 1611 800 1656 alius
819 1623 944 1656 vero
964 1610 1054 1656 sic.

259 1681 307 1724 8.
341 1679 474 1724 Dico
503 1679 670 1722 autem
698 1689 804 1722 non
831 1675 1028 1734 nuptis,
1051 1677 1102 1721 et

191 1746 360 1792 viduis
373 1757 386 1790 ε
398 1746 586 1791 bonum
599 1745 677 1788 est
695 1742 814 1801 illis,
827 1743 872 1788 si
890 1742 963 1787 sic
981 1755 1100 1799 per-

189 1812 450 1868 maneant,
471 1811 602 1856 sicut
621 1811 672 1854 et
690 1821 803 1866 ego.

257 1883 310 1926 9.
349 1876 500 1930 Quod
527 1877 571 1922 si
602 1889 708 1922 non
738 1889 792 1922 se
822 1875 1101 1934 continent,

191 1947 403 1995 nubant.
437 1944 622 1991 Melius
644 1945 721 1991 est
740 1942 874 1991 enim
891 1945 1100 2003 nubere,

193 2028 344 2072 quom
363 2013 459 2059 uri.

261 2083 346 2126 10.
381 2080 450 2128 Iis
473 2080 654 2139 sutem,
676 2080 761 2136 qui
777 2079 1100 2125 matrimonio

188 2148 358 2207 juncti
387 2150 529 2205 sunt,
558 2147 816 2205 praecipio
842 2160 950 2192 non
985 2159 1098 2205 ego,

193 2216 288 2263 sed
322 2215 566 2260 Dominus
576 2220 626 2274 y,
674 2228 886 2261 uxorem
922 2226 953 2259 a
986 2214 1100 2259 viro

193 2296 310 2329 non
329 2282 601 2328 discedere.

265 2351 348 2396 11.
369 2349 516 2401 Quod
527 2348 570 2395 si
580 2348 884 2407 discesserit,
895 2360 1101 2394 manere

190 2418 458 2474 innuptam
473 2446 488 2473 ,
517 2418 604 2461 aut
621 2416 734 2461 viro
755 2427 848 2461 suo
867 2415 1102 2460 reconci-

190 2482 329 2530 liari.
396 2483 464 2529 Et
481 2482 559 2528 vir
580 2494 792 2528 uxorem
809 2494 916 2528 non
936 2482 1103 2528 dimit-

193 2553 287 2597 tat.

263 2618 348 2663 12.
391 2617 518 2663 Nem
569 2617 782 2663 caeteris
825 2628 922 2675 ego
970 2616 1100 2675 dico,

191 2698 306 2731 non
317 2684 562 2730 Dominus
575 2697 588 2729 :
603 2686 658 2731 Si
668 2684 778 2741 quis
798 2685 956 2729 frater
969 2697 1101 2731 uxo-

191 2766 308 2799 rem
327 2752 475 2798 habet
492 2751 760 2809 infidelem,
772 2753 822 2796 et
839 2752 963 2797 haec
976 2764 1101 2797 con-

195 2818 357 2866 sentit
371 2818 598 2865 habitare
619 2832 733 2865 cum
749 2818 866 2877 illo,
895 2831 1003 2863 non
1024 2818 1102 2863 di·-

195 2887 365 2933 mittat
383 2886 534 2931 illam.
1085 2910 1090 2915 -

265 2954 350 2999 13.
384 2953 452 2999 Et
471 2952 515 2999 si
533 2966 631 3010 qun
648 2950 828 2998 mulier
837 2950 996 2997 fidelis
1010 2951 1101 2997 ha-

245 3072 268 3097 ,ν’
289 3061 433 3098 Matth.
453 3065 490 3102 5,
507 3066 564 3099 32.
600 3066 658 3103 19,
677 3065 700 3098 3
717 3065 799 3101 -9,

1968 165 2071 218 26¹1

1162 267 1249 312 bet
1270 267 1429 312 virum
1448 267 1725 328 infidelem,
1756 271 1809 314 et
1834 267 2067 316 hic-con-

1163 333 1321 379 sentit
1336 333 1562 380 habitare
1591 349 1702 382 cum
1718 335 1835 396 illa,
1862 349 1971 382 non
1990 335 2069 382 di-

1161 400 1327 446 mittat
1346 401 1523 446 virum.
1742 435 1745 440 -

1230 469 1311 512 14.
1350 468 1697 514 Sanctificatus
1727 472 1804 517 est
1834 470 1969 516 enim
1984 469 2066 516 vir

1162 534 1379 580 infidelis
1399 547 1491 592 per
1509 535 1771 582 mulierem
1788 537 2003 597 fidelem,
2016 538 2067 582 et

1161 602 1469 648 sanctificata
1516 605 1593 648 est
1626 603 1806 649 mulier
1850 603 2065 651 infidelis

1161 681 1253 726 per
1279 669 1441 715 virum
1470 669 1693 727 fidelem3
1724 670 1950 727 alioquin
1976 671 2066 718 filii

1163 737 1319 782 vestri
1340 737 1580 782 immundi
1601 740 1798 796 essent,
1818 751 1955 784 nunc
1973 751 2065 784 au-

1159 805 1262 848 tem
1287 804 1445 849 sancti
1468 806 1598 850 sunt.

1230 871 1310 916 15.
1348 869 1496 922 Quod-
1520 871 1564 916 si
1593 871 1807 917 infidelis
1838 871 2065 932 discedit,

1163 936 1529 994 discedat3non
1541 938 1675 984 enim
1694 939 1929 984 servituti
1948 941 2067 986 sub-

1156 1005 1323 1060 jectus
1345 1008 1422 1050 est
1448 1007 1605 1052 frater
1626 1007 1712 1051 aut
1730 1019 1881 1051 soror
1898 1006 1953 1051 in
1970 1005 2068 1052 hu-

1155 1071 1405 1129 jusmodi;
1436 1073 1490 1118 in
1517 1085 1641 1130 pace
1671 1075 1839 1120 autem
1865 1073 2070 1120 vocavit

1161 1153 1259 1185 nos
1278 1139 1431 1186 Deus.

1230 1208 1312 1251 16.
1346 1206 1487 1252 Unde
1508 1207 1643 1252 enim
1662 1206 1778 1266 scis,
1798 1205 2002 1255 mulier!
2022 1208 2069 1254 si

1163 1273 1330 1319 virum
1366 1273 1561 1319 salvum
1593 1274 1780 1320 facies?
1816 1276 1903 1320 aut
1936 1275 2068 1321 unde

1164 1341 1263 1386 scis
1276 1371 1291 1400 ,
1314 1339 1415 1387 vir!
1436 1341 1481 1386 si
1498 1340 1761 1388 mulierem
1780 1341 1974 1388 salvam
1990 1343 2069 1388 fa-

1164 1408 1267 1454 cies
1280 1408 1303 1452 2⁸

1232 1477 1311 1521 17.
1346 1475 1457 1522 Nisi
1484 1475 1755 1534 unicuique
1784 1476 1915 1522 sicut
1938 1476 2070 1522 divi-

1165 1543 1231 1590 sit
1240 1543 1506 1602 Dominus,
1520 1557 1919 1600 unumquemque
1940 1543 2071 1590 sicut

1167 1611 1371 1657 vocavit
1414 1610 1579 1670 Deus,
1626 1611 1699 1656 ita
1736 1611 1981 1669 ambulen
2020 1613 2072 1656 et

1166 1677 1297 1723 sicut
1312 1677 1366 1722 in
1390 1679 1621 1723 omnibus
1631 1677 1875 1724 Ecclesiis
1894 1677 2074 1724 doceo·

1236 1745 1317 1787 18.
1371 1744 1707 1790 Circumcisus
1756 1744 1937 1801 aliquis
1974 1752 2071 1790 vo·-

1170 1812 1309 1854 catus
1340 1811 1447 1854 est?
1482 1823 1589 1856 non
1617 1810 1829 1856 adducat
1854 1824 2071 1870 praepu-

1169 1875 1315 1921 tium!
1345 1878 1405 1921 In
1432 1877 1697 1934 praeputio
1718 1877 1898 1934 aliquis
1917 1889 2073 1924 voca-

1170 1946 1251 1990 tus
1272 1944 1377 1989 est?
1398 1956 1505 1989 non
1525 1942 1929 1991 circumcidatur!

1238 2014 1319 2056 19.
1367 2011 1693 2058 circumcisio
1731 2013 1859 2059 nihil
1886 2013 1989 2071 est,
2024 2014 2075 2059 et

1169 2078 1487 2137 praeputium
1504 2079 1634 2125 nihil
1654 2081 1755 2137 est3
1788 2080 1878 2127 sed
1896 2082 2073 2129 obser-

1173 2147 1309 2193 vatio
1328 2146 1677 2193 mandatorum
1697 2147 1792 2194 Dei
1801 2154 1841 2194 ι.

1238 2216 1316 2259 21).
1354 2214 1703 2272 Unusquisque
1721 2208 1893 2273 iu'qua
1917 2229 2074 2263 voea-

1169 2283 1311 2328 tione
1345 2284 1551 2329 vocatus
1580 2284 1683 2342 est,
1712 2284 1768 2329 in
1795 2297 1855 2330 ea
1872 2296 2073 2341 perma-

1169 2353 1305 2395 neat.

1236 2418 1317 2462 21.
1364 2419 1551 2464 Servus
1598 2419 1806 2463 vocatus
1844 2417 1930 2463 es?
1966 2430 2071 2463 non

1171 2483 1238 2529 sit
1253 2484 1345 2530 tibi
1363 2497 1539 2541 curae3
1562 2483 1651 2529 sed
1670 2486 1721 2529 et
1739 2483 1781 2529 si
1800 2484 1944 2540 potes
1963 2483 2075 2529 fieri

1169 2550 1317 2608 liber,
1336 2551 1495 2609 magis
1518 2553 1677 2596 utere.

1205 2626 1210 2635 ·
1238 2619 1317 2663 22.
1356 2618 1454 2670 Qui
1482 2618 1617 2663 enim
1644 2618 1698 2663 in
1725 2616 1945 2662 Domino
1976 2630 2073 2664 vo·-

1171 2687 1310 2731 catus
1330 2686 1409 2731 est
1426 2697 1621 2743 servus,
1640 2684 1851 2730 libertus
1870 2686 1949 2730 est
1963 2684 2073 2732 Do-

1167 2752 1319 2809 mini3
1342 2752 1589 2809 similiter,
1611 2751 1695 2807 qui
1716 2750 1845 2797 liber
1864 2754 2070 2801 vocatus

1170 2822 1263 2877 est,
1286 2832 1463 2865 servus
1483 2820 1560 2863 est
1580 2817 1765 2863 Christi
1774 2824 1815 2864 ⁰.

1237 2887 1317 2931 23.
1352 2885 1523 2931 Pretio
1552 2884 1704 2941 empti
1734 2886 1879 2948 estis,
1909 2888 2069 2935 nolite

1169 2953 1280 2999 fieri
1300 2952 1437 2997 servi
1456 2951 1727 2999 hominum.

1218 3070 1233 3087 ⁸
1252 3062 1365 3097 Rom.
1384 3064 1421 3103 2,
1440 3062 1500 3097 28.
1520 3072 1579 3109 sq.
1626 3070 1645 3087 ⁶
1665 3058 1781 3099 Rom.
1799 3068 1836 3109 6,
1857 3069 1911 3103 18.

318 3209 431 3263 Cap.
459 3208 566 3251 VII.
633 3213 674 3250 4.
719 3221 807 3249 non
837 3206 1003 3250 habeat
1039 3208 1137 3260 (sed
1161 3210 1248 3252 Ιιοι·
1277 3215 1458 3253 tantum
1479 3211 1636 3267 prima
1654 3220 1793 3269 parte
1821 3212 2071 3261 commatis,

199 3268 356 3310 altera
375 3263 494 3307 enim
506 3270 646 3321 parte
676 3263 846 3319 legitur
872 3262 1154 3317 nonhabet).
1214 3269 1255 3307 7.
1285 3264 1387 3307 volo
1416 3272 1587 3319 autem3
1609 3268 1715 3313 ibid.
1744 3270 1973 3333 proprium
1992 3267 2070 3309 ha-

199 3325 282 3365 bet
302 3322 481 3363 donum-

201 3492 320 3535 fleri.

539 3324 579 3361 8.
613 3321 677 3362 sic
701 3322 928 3361 maneant·
988 3324 1054 3361 10.
1087 3319 1158 3362 his
1191 3322 1307 3363 enim
1337 3323 1427 3375 qui.
1504 3327 1572 3365 11.
1604 3325 1857 3373 innubtsm3
1878 3322 1985 3365 ibad-
2014 3335 2071 3367 ne

201 3379 435 3421 demittat.
497 3379 562 3417 13.
594 3377 632 3418 si
653 3387 741 3428 quo
761 3374 1076 3430 „inhermem
1090 3376 1279 3431 fidelis).
1340 3382 1407 3421 14.
1437 3380 1484 3421 in
1503 3378 1687 3422 muliere
1699 3378 1837 3421 fideli.

199 3438 276 3477 est
303 3434 424 3477 enim
452 3432 682 3481 servituti3
711 3429 818 3475 ibid.
849 3432 898 3473 in
925 3430 1161 3483 eju-modi.

1897 3382 1963 3421 15.
1984 3391 2073 3420 non

1221 3437 1289 3477 17-
1322 3435 1483 3490 ubique
1508 3435 1557 3479 in
1584 3436 1798 3478 omuibus·
1857 3437 1925 3478 21.
1955 3432 2077 3477 liber
