2376 3925
364 173 590 224 EPIST.
630 171 844 222 PAULI
876 172 971 222 AD
1009 171 1535 225 COLOSSENSES.
1578 175 1727 224 CAP.
1768 177 1817 224 2.
1840 176 1887 225 3.

207 279 327 323 erat
346 277 656 324 contrarium
667 275 814 320 nobis
823 266 877 332 s,
889 277 939 320 et
955 275 1120 331 ipsum

205 345 332 390 tulit
351 345 410 390 de
429 344 616 402 medio,
631 344 836 400 affigens
855 341 982 387 illud
1000 355 1117 387 cru-

205 412 302 458 cig
310 427 325 470 3

281 481 363 524 15.
401 481 452 524 et
470 476 760 534 exspolians
771 469 798 505 h
809 475 1129 536 principatus·

204 549 264 592 et
284 547 588 604 potestates,
617 544 842 590 traduxit
861 543 1119 590 confiden-

201 617 310 672 ter,
323 612 810 670 palamtriumphans
824 610 941 656 illos
963 610 1016 656 in
1035 623 1118 656 se-

202 683 317 726 met
335 680 448 737 ipso
460 673 490 724 ί.

280 749 364 791 16.
409 746 567 792 Nemo
605 759 729 802 ergo
769 757 862 790 vos
895 735 1122 801 judicet*

203 817 262 860 in
287 814 429 872 cibo,
451 815 536 858 aut
553 813 606 858 in
628 815 750 870 potu
764 843 779 871 ,
801 813 888 857 aut
905 811 958 856 in
978 813 1120 868 parte

205 881 316 927 diei
351 880 506 944 festi,
543 883 630 926 aut
664 879 988 936 neomeniae,
1037 879 1123 922 aut

205 950 559 1005 sabbatorum;

280 1017 361 1060 17.
397 1027 524 1072 quae
545 1015 666 1060 sunt
691 1005 895 1059 umbra!
921 1013 1121 1057 futuro-

205 1096 352 1140 rum3
375 1095 559 1138 corpus
580 1081 744 1126 autem
769 1079 969 1125 Christi.

283 1165 362 1208 18.
398 1163 560 1207 Nemo
584 1173 676 1206 vos
697 1158 918 1217 seducat,
941 1158 1121 1204 volens

207 1231 266 1276 in
287 1229 568 1275 humilitate
583 1259 597 1286 ,
623 1230 674 1273 et
690 1225 942 1285 religione
963 1239 1122 1283 ange-

207 1297 397 1355 lorum,
410 1309 536 1351 quae
555 1308 661 1340 non
681 1293 823 1352 vidit,
845 1292 1123 1352 ambulans,

211 1366 406 1410 frustra
416 1364 616 1409 inflatus
628 1375 782 1408 sensu
794 1360 961 1408 carnis
973 1373 1120 1418 suae;

284 1450 362 1493 19.
409 1450 460 1493 et
496 1460 604 1492 non
632 1448 822 1492 tenens
853 1446 1026 1504 caput,
1057 1457 1125 1490 ex

210 1528 315 1572 quo
335 1517 497 1560 totum
525 1527 736 1572 corpus,
766 1526 858 1571 per
886 1525 1052 1558 nexus
1075 1513 1126 1558 et

211 1581 606 1639 conjunctiones
626 1581 1055 1626 subministratum
1074 1581 1126 1624 et

210 1650 584 1706 constructum,
607 1645 790 1692 crescit
807 1647 860 1690 in
880 1659 1123 1703 augmen-

208 1721 320 1763 tum
339 1715 452 1760 Dei.

284 1784 366 1827 20.
405 1781 459 1826 Si
488 1793 612 1836 ergo
641 1779 828 1824 mortui
865 1777 986 1824 estis
1016 1790 1128 1824 cum

211 1848 420 1896 Christo
441 1849 501 1893 ab
523 1845 785 1892 elementis
805 1846 954 1902 hujus
978 1856 1127 1888 mun-

211 1917 265 1962 di
277 1923 334 1975 m,
356 1915 474 1973 quid
493 1914 654 1960 adhuc
675 1915 925 1970 tamquam
947 1911 1126 1957 viven-

209 1989 293 2031 tes
313 1984 367 2030 in
386 1982 572 2028 mundo
595 1981 900 2027 decernitis?

285 2066 364 2109 21.
401 2064 478 2109 Ne
507 2062 804 2121 tetigeritis,
834 2075 1000 2117 neque
1029 2074 1124 2119 gu-

213 2132 499 2189 staveritis,
529 2144 694 2187 neque
725 2129 1124 2175 contrectaveri-

213 2198 305 2245 tis!

286 2267 366 2311 22.
389 2266 530 2318 Quae
550 2268 668 2311 sunt
681 2265 850 2310 omnia
869 2264 922 2309 in
942 2264 1123 2310 interi-

214 2338 322 2379 tum
345 2334 458 2390 ipso
478 2346 590 2390 usu,
613 2332 882 2378 seeundum
912 2344 1124 2388 praece-

214 2403 302 2459 pta
321 2402 372 2445 et
391 2400 646 2446 doctrinas
669 2399 990 2457 hominum⁷⁸3

286 2486 365 2529 23.
403 2497 529 2540 quae
567 2485 686 2529 sunt
721 2482 973 2529 rationem
1012 2482 1124 2539 qui-

217 2552 331 2598 dem
367 2550 604 2597 habentia
640 2550 918 2607 sapientiae
954 2550 1009 2595 in
1037 2562 1124 2595 su-

216 2618 516 2677 perstitione
538 2620 588 2665 et
606 2617 887 2664 humilitate
900 2648 914 2676 ,
950 2619 1000 2663 et
1018 2630 1125 2662 non

215 2686 279 2732 ad
315 2684 620 2743 parcendum
658 2685 889 2744 corpori,
927 2698 1034 2729 non
1069 2684 1124 2730 in

213 2754 416 2799 honore
471 2752 640 2808 aliquo
695 2752 758 2797 ad
811 2752 1124 2798 saturitatem

217 2820 432 2867 camiso.

261 2926 288 2960 J
309 2928 399 2965 Gal.
417 2932 454 2970 3,
472 2932 533 2963 10.
556 2930 607 2975 ‚e
622 2925 729 2973 Eph.
747 2930 786 2969 2,
804 2926 864 2963 15.
901 2924 991 2961 Gal.
1009 2928 1048 2969 a,
1065 2930 1124 2963 13.

213 2975 236 3003 ἢ
253 2973 350 3012 Ebr.
368 2978 413 3018 2,
441 2978 502 3010 14.
550 2979 566 2997 ²
583 2978 603 3008 1
625 2972 715 3009 Cor.
733 2975 778 3014 6,
804 2976 841 3009 3.
888 2968 910 2997 ¹²
925 2970 1042 3007 Rom.
1062 2975 1124 3014 14,

214 3026 253 3060 3.
290 3021 381 3057 Gal.
406 3026 452 3064 4,
482 3025 543 3056 10.
591 3018 716 3054 lEbr.
743 3022 812 3060 10,
842 3022 876 3053 1.
925 3024 955 3043 '¹⁸
976 3018 1065 3056 Gal.
1083 3023 1123 3061 4,

214 3073 252 3107 9.
272 3072 332 3105 10.
380 3074 401 3093 ¹²
419 3066 564 3104 Matth.
583 3068 644 3107 15,
664 3070 701 3103 9.
751 3072 770 3091 ⁰
787 3064 902 3101 Rom.
920 3068 980 3107 13,
1000 3067 1060 3101 14.

1992 177 2090 226 319

1482 323 1523 371 C
1534 323 1579 371 A
1590 322 1649 372 P.
1706 323 1797 373 111.

1187 419 1259 460 De
1291 419 1517 460 induenda
1544 434 1657 462 nova
1676 420 1829 464 indole
1851 421 2013 471 ethica,
2037 423 2091 464 de

1187 474 1463 529 adoptandis
1482 476 1746 526 virtutibus,
1778 478 1833 519 de
1862 476 2090 520 laudando

1188 530 1301 579 Deo,
1314 531 1373 571 ad
1390 543 1519 582 quem
1540 533 1687 573 omnia
1708 537 1813 574 sunt
1831 533 2088 576 referenda.

1255 625 1301 668 1.
1354 624 1542 682 Igitur,
1597 625 1641 670 si
1696 627 2092 673 consurrexistis

1190 705 1301 736 cum
1321 690 1550 748 Christo,
1572 704 1699 747 quae
1720 700 1957 738 sursumP
1976 697 2094 740 sunt

1190 759 1432 816 quaerite,
1453 759 1777 805 ubichristus
1799 761 1945 805 estin
1966 761 2092 807 dex-

1188 828 1300 870 tera
1318 825 1415 870 Dei
1434 826 1616 872 sedens
1632 841 1645 883 3

1257 893 1303 937 2.
1341 905 1466 948 quae
1503 907 1702 938 sursum
1732 898 1874 951 sunt,
1914 896 2092 953 sapite,

1138 953 1145 957 ’
1191 972 1295 1004 non
1316 972 1443 1015 quae
1462 973 1615 1017 super
1633 963 1819 1006 terram
1829 967 1869 1006 (1.

1260 1027 1305 1071 3.
1341 1027 1533 1072 Mortui
1547 1033 1568 1055 r
1588 1028 1720 1072 enim
1742 1029 1890 1086 estis,
1924 1031 1975 1074 et
1994 1030 2096 1074 vita

1192 1097 1361 1139 vestra
1380 1097 1458 1139 est
1485 1096 1779 1141 abscondita
1809 1110 1917 1141 cum
1950 1097 2096 1140 Chri-

1192 1163 1270 1206 sto
1291 1160 1345 1206 in
1364 1161 1475 1206 Deo
1486 1166 1521 1206 ⁸.

1257 1229 1305 1272 4.
1353 1228 1476 1273 Cum
1525 1228 1751 1275 Christus
1789 1232 2095 1288 apparuerit,

1195 1293 1326 1340 vitult
1345 1296 1537 1352 vestra3
1559 1298 1679 1342 tunc
1700 1299 1751 1341 et
1770 1310 1862 1342 vos
1884 1311 2097 1354 appare-

1196 1362 1309 1408 bitis
1334 1375 1443 1406 cum
1464 1361 1574 1418 ipso
1600 1363 1652 1406 in
1674 1362 1853 1420 gloria.

1262 1433 1307 1474 5.
1343 1429 1681 1475 Mortificateu
1700 1443 1823 1488 ergo
1845 1435 2099 1477 membra⁹

1196 1499 1389 1555 vestra,
1421 1509 1547 1552 quae
1568 1498 1686 1542 sunt
1710 1511 1861 1555 super
1881 1501 2096 1556 terram;

1192 1564 1609 1623 fornicationem,
1632 1565 2010 1625 immunditiam,
2033 1566 2097 1612 li-

1192 1631 1439 1689 bidinem,
1488 1633 1948 1705 concupiscentiam
1989 1647 2098 1678 ma-

1195 1699 1312 1756 lam,
1334 1701 1386 1744 et
1403 1698 1683 1756 avaritiam,
1698 1712 1826 1755 quae
1847 1704 1924 1745 est
1942 1701 2098 1746 simu-

1194 1765 1447 1810 lacrorum
1468 1765 1737 1810 se1·vitus“'
1747 1780 1762 1822 ;

1264 1833 1311 1876 6.
1346 1835 1555 1888 propter
1579 1844 1707 1887 quae
1727 1834 1869 1879 venit
1897 1835 1973 1879 ira
2001 1835 2099 1880 Dei

1197 1911 1349 1955 super
1369 1898 1499 1944 filios
1519 1898 1915 1957 incredulitatis;

1264 1969 1311 2011 7.
1347 1966 1401 2011 in
1422 1966 1599 2022 quihus
1629 1969 1679 2011 et
1698 1980 1789 2013 vos
1810 1969 2099 2016 ambulastis

1195 2034 1484 2093 aliquando,
1507 2047 1617 2079 eum
1639 2034 1868 2082 vixeritis
1888 2037 1941 2081 in
1962 2037 2080 2083 illis.

1262 2105 1308 2148 8.
1328 2103 1473 2147 Nunc
1494 2104 1660 2147 autem
1679 2101 1919 2161 deponite
1938 2106 1989 2150 et
2009 2118 2100 2151 vos

1196 2170 1383 2229 omnia,
1404 2169 1548 2227 iram,
1561 2168 1979 2232 indignationem,
1988 2187 2099 2219 ma-

1193 2237 1369 2296 litiam,
1384 2236 1759 2298 blasphemiam,
1770 2242 1967 2299 turpem
1988 2254 2099 2286 ser-

1191 2319 1391 2351 monem
1416 2304 1476 2349 de
1498 2318 1588 2350 ore
1608 2310 1797 2351 vestro.

1262 2376 1308 2418 9.
1342 2371 1513 2418 Nolite
1532 2374 1736 2418 mentiri
1755 2374 1990 2433 invicem,
2005 2389 2099 2421 ex-

1194 2439 1473 2497 spoliantes
1510 2452 1603 2484 vos
1636 2442 1897 2486 veterem³
1932 2442 2097 2487 homi-

1193 2520 1309 2553 nem
1331 2519 1443 2551 cum
1462 2506 1653 2551 actibus
1674 2507 1796 2565 suis,

1262 2574 1341 2618 10.
1380 2574 1431 2618 et
1448 2572 1715 2620 induentes
1736 2586 1941 2632 novum,
1966 2589 2095 2635 eum,

1194 2640 1279 2697 qui
1297 2642 1577 2686 renovatur
1596 2641 1649 2686 in
1670 2640 1998 2701 agnitionem,
2014 2656 2097 2689 es·-

1194 2707 1410 2754 cundum
1429 2708 1700 2765 imaginem
1719 2708 1829 2764 ejus
1842 2738 1856 2767 ,
1878 2710 1962 2765 qui
1982 2724 2097 2757 cre-

1194 2775 1300 2821 avit
1317 2774 1474 2821 illum.

1238 2890 1261 2915 P
1280 2881 1428 2918 Maub-
1454 2886 1500 2925 6,
1527 2886 1586 2920 33.
1652 2890 1670 2917 9
1688 2884 1833 2922 Matlh.
1859 2889 1897 2928 6,
1929 2893 2095 2926 19-21.

1192 2936 1210 2953 ι·
1226 2928 1343 2965 Rom.
1362 2933 1399 2971 6,
1417 2932 1455 2963 2.
1501 2936 1517 2954 ⁸
1536 2934 1558 2965 1
1575 2928 1664 2965 Joh.
1682 2934 1727 2973 3,
1744 2934 1782 2967 2.
1828 2935 1847 2958 ἲ
1864 2932 1953 2971 Joh.
1972 2939 2016 2978 6,
2035 2939 2094 2972 58.

1192 2975 1307 3011 Rom.
1326 2978 1364 3017 8,
1382 2978 1441 3011 17.
1489 2982 1512 3001 ¹⁸
1527 2974 1645 3011 Rom.
1665 2979 1711 3019 8,
1731 2982 1789 3016 13.
1814 2980 1957 3017 Mauh.
1978 2986 2037 3023 18,
2056 2986 2094 3018 8.

1190 3026 1226 3103 Ξ.
1249 3028 1295 3103 23
1310 3020 1428 3057 Rom.
1446 3026 1492 3063 7,
1511 3026 1571 3059 23.
1618 3030 1651 3049 Ψ
1668 3023 1776 3071 Eph.
1796 3031 1839 3067 5,
1858 3032 1894 3063 5.
1944 3036 1971 3053 ⁴·
1987 3028 2094 3074 Eph.

1220 3093 1231 3109 ,
1298 3092 1308 3103 .
1330 3077 1387 3115 sq.

336 3212 447 3267 Cap.
477 3213 539 3255 ΙΙ.
600 3219 667 3256 15.
699 3213 943 3268 expolians
977 3214 1121 3268 (deest
1149 3218 1233 3269 et).
1302 3221 1367 3259 16.
1400 3220 1624 3260 nominiae
1656 3220 1780 3274 (sic).
1843 3224 1906 3261 18.
1938 3222 1984 3261 in
2017 3222 2095 3263 hu-

219 3267 484 3319 militatem3
527 3269 635 3313 ibid.
674 3268 918 3321 religiones
961 3271 1062 3325 (sed
1093 3270 1232 3313 litera
1268 3286 1289 3313 s
1323 3273 1536 3316 asterisco
1566 3288 1705 3330 supra
1742 3278 1965 3319 damnata
1992 3278 2094 3330 est).

218 3331 287 3369 2⁰.
321 3326 359 3367 si
380 3326 542 3365 mortui
566 3326 707 3379 (deest
727 3326 882 3379 ergo);
903 3325 1010 3369 ibid.
1029 3325 1267 3369 elementis
1286 3330 1437 3371 mundi
1461 3332 1603 3382 (deest
1623 3329 1794 3383 hujus).
1852 3334 1920 3371 21.
1953 3346 2007 3373 ne
2028 3336 2096 3374 te-

219 3382 378 3434 tigeris
396 3392 539 3434 neque
559 3383 811 3432 gustaveris
829 3395 974 3436 neque
995 3386 1359 3427 contrectaveris.
1420 3389 1487 3427 22.
1519 3386 1565 3427 in
1586 3386 1797 3432 intel-itm
1819 3384 1925 3427 ibid.
1946 3398 2096 3429 secum

219 3440 468 3493 praecepta
499 3435 582 3489 (sic
591 3466 602 3485 ‚
633 3438 821 3491 errore).
951 3438 1039 3480 ΠΙ.

1120 3442 1158 3479 1.
1200 3442 1551 3484 consurrexistis
1582 3440 1761 3482 Clu-isto
1792 3444 1934 3493 (deest
1960 3444 2092 3497 cum)-

221 3498 260 3535 3.
293 3490 561 3535 absconditu
580 3498 662 3536 est·
721 3497 761 3536 9.
795 3506 892 3536 cum
913 3496 1091 3537 actibus
1110 3494 1224 3547 ejus.
1286 3500 1351 3537 10.
1384 3498 1554 3539 creavit
1573 3510 1686 3537 eum.
