2376 3925
649 177 863 224 SIXTI
909 177 1181 229 QUINTI
1226 179 1671 224 PRAEFATIO·
1893 177 2077 223 xnvn

193 312 362 358 maret
377 309 454 370 ⁰):
491 307 580 366 qui
607 305 845 365 denique,
877 304 1028 354 sicuti
1053 307 1375 367 confidimus,
1404 306 1624 354 divinam
1642 319 1737 365 pro
1758 307 1907 353 nobis
1926 319 2077 364 opem

193 409 358 453 usque
377 394 444 440 ad
463 389 943 439 consummationem
963 390 1179 451 saeculi,
1209 383 1255 450 ὅ)
1276 389 1523 438 ecclesiae
1544 391 1835 438 Catholicae
1854 390 2075 448 promis-

195 493 332 536 sam,
361 477 636 535 implorare
661 485 768 519 non
797 475 986 533 cessat,
1017 474 1079 519 ad
1097 487 1195 520 nos
1220 475 1275 520 in
1304 473 1531 532 ejusdem
1548 475 1687 522 Petri
1706 474 1983 532 cathedra,
2018 472 2075 518 in

196 575 297 620 qua
317 561 430 619 ejus
456 559 584 606 vivit
607 558 860 616 potestas,
891 559 943 603 et
965 558 1173 604 excellit
1198 558 1500 617 auctoritas,
1529 558 1642 603 Deo
1670 557 1743 604 sic
1769 557 2071 615 disponente

197 645 504 693 constitutos
515 641 554 700 ‘J
565 673 582 697 ‚
608 642 770 687 totum
788 641 886 688 hoc
901 641 1145 700 judicium
1162 642 1389 701 proprie,
1410 653 1469 687 ac
1488 641 1777 699 specialiter
1793 641 2069 700 pertinere,

195 729 300 776 Dei
318 725 673 784 omnipotentis
693 725 886 772 auxilio
907 726 1201 784 suppliciter
1227 726 1467 772 invocato
1482 754 1499 784 ,
1536 727 1587 771 et
1614 725 1773 782 ipsius
1790 723 2068 781 Apostolo-

197 808 574 866 mmm-incipis
605 809 906 855 auctoritate
929 810 1135 869 confisi,
1167 812 1231 856 ob
1261 809 1510 868 publicam
1537 811 1741 855 sauctae
1771 807 1870 854 Dei
1886 806 2069 854 Eccle-

201 896 316 942 siae
339 891 596 940 utilitatem
625 892 1004 950 haudquaquam
1035 893 1231 952 gravati
1250 906 1446 953 sumus,
1476 893 1610 939 inter
1628 892 1754 938 alias
1774 890 2068 938 Pontificiae

201 975 531 1027 solicitudinis
553 977 938 1036 occupationes,
966 978 1100 1024 hunc
1129 991 1329 1035 quoque
1356 989 1463 1024 non
1478 977 1785 1024 mediocrem
1802 977 2069 1022 accuratae

199 1059 560 1110 lucubrationis
593 1059 820 1107 laborem
850 1060 1134 1120 suscipere,
1164 1063 1313 1118 atque
1340 1073 1403 1106 ea
1428 1061 1597 1107 omnia
1613 1059 1905 1119 perlegere,
1940 1071 2069 1116 quae

200 1143 282 1192 atii
301 1143 637 1202 collegerant,
656 1145 744 1189 aut
762 1146 1054 1204 senserant,
1076 1145 1390 1192 diversarum
1408 1144 1683 1191 lectionum
1700 1144 1927 1190 rationes
1948 1155 2067 1201 per·

191 1227 418 1286 pendere
430 1257 444 1285 ,
472 1228 764 1272 sanctorum
781 1228 1058 1274 Doctorum
1077 1229 1355 1275 sententias
1372 1241 1769 1286 recognoscere:
1808 1239 1935 1284 quae
1954 1227 2067 1283 qui-

189 1315 282 1357 bus
303 1311 636 1357 anteferenda
655 1314 854 1370 essent,
876 1311 1152 1369 dijudicare
1164 1342 1179 1371 ,
1201 1311 1347 1370 adeo,
1376 1311 1504 1356 utin
1522 1311 1621 1356 hoc
1639 1310 2067 1358 laboriosissimae

189 1394 563 1442 emendationis
583 1394 856 1454 curriculo,
876 1395 930 1440 in
949 1409 1048 1452 quo
1071 1408 1277 1452 operam
1296 1394 1655 1454 quotidianam,
1678 1407 1887 1452 eamque
1904 1392 2067 1452 pluri-

189 1483 280 1526 bus
318 1477 462 1524 horis
499 1477 848 1524 collocandam
887 1479 1144 1538 duximus,
1181 1478 1398 1525 aliorum
1434 1478 1633 1535 quidem
1658 1478 1802 1526 labor
1830 1479 1986 1525 fuerit
2014 1478 2068 1524 in

190 1561 507 1608 consulendo
523 1593 538 1620 ,
565 1563 744 1608 noster
762 1565 929 1608 autem
946 1563 1000 1608 in
1021 1575 1110 1622 eo,
1139 1563 1275 1619 quod
1304 1575 1371 1609 ex
1401 1562 1625 1620 pluribus
1654 1565 1789 1610 esset
1807 1562 2066 1620 optimum,

192 1645 495 1704 deligendo:
533 1645 604 1690 ita
621 1646 792 1691 tamen
806 1676 821 1704 ,
851 1648 908 1692 ut
923 1647 1158 1692 Veterem
1179 1647 1349 1692 multis
1368 1646 1423 1692 in
1440 1646 1673 1693 Ecclesia
1691 1647 1871 1692 abhinc
1890 1657 2069 1692 saecu-

189 1731 258 1776 lis
275 1733 532 1787 receptam
553 1729 824 1775 lectionem
847 1730 1054 1775 omnino
1081 1730 1457 1776 retinuerimus.
1523 1731 1719 1776 Novam
1746 1728 1944 1774 interea
1964 1730 2071 1786 Ty-

191 1813 526 1872 pographiam
561 1812 617 1858 in
645 1813 946 1871 Apostolico
971 1813 1218 1859 Vaticano
1248 1813 1445 1859 Palatio
1480 1815 1661 1859 nostro
1690 1812 1755 1858 ad
1784 1811 1837 1858 id
1863 1811 2069 1868 potissi-

193 1911 332 1944 mum
347 1897 612 1956 magnifice
631 1897 996 1956 exstruximus,
1019 1898 1168 1954 atq11e
1187 1896 1251 1941 ad
1271 1896 1381 1953 ejus
1400 1908 1589 1953 curam,
1611 1895 2072 1953 congregationem

189 1982 390 2041 aliquot
415 1984 622 2029 sanctae
640 1982 896 2028 Romanae
915 1982 1178 2029 Ecclesiae
1200 1980 1541 2027 cardinalium
1554 2011 1570 2039 ,
1598 1983 1648 2026 et
1677 1979 1879 2038 insigne
1900 1979 2071 2026 Colle-

193 2066 334 2125 gium
356 2066 762 2113 doctissimorum
793 2067 1020 2113 virorum
1047 2067 1156 2113 fere
1185 2080 1254 2114 ex
1276 2065 1506 2113 omnibus
1530 2063 1801 2111 Christiani
1822 2064 1959 2111 orbis
1976 2077 2071 2111 na-

189 2150 446 2211 tionibus,
491 2152 544 2197 et
577 2150 920 2197 celeberrimis
960 2151 1241 2198 studiorum
1282 2150 1604 2197 Generalium
1638 2149 2070 2209 universitatibus,

189 2235 392 2295 amplis,
415 2233 769 2292 opulentiaque
788 2235 1030 2282 reditibus
1051 2235 1274 2281 dotatum
1294 2233 1655 2293 deputavimus,
1670 2234 1799 2280 utin
1818 2247 1879 2281 ea
1899 2248 2072 2281 emen-

192 2320 365 2364 datum
389 2318 493 2376 jam
515 2318 794 2365 Bibliorum
825 2319 1062 2365 volumen
1093 2319 1453 2366 excuderetur:
1492 2332 1649 2376 eaque
1676 2331 1763 2365 res
1790 2332 1889 2375 quo
1910 2319 2070 2377 magis

191 2402 494 2459 incorrupte
523 2404 878 2463 perficeretur,
907 2407 1085 2450 nostra
1111 2416 1209 2449 nos
1239 2403 1338 2461 ipsi
1360 2416 1513 2449 manu
1542 2402 1883 2461 correximus,
1913 2403 2075 2460 siqua

193 2484 379 2543 praelo
399 2486 522 2532 vitia
544 2488 894 2548 obrepserant,
915 2491 968 2534 et
983 2501 1112 2545 quae
1133 2489 1369 2547 confusa,
1390 2490 1477 2533 aut
1494 2486 1644 2533 facile
1662 2486 1907 2533 confundi
1924 2498 2075 2543 posse

195 2568 525 2629 videbantur,
563 2582 623 2616 ea
641 2570 914 2617 intervallo
943 2572 1251 2631 scripturae,
1280 2584 1339 2618 ac
1356 2572 1631 2629 majoribus
1650 2570 1813 2629 notis,
1842 2571 1895 2615 et
1912 2568 2073 2615 inter-

193 2653 478 2711 punctione
497 2652 836 2701 distinximus.
910 2656 1163 2716 Ceterum,
1182 2655 1349 2701 nostri
1366 2668 1433 2701 ne
1452 2654 1538 2711 huj
1546 2665 1603 2699 us
1624 2652 1849 2710 consilii,
1868 2651 2073 2700 institu-

193 2736 342 2793 tique
366 2737 593 2783 rationes
621 2738 924 2795 ignorentur
936 2770 951 2799 ,
980 2739 1070 2785 sed
1088 2739 1258 2797 potius
1276 2738 1547 2785 universae
1565 2734 1828 2781 Ecclesiae
1848 2738 2072 2786 catholi-

193 2834 324 2880 cae,
351 2819 546 2879 ipsique
576 2822 861 2879 posteritati
891 2820 1215 2881 notissimae,
1246 2835 1305 2868 ac
1332 2820 1685 2868 testatissimae
1702 2818 2070 2883 relinquantur,

195 2904 465 2962 cunctique
488 2905 640 2951 facile
656 2904 962 2965 intelligant,
976 2907 1203 2964 quisnam
1223 2905 1351 2951 ordo
1372 2905 1427 2949 in
1445 2904 1544 2949 hoc
1564 2915 1719 2960 opere
1739 2908 2070 2967 conficiendo,

199 3000 328 3043 quae
351 2987 471 3048 lex,
511 3001 570 3036 ac
597 2988 862 3035 methodus
888 2990 1040 3049 inita,
1076 3002 1204 3046 quae
1233 2986 1506 3044 indagandi
1532 2988 1642 3033 veri
1664 3001 1845 3035 norma
1870 3003 1901 3036 a
1924 2992 2072 3038 nobis

193 3076 402 3121 servata
422 3072 518 3119 sit:
554 3072 680 3119 illud
699 3086 822 3119 sane
841 3072 1072 3120 omnibus
1091 3073 1309 3129 certum,
1338 3072 1487 3127 atque
1508 3071 1824 3129 exploratum
1844 3087 1957 3121 esse
1977 3088 2071 3120 vo·-

193 3156 391 3215 lumus,
423 3159 634 3203 nostros
661 3157 755 3204 hos
777 3157 1009 3215 labores,
1039 3167 1098 3202 ac
1119 3153 1321 3212 vigilias
1340 3166 1606 3211 numquam
1624 3168 1688 3201 eo
1710 3159 1989 3215 spectasse,
2018 3160 2077 3203 ut

197 3252 338 3285 nova
363 3238 519 3286 editio
543 3240 598 3285 in
627 3240 789 3288 lucem
819 3243 1000 3298 exeat,
1037 3239 1125 3285 sed
1158 3239 1213 3284 ut
1237 3237 1454 3297 Vulgata
1479 3241 1623 3286 vetus
1654 3252 1720 3286 ex
1748 3240 2073 3287 Tridentinae

313 3440 364 3491 a)
397 3437 512 3479 Luc·
532 3442 602 3481 22.
659 3440 708 3493 h)
735 3438 785 3481 S.
809 3439 901 3483 Leo
930 3454 1060 3483 serm.
1090 3441 1138 3481 ia
1157 3437 1347 3483 Nativit.
1379 3437 1427 3480 S.
1450 3436 1500 3481 S.
1520 3437 1650 3480 Petri
1678 3442 1725 3479 et
1742 3435 1891 3479 Pauli.
1951 3439 1995 3492 c)
2026 3437 2074 3481 S.

201 3511 300 3553 Leo
319 3524 452 3554 serm.
471 3515 514 3554 2.
