2376 3925
309 215 411 266 134
934 201 1221 256 LUCAS.

1295 197 1462 250 CAP.
1504 201 1586 247 22.

307 267 2210 301 ...-.....---—-—-———-—--——--—--—-·--—

384 319 429 363 3.
465 313 711 360 cIntravit
746 311 910 355 autem
940 309 1141 352 satanas
1169 304 1224 348 in

315 387 344 431 1
349 385 514 442 udam,
525 381 610 439 qui
622 375 1074 436 cognominabatur
1086 375 1223 418 Isca-

314 453 493 508 rioteS,
512 462 665 494 unum
688 446 747 490 de
768 441 1047 489 duodecim.

384 521 432 562 4.
466 517 534 560 Et
553 516 699 571 abiit,
725 515 776 558 et
795 511 994 555 locutus
1017 508 1094 552 est
1113 518 1226 552 cum

318 583 626 645 principibus
648 578 1001 634 sacerdotum,
1037 577 1089 619 et
1116 586 1224 616 ma-

318 651 627 711 gistratibus,
652 642 1064 705 quemadmodum
1082 639 1225 686 illum

318 720 543 766 traderet
564 717 652 762 eis.

388 789 433 832 5.
468 785 537 831 Et
556 780 719 841 gavisi
738 779 871 838 sunt,
886 780 937 824 et
954 775 1092 834 pacti
1109 775 1227 820 sunt

317 854 586 913 pecuniam
604 849 680 894 illi
701 847 836 891 dare.

387 925 433 966 6.
468 919 536 964 Et
554 913 843 974 spopondit.
912 911 981 956 Et
1010 922 1224 967 quaere-

320 993 409 1036 bat
436 983 891 1044 opportunitatem,
921 981 978 1025 ut
1003 977 1230 1023 traderet

318 1057 461 1102 illum
480 1053 589 1098 siue
608 1049 783 1095 turbis.

388 1123 435 1166 7.
474 1113 664 1165 dVenit
682 1119 849 1162 autem
878 1113 985 1160 dies
1003 1113 1228 1170 Azymo-

320 1204 461 1248 rum,
491 1188 547 1233 in
571 1198 671 1243 qua
697 1195 909 1229 necesse
936 1182 1047 1226 erat
1067 1177 1230 1224 occidi

319 1257 529 1304 Pascha.

388 1327 435 1370 8.
471 1323 539 1368 Et
574 1319 710 1367 misit
742 1320 949 1365 Petrum
986 1317 1038 1362 et
1068 1314 1099 1359 J
1103 1326 1230 1359 oan-

322 1408 466 1450 nem,
497 1391 694 1436 dicens:
724 1387 919 1432 Euntes
940 1384 1112 1442 parate
1132 1393 1226 1425 no-

326 1462 400 1506 bis
420 1457 627 1514 Pascha,
647 1457 705 1500 ut
722 1453 1095 1498 manducemus.

392 1529 437 1570 9.
473 1525 539 1570 At
574 1521 652 1568 illi
689 1521 952 1567 dixerunt:
1004 1515 1094 1562 Ubi
1135 1514 1229 1574 vis,

325 1590 592 1652 paremus‘.l

392 1661 473 1705 1⁰.
508 1657 576 1702 Et
595 1654 725 1702 dixit
745 1653 810 1699 ad
828 1664 943 1699 eos:
962 1647 1119 1697 Ecce!
1148 1649 1231 1695 in-

321 1725 639 1775 troeuntibus
678 1721 823 1770 vobis
860 1721 913 1765 in
960 1718 1230 1776 civitatem,

327 1791 712 1842 occurretvobis
733 1790 885 1835 homo
908 1787 1104 1844 quidam
1124 1799 1231 1830 am-

325 1865 537 1923 phoram
557 1873 715 1917 aquae
734 1858 971 1917 portans3
992 1853 1232 1911 sequimi-

327 1933 381 1978 ni
402 1945 513 1978 eum
532 1929 587 1975 in
600 1929 817 1985 domum,
829 1925 1040 1982 inquam
1057 1921 1231 1981 intrat,

396 2018 476 2060 11.
505 2017 555 2059 et
576 2012 750 2058 dicetis
770 2006 1117 2068 patrifamilias
1139 2006 1232 2051 do-

329 2095 462 2128 mus:
482 2081 619 2125 Dicit
636 2079 728 2124 tibi
747 2076 1013 2131 Magister:
1040 2074 1138 2120 Ubi
1158 2075 1236 2117 est

330 2146 665 2193 diversorium
677 2174 691 2202 ,
710 2143 798 2187 ubi
815 2140 1005 2186 Pascha
1026 2153 1138 2185 cum
1156 2138 1233 2185 di-

330 2213 535 2271 scipulis
553 2210 680 2255 meis
698 2206 1024 2254 manducem?

396 2298 478 2341 12.
495 2295 563 2341 Et
579 2293 688 2350 ipse
702 2291 935 2340 ostendet
951 2290 1096 2337 vobis
1113 2302 1234 2336 coe-

330 2364 565 2412 naculum
581 2374 818 2419 magnum
837 2360 1073 2416 stratum,
1096 2360 1146 2403 et
1165 2357 1234 2403 ibi

330 2430 525 2492 parate!

400 2502 480 2546 13.
498 2499 692 2545 Euntes
711 2496 893 2553 autem,
910 2492 1236 2551 invenerunt,

334 2570 464 2615 sicut
500 2566 627 2614 dixit
662 2564 792 2623 illis,
843 2566 895 2609 et
929 2562 1238 2620 paraverunt

331 2636 539 2683 Pascha.

400 2706 481 2749 14.
514 2704 585 2749 Et
611 2713 724 2748 cum
757 2698 892 2744 facta
928 2699 1064 2742 esset
1090 2696 1235 2754 hora,

335 2769 607 2827 discubuit,
638 2770 689 2815 et
716 2763 979 2813 duodecim
1002 2761 1238 2819 Apostoli

336 2850 447 2881 cum
468 2849 546 2881 eo.

401 2904 483 2946 15.
516 2902 586 2946 Et
603 2901 674 2947 ait
691 2902 819 2948 illis:
851 2898 1117 2945 Desiderio
1149 2897 1238 2941 de-

336 2968 559 3015 sideravi
584 2967 681 3013 hoc
708 2968 901 3013 Pascha
935 2965 1238 3012 manducare

336 3036 612 3092 vobiscum,
634 3036 897 3090 antequam
915 3032 1101 3092 patiar!

404 3106 484 3149 16.
519 3100 647 3147 Dico
670 3100 803 3145 enim
823 3102 990 3147 vobis:
1025 3101 1153 3154 Quia
1172 3112 1238 3145 ex

385 3209 401 3227 ⁸
418 3211 459 3237 v.
484 3200 606 3236 3—-6-
638 3194 783 3232 Muttb.
808 3198 869 3238 26,
896 3200 1079 3233 14—16.
1111 3197 1236 3233 Marc.

336 3250 400 3288 14,
420 3248 587 3284 10-21,
626 3240 715 3280 Joh.
734 3246 801 3285 13,
818 3245 853 3279 2.
870 3246 931 3279 27.
994 3240 1016 3268 ἆ
1034 3254 1071 3278 v.
1092 3245 1236 3278 7—23.

336 3292 483 3330 Matth.
509 3294 569 3333 26,
596 3292 641 3325 17
663 3308 706 3314 —
722 3290 780 3325 29.
818 3288 944 3324 Marc.
969 3290 1031 3327 14,
1058 3291 1107 3324 12
1123 3292 1236 3326 —25.

1293 302 1391 347 hoc
1409 314 1518 346 non
1536 299 1842 344 manducabo
1863 297 2018 357 illud,
2041 297 2204 345 donec

1294 368 1559 426 impleatur
1579 367 1634 412 in
1655 378 1816 424 regno
1835 365 1950 410 Dei.

1361 436 1442 480 17.
1475 434 1546 479 Et
1564 436 1772 492 accepto
1796 433 1984 492 calice,
2015 434 2203 490 gratias

1295 503 1415 562 egit,
1437 503 1489 548 et
1515 501 1667 546 dixit:
1705 500 1962 558 Accipite,
1995 501 2049 546 et
2075 501 2204 546 divi-

1296 570 1395 616 dite
1417 571 1551 614 inter
1571 567 1688 614 vos!

1362 639 1442 682 18.
1496 637 1625 682 Dico
1672 635 1810 682 enim
1854 634 2028 680 vobis:
2077 636 2208 692 quod

1293 718 1401 751 non
1419 705 1583 751 bibam
1615 703 1674 749 de
1707 701 2045 760 generatione
2072 703 2205 762 vitis,

1296 773 1458 818 donec
1477 785 1693 829 regnum
1711 769 1811 815 Dei
1829 769 2022 815 veniat.

1362 842 1444 884 19.
1479 839 1550 885 Et
1567 840 1806 894 acceptae
1833 849 1990 896 pane,
2021 836 2206 895 gratias

1297 907 1419 966 egit,
1434 909 1484 952 et
1494 907 1666 964 fregit,
1683 907 1734 951 et
1753 904 1813 950 de
1819 903 1891 950 dit
1902 905 1996 962 eis,
2011 905 2204 950 dicensi

1295 976 1406 1021 Hoc
1429 975 1506 1021 est
1525 986 1708 1031 corpus
1736 985 1927 1030 meum,
1958 971 2100 1028 quod
2117 984 2204 1029 pro

1301 1043 1444 1089 vobis
1466 1041 1635 1098 datur;
1663 1041 1763 1086 boc
1792 1039 1942 1085 facite
1970 1039 2029 1083 in
2047 1052 2206 1085 meam

1300 1108 1845 1156 commemorationem.

1367 1179 1447 1221 20.
1485 1173 1728 1222 Similiter
1747 1177 1800 1219 et
1819 1173 2040 1232 calicem,
2063 1177 2208 1230 post-

1300 1257 1448 1301 quam
1477 1242 1742 1301 coenavit,
1770 1241 1966 1287 dicens:
2001 1240 2098 1286 Hic
2133 1243 2212 1286 est

1301 1311 1452 1370 calix,
1491 1323 1682 1356 novum
1719 1298 2120 1354 testamentums
2155 1309 2207 1353 in

1301 1377 1547 1436 sanguine
1565 1389 1698 1436 meo,
1715 1375 1798 1434 qui
1815 1389 1909 1434 pro
1930 1375 2073 1422 vobis
2091 1377 2211 1422 fun-

1302 1446 1463 1492 detur.

1368 1515 1450 1558 21.
1483 1513 1838 1558 Verumtamen
1857 1509 2004 1554 ecce!
2029 1523 2206 1556 manus

1300 1579 1546 1625 tradentis
1560 1589 1851 1638 me,mecum
1862 1577 1940 1621 est
1951 1574 2007 1620 in
2017 1589 2208 1622 mensa.

1369 1649 1449 1692 22.
1484 1647 1554 1692 Et
1571 1646 1772 1704 quidem
1787 1643 1946 1690 Filius
1965 1643 2206 1700 hominis,

1303 1714 1578 1761 secundum
1631 1713 1766 1771 quod
1811 1711 2073 1757 definitum
2119 1715 2206 1768 est,

1303 1783 1467 1840 vadit3
1510 1782 1859 1827 verumtamen
1895 1791 1994 1825 vae
2019 1779 2208 1824 homini

1302 1851 1396 1909 illi,
1417 1863 1510 1908 per
1529 1862 1677 1906 quem
1693 1845 1947 1893 tradetur!

1371 1919 1451 1964 23.
1470 1917 1538 1962 Et
1557 1917 1655 1975 ipsi
1674 1917 1958 1974 coeperunt
1967 1926 2210 1972 quaerere

1301 1986 1438 2031 inter
1465 2000 1546 2045 se,
1586 1984 1696 2042 quis
1727 1986 1864 2030 esset
1891 1996 1960 2029 ex
1989 1983 2086 2039 eis,
2128 1981 2209 2037 qui

1301 2054 1399 2099 hoc
1422 2054 1647 2102 facturus
1669 2055 1818 2097 esset.

1370 2124 1454 2167 24.
1488 2122 1646 2167 Facta
1683 2122 1760 2165 est
1797 2121 1967 2164 autem
2005 2118 2057 2163 et
2086 2129 2210 2162 con-

1302 2190 1462 2235 tentio
1474 2196 1507 2232 ἕ
1524 2190 1658 2235 inter
1679 2200 1787 2247 eos,
1800 2186 1912 2243 quis
1939 2181 2118 2231 eo‘rum
2135 2184 2210 2228 vi·-

1305 2256 1508 2303 deretur
1529 2270 1641 2302 esse
1659 2255 1843 2311 major.

1372 2326 1453 2369 25.
1489 2324 1634 2369 Dixit
1681 2324 1850 2367 autem
1895 2320 1993 2365 eis:
2049 2319 2209 2375 Reges

1307 2392 1541 2437 Gentium
1567 2390 1890 2435 dominantur
1920 2399 2127 2442 eorum3
2166 2387 2212 2429 et

1306 2458 1390 2516 qui
1409 2458 1708 2516 potestatem
1726 2457 1914 2502 habent
1932 2465 2087 2512 super
2107 2464 2209 2508 eos,

1305 2525 1517 2573 benefici
1539 2525 1800 2570 vocantur.

1375 2596 1453 2638 26.
1488 2593 1594 2637 Vos
1633 2593 1799 2637 autem
1833 2602 1942 2635 non
1980 2588 2078 2635 sic!
2125 2586 2209 2633 sed

1306 2662 1390 2717 qui
1409 2660 1576 2717 maj0r
1606 2662 1682 2705 est
1699 2658 1754 2704 in
1774 2658 1918 2703 vobis
1933 2688 1948 2715 ,
1979 2659 2068 2703 fiat
2085 2656 2209 2701 sicut

1303 2728 1471 2774 minor
1485 2742 1499 2784 ;
1514 2729 1564 2773 et
1583 2728 1668 2783 qui
1685 2737 1987 2784 praecessor
2007 2726 2102 2782 est,
2115 2722 2206 2768 sic-

1303 2798 1361 2842 ut
1381 2795 1711 2840 ministrator.

1368 2865 1452 2907 27.
1485 2862 1613 2907 Nam
1649 2860 1758 2917 quis
1792 2859 1962 2917 maJ‘or
1995 2861 2098 2915 est,
2129 2855 2208 2912 qui

1304 2930 1565 2988 recumbit,
1587 2942 1652 2974 an
1673 2928 1759 2985 qui
1775 2926 2062 2971 ministrat?
2079 2935 2208 2968 non-

1305 3012 1370 3043 ne
1399 2998 1486 3054 qui
1513 2994 1787 3042 recumbit?
1825 2994 1943 3051 Ego
1974 2994 2141 3038 autem
2159 2989 2208 3033 in

1304 3065 1470 3110 medio
1511 3066 1732 3109 vestrum
1767 3074 1906 3120 sum,
1957 3060 2088 3106 sicut
2131 3054 2210 3113 qui

1303 3132 1567 3178 ministrat.

1349 3248 1368 3268 θ
1384 3246 1405 3277 1
1425 3239 1516 3275 Cor.
1543 3244 1612 3282 11,
1637 3242 1699 3277 23.
1726 3248 1812 3285 sqq.
1875 3233 1902 3268 ἰ
1918 3235 2054 3273 Exod-
2079 3236 2150 3275 2⁴,
2171 3232 2205 3267 8·

1302 3293 1328 3323 ε
1343 3286 1489 3325 Matth.
1505 3288 1564 3330 18,
1583 3291 1618 3324 1.
1639 3296 1725 3334 sqq.
1741 3288 1805 3327 20,
1823 3286 1994 3321 21—25.

454 3438 568 3492 Cap.
598 3432 759 3477 XXII.
816 3437 857 3475 3.
889 3435 965 3485 qui
992 3438 1176 3475 vocatur
1206 3433 1428 3479 Scarioth.
1488 3440 1556 3477 10.
1588 3436 1806 3483 occul-riv,
1833 3433 1944 3475 ibid.
1964 3434 2013 3474 in
2031 3441 2118 3483 qua
2141 3428 2204 3468 in-

336 3496 445 3535 trat.
525 3498 592 3534 11.
644 3490 763 3532 dicet
798 3488 883 3530 tibi
924 3486 1046 3541 (sic).

21 3524 23 3529 ⁷
342 3550 413 3588 26.
438 3548 603 3598 junior.

1124 3494 1193 3531 12·
1242 3493 1288 3532 et
1324 3491 1424 3544 ipse
1461 3491 1604 3533 vobis.
1681 3494 1748 3531 22.
1794 3501 1878 3530 vae
1915 3486 1988 3529 illi
2029 3482 2200 3527 homini.
