<?xml version="1.0" encoding="UTF-8"?>
<!DOCTYPE html PUBLIC "-//W3C//DTD XHTML 1.0 Transitional//EN"
    "http://www.w3.org/TR/xhtml1/DTD/xhtml1-transitional.dtd">
<html xmlns="http://www.w3.org/1999/xhtml" xml:lang="en" lang="en">
 <head>
  <title>
</title>
<meta http-equiv="Content-Type" content="text/html;charset=utf-8" />
  <meta name='ocr-system' content='tesseract 3.04.00' />
  <meta name='ocr-capabilities' content='ocr_page ocr_carea ocr_par ocr_line ocrx_word'/>
</head>
<body>
  <div class='ocr_page' id='page_1' title='image "./novumtestamentu01flecgoog_0308.png"; bbox 0 0 2376 3925; ppageno 0'>
   <div class='ocr_carea' id='block_1_1' title="bbox 285 197 387 248">
    <p class='ocr_par' dir='ltr' id='par_1_1' title="bbox 285 197 387 248">
     <span class='ocr_line' id='line_1_1' title="bbox 285 197 387 248; baseline 0 0"><span class='ocrx_word' id='word_1_1' title='bbox 285 197 387 248; x_wconf 78' lang='lat'><strong>240</strong></span> 
     </span>
    </p>
   </div>
   <div class='ocr_carea' id='block_1_2' title="bbox 516 179 1963 248">
    <p class='ocr_par' dir='ltr' id='par_1_2' title="bbox 516 179 1963 248">
     <span class='ocr_line' id='line_1_2' title="bbox 516 179 1963 248; baseline -0.012 -1"><span class='ocrx_word' id='word_1_2' title='bbox 516 193 936 248; x_wconf 77' lang='lat' dir='ltr'><strong>EPISTOLA</strong></span> <span class='ocrx_word' id='word_1_3' title='bbox 971 185 1223 245; x_wconf 83' lang='lat' dir='ltr'><strong>PAULI</strong></span> <span class='ocrx_word' id='word_1_4' title='bbox 1257 186 1362 238; x_wconf 81' lang='lat' dir='ltr'><strong>AD</strong></span> <span class='ocrx_word' id='word_1_5' title='bbox 1400 182 1595 234; x_wconf 85' lang='lat' dir='ltr'><strong>ROM.</strong></span> <span class='ocrx_word' id='word_1_6' title='bbox 1634 179 1801 232; x_wconf 80' lang='lat' dir='ltr'><strong>cAP.</strong></span> <span class='ocrx_word' id='word_1_7' title='bbox 1840 183 1891 229; x_wconf 85' lang='lat'><strong>1.</strong></span> <span class='ocrx_word' id='word_1_8' title='bbox 1914 183 1963 230; x_wconf 85' lang='lat'><strong>2.</strong></span> 
     </span>
    </p>
   </div>
   <div class='ocr_carea' id='block_1_3' title="bbox 287 258 2169 288">
    <p class='ocr_par' dir='ltr' id='par_1_3' title="bbox 287 258 2169 288">
     <span class='ocr_line' id='line_1_3' title="bbox 287 258 2169 288; baseline -0.011 0"><span class='ocrx_word' id='word_1_9' title='bbox 287 258 2169 288; x_wconf 81' lang='lat'><strong>.-..-.--.-—-———---—----—---—-—-————</strong></span> 
     </span>
    </p>
   </div>
   <div class='ocr_carea' id='block_1_4' title="bbox 286 293 1191 692">
    <p class='ocr_par' dir='ltr' id='par_1_4' title="bbox 286 293 1191 560">
     <span class='ocr_line' id='line_1_4' title="bbox 286 293 1188 358; baseline -0.012 -10"><span class='ocrx_word' id='word_1_10' title='bbox 286 301 503 358; x_wconf 81' lang='lat' dir='ltr'><strong>malitia,</strong></span> <span class='ocrx_word' id='word_1_11' title='bbox 541 297 910 354; x_wconf 74' lang='lat' dir='ltr'><strong>fornicatione,</strong></span> <span class='ocrx_word' id='word_1_12' title='bbox 957 293 1188 350; x_wconf 83' lang='lat' dir='ltr'><strong>avaritia,</strong></span> 
     </span>
     <span class='ocr_line' id='line_1_5' title="bbox 287 360 1191 425; baseline -0.01 -11"><span class='ocrx_word' id='word_1_13' title='bbox 287 367 529 425; x_wconf 81' lang='lat' dir='ltr'><strong>nequitia,</strong></span> <span class='ocrx_word' id='word_1_14' title='bbox 551 365 730 423; x_wconf 69' lang='lat' dir='ltr'><strong>plenos</strong></span> <span class='ocrx_word' id='word_1_15' title='bbox 749 363 956 422; x_wconf 83' lang='lat' dir='ltr'><strong>invidia,</strong></span> <span class='ocrx_word' id='word_1_16' title='bbox 976 360 1191 408; x_wconf 83' lang='lat' dir='ltr'><strong>homici-</strong></span> 
     </span>
     <span class='ocr_line' id='line_1_6' title="bbox 290 427 1190 494; baseline -0.012 -12"><span class='ocrx_word' id='word_1_17' title='bbox 290 435 392 494; x_wconf 89' lang='lat' dir='ltr'><strong>dio,</strong></span> <span class='ocrx_word' id='word_1_18' title='bbox 415 433 762 490; x_wconf 74' lang='lat' dir='ltr'><strong>contentione,</strong></span> <span class='ocrx_word' id='word_1_19' title='bbox 787 431 904 476; x_wconf 88' lang='lat' dir='ltr'><strong>dolo</strong></span> <span class='ocrx_word' id='word_1_20' title='bbox 918 460 934 489; x_wconf 91' lang='lat'><strong>,</strong></span> <span class='ocrx_word' id='word_1_21' title='bbox 953 427 1190 486; x_wconf 82' lang='lat' dir='ltr'><strong>maligni-</strong></span> 
     </span>
     <span class='ocr_line' id='line_1_7' title="bbox 289 505 754 560; baseline -0.011 -11"><span class='ocrx_word' id='word_1_22' title='bbox 289 505 411 560; x_wconf 87' lang='lat' dir='ltr'><strong>tate,</strong></span> <span class='ocrx_word' id='word_1_23' title='bbox 431 512 754 558; x_wconf 82' lang='lat' dir='ltr'><strong>susurrones,</strong></span> 
     </span>
    </p>

    <p class='ocr_par' dir='ltr' id='par_1_5' title="bbox 291 560 1190 692">
     <span class='ocr_line' id='line_1_8' title="bbox 357 560 1190 622; baseline -0.013 -6"><span class='ocrx_word' id='word_1_24' title='bbox 357 570 438 616; x_wconf 83' lang='lat'><strong>30.</strong></span> <span class='ocrx_word' id='word_1_25' title='bbox 474 568 784 614; x_wconf 73' lang='lat' dir='ltr'><strong>detractores</strong></span> <span class='ocrx_word' id='word_1_26' title='bbox 797 599 810 622; x_wconf 91' lang='lat'><strong>,</strong></span> <span class='ocrx_word' id='word_1_27' title='bbox 828 564 940 610; x_wconf 92' lang='lat' dir='ltr'><strong>Deo</strong></span> <span class='ocrx_word' id='word_1_28' title='bbox 959 560 1190 619; x_wconf 77' lang='lat' dir='ltr'><strong>odibiles,</strong></span> 
     </span>
     <span class='ocr_line' id='line_1_9' title="bbox 291 628 1190 692; baseline -0.013 -8"><span class='ocrx_word' id='word_1_29' title='bbox 291 635 704 692; x_wconf 86' lang='lat' dir='ltr'><strong>contumeliosos,</strong></span> <span class='ocrx_word' id='word_1_30' title='bbox 727 634 988 689; x_wconf 88' lang='lat' dir='ltr'><strong>superbos,</strong></span> <span class='ocrx_word' id='word_1_31' title='bbox 1009 628 1190 687; x_wconf 89' lang='lat' dir='ltr'><strong>elatos,</strong></span> 
     </span>
    </p>
   </div>
   <div class='ocr_carea' id='block_1_5' title="bbox 213 696 1193 757">
    <p class='ocr_par' dir='ltr' id='par_1_6' title="bbox 213 696 1193 757">
     <span class='ocr_line' id='line_1_10' title="bbox 213 696 1193 757; baseline -0.012 -5"><span class='ocrx_word' id='word_1_32' title='bbox 213 697 218 702; x_wconf 48' lang='lat'>⁸</span> <span class='ocrx_word' id='word_1_33' title='bbox 291 706 588 750; x_wconf 70' lang='lat' dir='ltr'><strong>inventores</strong></span> <span class='ocrx_word' id='word_1_34' title='bbox 607 701 880 757; x_wconf 86' lang='lat' dir='ltr'><strong>malorum,</strong></span> <span class='ocrx_word' id='word_1_35' title='bbox 899 696 1193 755; x_wconf 83' lang='lat' dir='ltr'><strong>parentibus</strong></span> 
     </span>
    </p>
   </div>
   <div class='ocr_carea' id='block_1_6' title="bbox 289 771 1199 1424">
    <p class='ocr_par' dir='ltr' id='par_1_7' title="bbox 289 771 728 826">
     <span class='ocr_line' id='line_1_11' title="bbox 289 771 728 826; baseline -0.016 -7"><span class='ocrx_word' id='word_1_36' title='bbox 289 787 396 819; x_wconf 86' lang='lat' dir='ltr'><strong>non</strong></span> <span class='ocrx_word' id='word_1_37' title='bbox 417 771 728 826; x_wconf 85' lang='lat' dir='ltr'><strong>obedientes,</strong></span> 
     </span>
    </p>

    <p class='ocr_par' dir='ltr' id='par_1_8' title="bbox 291 830 1192 1021">
     <span class='ocr_line' id='line_1_12' title="bbox 359 830 1192 893; baseline -0.016 -7"><span class='ocrx_word' id='word_1_38' title='bbox 359 841 439 886; x_wconf 82' lang='lat'><strong>31.</strong></span> <span class='ocrx_word' id='word_1_39' title='bbox 473 836 788 893; x_wconf 80' lang='lat' dir='ltr'><strong>insipientes,</strong></span> <span class='ocrx_word' id='word_1_40' title='bbox 808 830 1192 888; x_wconf 86' lang='lat' dir='ltr'><strong>incompositos,</strong></span> 
     </span>
     <span class='ocr_line' id='line_1_13' title="bbox 292 898 1192 960; baseline -0.014 -6"><span class='ocrx_word' id='word_1_41' title='bbox 292 909 402 953; x_wconf 88' lang='lat' dir='ltr'><strong>sine</strong></span> <span class='ocrx_word' id='word_1_42' title='bbox 422 904 716 960; x_wconf 81' lang='lat' dir='ltr'><strong>affectione,</strong></span> <span class='ocrx_word' id='word_1_43' title='bbox 749 902 936 958; x_wconf 84' lang='lat' dir='ltr'><strong>absque</strong></span> <span class='ocrx_word' id='word_1_44' title='bbox 964 898 1192 956; x_wconf 81' lang='lat' dir='ltr'><strong>foedere,</strong></span> 
     </span>
     <span class='ocr_line' id='line_1_14' title="bbox 291 969 784 1021; baseline -0.012 0"><span class='ocrx_word' id='word_1_45' title='bbox 291 976 402 1021; x_wconf 85' lang='lat' dir='ltr'><strong>sine</strong></span> <span class='ocrx_word' id='word_1_46' title='bbox 420 969 784 1018; x_wconf 87' lang='lat' dir='ltr'><strong>misericordia.</strong></span> 
     </span>
    </p>

    <p class='ocr_par' dir='ltr' id='par_1_9' title="bbox 291 1031 1199 1424">
     <span class='ocr_line' id='line_1_15' title="bbox 359 1031 1195 1093; baseline -0.011 -8"><span class='ocrx_word' id='word_1_47' title='bbox 359 1043 440 1086; x_wconf 82' lang='lat'><strong>32.</strong></span> <span class='ocrx_word' id='word_1_48' title='bbox 478 1038 579 1090; x_wconf 78' lang='lat' dir='ltr'><strong>Qui</strong></span> <span class='ocrx_word' id='word_1_49' title='bbox 597 1051 708 1083; x_wconf 89' lang='lat' dir='ltr'><strong>cum</strong></span> <span class='ocrx_word' id='word_1_50' title='bbox 720 1033 970 1093; x_wconf 86' lang='lat' dir='ltr'><strong>justitiam</strong></span> <span class='ocrx_word' id='word_1_51' title='bbox 986 1031 1085 1078; x_wconf 91' lang='lat' dir='ltr'><strong>Dei</strong></span> <span class='ocrx_word' id='word_1_52' title='bbox 1103 1044 1195 1078; x_wconf 86' lang='lat' dir='ltr'><strong>co·-</strong></span> 
     </span>
     <span class='ocr_line' id='line_1_16' title="bbox 293 1101 1193 1167; baseline -0.009 -15"><span class='ocrx_word' id='word_1_53' title='bbox 293 1106 616 1167; x_wconf 82' lang='lat' dir='ltr'><strong>gnovissent,</strong></span> <span class='ocrx_word' id='word_1_54' title='bbox 661 1116 768 1149; x_wconf 89' lang='lat' dir='ltr'><strong>non</strong></span> <span class='ocrx_word' id='word_1_55' title='bbox 811 1101 1193 1157; x_wconf 84' lang='lat' dir='ltr'><strong>intellexerunt,</strong></span> 
     </span>
     <span class='ocr_line' id='line_1_17' title="bbox 291 1166 1193 1233; baseline -0.012 -11"><span class='ocrx_word' id='word_1_56' title='bbox 291 1175 530 1233; x_wconf 79' lang='lat' dir='ltr'><strong>quoniam</strong></span> <span class='ocrx_word' id='word_1_57' title='bbox 566 1172 652 1229; x_wconf 87' lang='lat' dir='ltr'><strong>qui</strong></span> <span class='ocrx_word' id='word_1_58' title='bbox 686 1171 808 1218; x_wconf 85' lang='lat' dir='ltr'><strong>talia</strong></span> <span class='ocrx_word' id='word_1_59' title='bbox 844 1170 1016 1228; x_wconf 85' lang='lat' dir='ltr'><strong>agunt,</strong></span> <span class='ocrx_word' id='word_1_60' title='bbox 1055 1166 1193 1224; x_wconf 86' lang='lat' dir='ltr'><strong>digni</strong></span> 
     </span>
     <span class='ocr_line' id='line_1_18' title="bbox 293 1235 1197 1299; baseline -0.011 -10"><span class='ocrx_word' id='word_1_61' title='bbox 293 1245 410 1290; x_wconf 91' lang='lat' dir='ltr'><strong>sunt</strong></span> <span class='ocrx_word' id='word_1_62' title='bbox 426 1242 589 1288; x_wconf 88' lang='lat' dir='ltr'><strong>morte</strong></span> <span class='ocrx_word' id='word_1_63' title='bbox 602 1270 616 1299; x_wconf 89' lang='lat'>‚</span> <span class='ocrx_word' id='word_1_64' title='bbox 648 1241 698 1285; x_wconf 92' lang='lat' dir='ltr'><strong>et</strong></span> <span class='ocrx_word' id='word_1_65' title='bbox 719 1251 828 1284; x_wconf 90' lang='lat' dir='ltr'><strong>non</strong></span> <span class='ocrx_word' id='word_1_66' title='bbox 847 1237 1010 1282; x_wconf 87' lang='lat' dir='ltr'><strong>solum</strong></span> <span class='ocrx_word' id='word_1_67' title='bbox 1031 1235 1116 1291; x_wconf 87' lang='lat' dir='ltr'><strong>qui</strong></span> <span class='ocrx_word' id='word_1_68' title='bbox 1136 1247 1197 1280; x_wconf 86' lang='lat' dir='ltr'><strong>ea</strong></span> 
     </span>
     <span class='ocr_line' id='line_1_19' title="bbox 293 1303 1199 1367; baseline -0.012 -10"><span class='ocrx_word' id='word_1_69' title='bbox 293 1311 500 1367; x_wconf 74' lang='lat' dir='ltr'><strong>faciunt,</strong></span> <span class='ocrx_word' id='word_1_70' title='bbox 513 1307 604 1354; x_wconf 86' lang='lat' dir='ltr'><strong>sed</strong></span> <span class='ocrx_word' id='word_1_71' title='bbox 615 1307 765 1354; x_wconf 89' lang='lat' dir='ltr'><strong>etiam</strong></span> <span class='ocrx_word' id='word_1_72' title='bbox 775 1304 861 1362; x_wconf 86' lang='lat' dir='ltr'><strong>qui</strong></span> <span class='ocrx_word' id='word_1_73' title='bbox 873 1303 1199 1351; x_wconf 87' lang='lat' dir='ltr'><strong>consentiunt</strong></span> 
     </span>
     <span class='ocr_line' id='line_1_20' title="bbox 291 1377 604 1424; baseline -0.013 0"><span class='ocrx_word' id='word_1_74' title='bbox 291 1377 604 1424; x_wconf 76' lang='lat' dir='ltr'><strong>facientibus.</strong></span> 
     </span>
    </p>
   </div>
   <div class='ocr_carea' id='block_1_7' title="bbox 596 1469 892 1522">
    <p class='ocr_par' dir='ltr' id='par_1_10' title="bbox 596 1469 892 1522">
     <span class='ocr_line' id='line_1_21' title="bbox 596 1469 892 1522; baseline -0.014 0"><span class='ocrx_word' id='word_1_75' title='bbox 596 1471 764 1522; x_wconf 79' lang='lat' dir='ltr'><strong>CAP.</strong></span> <span class='ocrx_word' id='word_1_76' title='bbox 827 1469 892 1520; x_wconf 90' lang='lat'><strong>11.</strong></span> 
     </span>
    </p>
   </div>
   <div class='ocr_carea' id='block_1_8' title="bbox 289 1549 1199 3268">
    <p class='ocr_par' dir='ltr' id='par_1_11' title="bbox 292 1549 1196 1762">
     <span class='ocr_line' id='line_1_22' title="bbox 292 1549 1196 1602; baseline -0.015 0"><span class='ocrx_word' id='word_1_77' title='bbox 292 1558 457 1602; x_wconf 80' lang='lat' dir='ltr'><strong>Judaei</strong></span> <span class='ocrx_word' id='word_1_78' title='bbox 475 1560 521 1597; x_wconf 87' lang='lat' dir='ltr'><strong>et</strong></span> <span class='ocrx_word' id='word_1_79' title='bbox 539 1554 690 1597; x_wconf 82' lang='lat' dir='ltr'><strong>exteri</strong></span> <span class='ocrx_word' id='word_1_80' title='bbox 709 1552 1051 1602; x_wconf 78' lang='lat' dir='ltr'><strong>redarguuntur.</strong></span> <span class='ocrx_word' id='word_1_81' title='bbox 1099 1549 1196 1590; x_wconf 82' lang='lat' dir='ltr'><strong>Ex-</strong></span> 
     </span>
     <span class='ocr_line' id='line_1_23' title="bbox 292 1608 1196 1666; baseline -0.013 -9"><span class='ocrx_word' id='word_1_82' title='bbox 292 1615 380 1657; x_wconf 86' lang='lat' dir='ltr'><strong>teri</strong></span> <span class='ocrx_word' id='word_1_83' title='bbox 400 1625 468 1662; x_wconf 85' lang='lat' dir='ltr'><strong>ea,</strong></span> <span class='ocrx_word' id='word_1_84' title='bbox 481 1624 594 1666; x_wconf 82' lang='lat' dir='ltr'><strong>quae</strong></span> <span class='ocrx_word' id='word_1_85' title='bbox 613 1608 730 1661; x_wconf 77' lang='lat' dir='ltr'><strong>legis</strong></span> <span class='ocrx_word' id='word_1_86' title='bbox 750 1611 868 1654; x_wconf 88' lang='lat' dir='ltr'><strong>sunt,</strong></span> <span class='ocrx_word' id='word_1_87' title='bbox 884 1611 1046 1648; x_wconf 83' lang='lat' dir='ltr'><strong>natura</strong></span> <span class='ocrx_word' id='word_1_88' title='bbox 1065 1617 1196 1660; x_wconf 85' lang='lat' dir='ltr'><strong>prae-</strong></span> 
     </span>
     <span class='ocr_line' id='line_1_24' title="bbox 322 1660 1169 1722; baseline -0.012 -10"><span class='ocrx_word' id='word_1_89' title='bbox 322 1673 495 1712; x_wconf 79' lang='lat' dir='ltr'><strong>stantes</strong></span> <span class='ocrx_word' id='word_1_90' title='bbox 514 1679 650 1722; x_wconf 83' lang='lat' dir='ltr'><strong>pares</strong></span> <span class='ocrx_word' id='word_1_91' title='bbox 671 1663 944 1706; x_wconf 79' lang='lat' dir='ltr'><strong>circumcisis</strong></span> <span class='ocrx_word' id='word_1_92' title='bbox 971 1660 1169 1704; x_wconf 83' lang='lat' dir='ltr'><strong>habendi</strong></span> 
     </span>
     <span class='ocr_line' id='line_1_25' title="bbox 688 1723 805 1762; baseline -0.034 0"><span class='ocrx_word' id='word_1_93' title='bbox 688 1723 805 1762; x_wconf 84' lang='lat' dir='ltr'><strong>sunt.</strong></span> 
     </span>
    </p>

    <p class='ocr_par' dir='ltr' id='par_1_12' title="bbox 291 1793 1199 2132">
     <span class='ocr_line' id='line_1_26' title="bbox 359 1793 1197 1858; baseline -0.012 -8"><span class='ocrx_word' id='word_1_94' title='bbox 359 1806 404 1850; x_wconf 84' lang='lat'><strong>1.</strong></span> <span class='ocrx_word' id='word_1_95' title='bbox 441 1801 656 1858; x_wconf 87' lang='lat' dir='ltr'><strong>Propter</strong></span> <span class='ocrx_word' id='word_1_96' title='bbox 677 1797 810 1856; x_wconf 84' lang='lat' dir='ltr'><strong>quod</strong></span> <span class='ocrx_word' id='word_1_97' title='bbox 838 1793 1197 1842; x_wconf 80' lang='lat' dir='ltr'><strong>inexcusabilis</strong></span> 
     </span>
     <span class='ocr_line' id='line_1_27' title="bbox 292 1862 1197 1931; baseline -0.015 -12"><span class='ocrx_word' id='word_1_98' title='bbox 292 1886 372 1931; x_wconf 89' lang='lat' dir='ltr'><strong>es,</strong></span> <span class='ocrx_word' id='word_1_99' title='bbox 397 1884 427 1917; x_wconf 95' lang='lat' dir='ltr'><strong>o</strong></span> <span class='ocrx_word' id='word_1_100' title='bbox 445 1865 625 1916; x_wconf 87' lang='lat' dir='ltr'><strong>homo!</strong></span> <span class='ocrx_word' id='word_1_101' title='bbox 657 1866 846 1924; x_wconf 89' lang='lat' dir='ltr'><strong>omnis,</strong></span> <span class='ocrx_word' id='word_1_102' title='bbox 875 1865 960 1922; x_wconf 92' lang='lat' dir='ltr'><strong>qui</strong></span> <span class='ocrx_word' id='word_1_103' title='bbox 984 1862 1197 1920; x_wconf 82' lang='lat' dir='ltr'><strong>judicas.</strong></span> 
     </span>
     <span class='ocr_line' id='line_1_28' title="bbox 291 1930 1198 1997; baseline -0.012 -11"><span class='ocrx_word' id='word_1_104' title='bbox 291 1943 350 1986; x_wconf 85' lang='lat' dir='ltr'><strong>In</strong></span> <span class='ocrx_word' id='word_1_105' title='bbox 379 1951 477 1997; x_wconf 87' lang='lat' dir='ltr'><strong>quo</strong></span> <span class='ocrx_word' id='word_1_106' title='bbox 510 1935 643 1984; x_wconf 91' lang='lat' dir='ltr'><strong>enim</strong></span> <span class='ocrx_word' id='word_1_107' title='bbox 657 1933 854 1993; x_wconf 87' lang='lat' dir='ltr'><strong>judicas</strong></span> <span class='ocrx_word' id='word_1_108' title='bbox 875 1933 1114 1990; x_wconf 84' lang='lat' dir='ltr'><strong>alterum,</strong></span> <span class='ocrx_word' id='word_1_109' title='bbox 1147 1930 1198 1975; x_wconf 91' lang='lat' dir='ltr'><strong>te</strong></span> 
     </span>
     <span class='ocr_line' id='line_1_29' title="bbox 292 1998 1199 2065; baseline -0.013 -12"><span class='ocrx_word' id='word_1_110' title='bbox 292 2010 455 2065; x_wconf 88' lang='lat' dir='ltr'><strong>ipsum</strong></span> <span class='ocrx_word' id='word_1_111' title='bbox 484 2004 820 2058; x_wconf 80' lang='lat' dir='ltr'><strong>condemnas3</strong></span> <span class='ocrx_word' id='word_1_112' title='bbox 861 2000 1035 2046; x_wconf 88' lang='lat' dir='ltr'><strong>eadem</strong></span> <span class='ocrx_word' id='word_1_113' title='bbox 1064 1998 1199 2043; x_wconf 87' lang='lat' dir='ltr'><strong>enim</strong></span> 
     </span>
     <span class='ocr_line' id='line_1_30' title="bbox 293 2068 796 2132; baseline -0.014 -13"><span class='ocrx_word' id='word_1_114' title='bbox 293 2075 420 2132; x_wconf 82' lang='lat' dir='ltr'><strong>agis,</strong></span> <span class='ocrx_word' id='word_1_115' title='bbox 441 2084 569 2129; x_wconf 88' lang='lat' dir='ltr'><strong>quae</strong></span> <span class='ocrx_word' id='word_1_116' title='bbox 585 2068 796 2126; x_wconf 75' lang='lat' dir='ltr'><strong>Judicas.</strong></span> 
     </span>
    </p>

    <p class='ocr_par' dir='ltr' id='par_1_13' title="bbox 293 2130 1198 2327">
     <span class='ocr_line' id='line_1_31' title="bbox 361 2130 1198 2191; baseline -0.013 -7"><span class='ocrx_word' id='word_1_117' title='bbox 361 2142 406 2183; x_wconf 87' lang='lat'><strong>2.</strong></span> <span class='ocrx_word' id='word_1_118' title='bbox 449 2138 640 2183; x_wconf 89' lang='lat' dir='ltr'><strong>Scimus</strong></span> <span class='ocrx_word' id='word_1_119' title='bbox 663 2134 822 2191; x_wconf 90' lang='lat' dir='ltr'><strong>enim,</strong></span> <span class='ocrx_word' id='word_1_120' title='bbox 855 2130 1092 2189; x_wconf 85' lang='lat' dir='ltr'><strong>quoniam</strong></span> <span class='ocrx_word' id='word_1_121' title='bbox 1110 2130 1198 2187; x_wconf 89' lang='lat' dir='ltr'><strong>ju-</strong></span> 
     </span>
     <span class='ocr_line' id='line_1_32' title="bbox 295 2197 1198 2252; baseline -0.011 0"><span class='ocrx_word' id='word_1_122' title='bbox 295 2206 477 2252; x_wconf 88' lang='lat' dir='ltr'><strong>dicium</strong></span> <span class='ocrx_word' id='word_1_123' title='bbox 495 2202 592 2247; x_wconf 93' lang='lat' dir='ltr'><strong>Dei</strong></span> <span class='ocrx_word' id='word_1_124' title='bbox 620 2202 698 2247; x_wconf 87' lang='lat' dir='ltr'><strong>est</strong></span> <span class='ocrx_word' id='word_1_125' title='bbox 716 2200 990 2245; x_wconf 87' lang='lat' dir='ltr'><strong>secundum</strong></span> <span class='ocrx_word' id='word_1_126' title='bbox 1007 2197 1198 2244; x_wconf 81' lang='lat' dir='ltr'><strong>verita-</strong></span> 
     </span>
     <span class='ocr_line' id='line_1_33' title="bbox 293 2266 1028 2327; baseline -0.012 -8"><span class='ocrx_word' id='word_1_127' title='bbox 293 2276 391 2321; x_wconf 85' lang='lat' dir='ltr'><strong>tem</strong></span> <span class='ocrx_word' id='word_1_128' title='bbox 413 2272 467 2318; x_wconf 90' lang='lat' dir='ltr'><strong>in</strong></span> <span class='ocrx_word' id='word_1_129' title='bbox 488 2282 595 2327; x_wconf 89' lang='lat' dir='ltr'><strong>eos,</strong></span> <span class='ocrx_word' id='word_1_130' title='bbox 617 2268 701 2325; x_wconf 88' lang='lat' dir='ltr'><strong>qui</strong></span> <span class='ocrx_word' id='word_1_131' title='bbox 719 2266 842 2311; x_wconf 88' lang='lat' dir='ltr'><strong>talia</strong></span> <span class='ocrx_word' id='word_1_132' title='bbox 859 2268 1028 2325; x_wconf 82' lang='lat' dir='ltr'><strong>agunt.</strong></span> 
     </span>
    </p>

    <p class='ocr_par' dir='ltr' id='par_1_14' title="bbox 289 2332 1199 2603">
     <span class='ocr_line' id='line_1_34' title="bbox 360 2332 1197 2391; baseline -0.012 -3"><span class='ocrx_word' id='word_1_133' title='bbox 360 2343 408 2387; x_wconf 82' lang='lat'><strong>3.</strong></span> <span class='ocrx_word' id='word_1_134' title='bbox 443 2336 718 2385; x_wconf 82' lang='lat' dir='ltr'><strong>Existimas</strong></span> <span class='ocrx_word' id='word_1_135' title='bbox 739 2337 906 2380; x_wconf 88' lang='lat' dir='ltr'><strong>autem</strong></span> <span class='ocrx_word' id='word_1_136' title='bbox 924 2334 1039 2391; x_wconf 87' lang='lat' dir='ltr'><strong>hoc,</strong></span> <span class='ocrx_word' id='word_1_137' title='bbox 1055 2346 1084 2378; x_wconf 95' lang='lat' dir='ltr'><strong>o</strong></span> <span class='ocrx_word' id='word_1_138' title='bbox 1099 2332 1197 2378; x_wconf 90' lang='lat' dir='ltr'><strong>ho-</strong></span> 
     </span>
     <span class='ocr_line' id='line_1_35' title="bbox 291 2400 1199 2465; baseline -0.014 -8"><span class='ocrx_word' id='word_1_139' title='bbox 291 2408 398 2457; x_wconf 90' lang='lat' dir='ltr'><strong>mo!</strong></span> <span class='ocrx_word' id='word_1_140' title='bbox 430 2406 515 2465; x_wconf 90' lang='lat' dir='ltr'><strong>qui</strong></span> <span class='ocrx_word' id='word_1_141' title='bbox 538 2403 734 2463; x_wconf 82' lang='lat' dir='ltr'><strong>judicas</strong></span> <span class='ocrx_word' id='word_1_142' title='bbox 757 2415 846 2448; x_wconf 87' lang='lat' dir='ltr'><strong>eos</strong></span> <span class='ocrx_word' id='word_1_143' title='bbox 859 2433 874 2461; x_wconf 97' lang='lat'><strong>,</strong></span> <span class='ocrx_word' id='word_1_144' title='bbox 896 2401 981 2459; x_wconf 88' lang='lat' dir='ltr'><strong>qui</strong></span> <span class='ocrx_word' id='word_1_145' title='bbox 1000 2400 1121 2445; x_wconf 86' lang='lat' dir='ltr'><strong>talia</strong></span> <span class='ocrx_word' id='word_1_146' title='bbox 1139 2413 1199 2446; x_wconf 83' lang='lat' dir='ltr'><strong>a-</strong></span> 
     </span>
     <span class='ocr_line' id='line_1_36' title="bbox 295 2468 1199 2539; baseline -0.012 -15"><span class='ocrx_word' id='word_1_147' title='bbox 295 2479 436 2539; x_wconf 82' lang='lat' dir='ltr'><strong>gunt,</strong></span> <span class='ocrx_word' id='word_1_148' title='bbox 459 2477 510 2521; x_wconf 92' lang='lat' dir='ltr'><strong>et</strong></span> <span class='ocrx_word' id='word_1_149' title='bbox 527 2472 652 2519; x_wconf 85' lang='lat' dir='ltr'><strong>facis</strong></span> <span class='ocrx_word' id='word_1_150' title='bbox 673 2484 758 2530; x_wconf 87' lang='lat' dir='ltr'><strong>ea,</strong></span> <span class='ocrx_word' id='word_1_151' title='bbox 781 2470 896 2529; x_wconf 87' lang='lat' dir='ltr'><strong>quia</strong></span> <span class='ocrx_word' id='word_1_152' title='bbox 913 2472 968 2515; x_wconf 85' lang='lat' dir='ltr'><strong>tu</strong></span> <span class='ocrx_word' id='word_1_153' title='bbox 988 2468 1199 2527; x_wconf 79' lang='lat' dir='ltr'><strong>effugies</strong></span> 
     </span>
     <span class='ocr_line' id='line_1_37' title="bbox 289 2538 683 2603; baseline -0.025 -10"><span class='ocrx_word' id='word_1_154' title='bbox 289 2543 536 2603; x_wconf 87' lang='lat' dir='ltr'><strong>judicium</strong></span> <span class='ocrx_word' id='word_1_155' title='bbox 553 2538 683 2585; x_wconf 66' lang='lat' dir='ltr'><strong>Dei‘!</strong></span> 
     </span>
    </p>

    <p class='ocr_par' dir='ltr' id='par_1_15' title="bbox 294 2602 1199 2926">
     <span class='ocr_line' id='line_1_38' title="bbox 359 2602 1197 2661; baseline -0.012 -3"><span class='ocrx_word' id='word_1_156' title='bbox 359 2615 406 2657; x_wconf 84' lang='lat'><strong>4.</strong></span> <span class='ocrx_word' id='word_1_157' title='bbox 440 2613 522 2657; x_wconf 90' lang='lat' dir='ltr'><strong>An</strong></span> <span class='ocrx_word' id='word_1_158' title='bbox 560 2606 759 2653; x_wconf 84' lang='lat' dir='ltr'><strong>divitias</strong></span> <span class='ocrx_word' id='word_1_159' title='bbox 798 2602 1036 2651; x_wconf 84' lang='lat' dir='ltr'><strong>bonitatis</strong></span> <span class='ocrx_word' id='word_1_160' title='bbox 1067 2603 1197 2661; x_wconf 83' lang='lat' dir='ltr'><strong>ejus,</strong></span> 
     </span>
     <span class='ocr_line' id='line_1_39' title="bbox 294 2669 1197 2736; baseline -0.011 -12"><span class='ocrx_word' id='word_1_161' title='bbox 294 2682 344 2724; x_wconf 85' lang='lat' dir='ltr'><strong>et</strong></span> <span class='ocrx_word' id='word_1_162' title='bbox 378 2676 650 2736; x_wconf 84' lang='lat' dir='ltr'><strong>patientiae</strong></span> <span class='ocrx_word' id='word_1_163' title='bbox 663 2706 678 2735; x_wconf 93' lang='lat'><strong>,</strong></span> <span class='ocrx_word' id='word_1_164' title='bbox 717 2674 768 2719; x_wconf 90' lang='lat' dir='ltr'><strong>et</strong></span> <span class='ocrx_word' id='word_1_165' title='bbox 801 2669 1197 2729; x_wconf 76' lang='lat' dir='ltr'><strong>longanimitatis</strong></span> 
     </span>
     <span class='ocr_line' id='line_1_40' title="bbox 295 2736 1199 2801; baseline -0.012 -10"><span class='ocrx_word' id='word_1_166' title='bbox 295 2744 608 2791; x_wconf 68' lang='lat' dir='ltr'><strong>contemnis‘.⁸</strong></span> <span class='ocrx_word' id='word_1_167' title='bbox 659 2742 924 2801; x_wconf 61' lang='lat' dir='ltr'><strong>ignorasr,</strong></span> <span class='ocrx_word' id='word_1_168' title='bbox 962 2736 1199 2795; x_wconf 84' lang='lat' dir='ltr'><strong>quoniam</strong></span> 
     </span>
     <span class='ocr_line' id='line_1_41' title="bbox 295 2804 1199 2869; baseline -0.011 -10"><span class='ocrx_word' id='word_1_169' title='bbox 295 2812 577 2869; x_wconf 81' lang='lat' dir='ltr'><strong>benignitas</strong></span> <span class='ocrx_word' id='word_1_170' title='bbox 613 2810 711 2857; x_wconf 90' lang='lat' dir='ltr'><strong>Dei</strong></span> <span class='ocrx_word' id='word_1_171' title='bbox 743 2808 804 2855; x_wconf 88' lang='lat' dir='ltr'><strong>ad</strong></span> <span class='ocrx_word' id='word_1_172' title='bbox 835 2804 1199 2865; x_wconf 85' lang='lat' dir='ltr'><strong>poenitentiam</strong></span> 
     </span>
     <span class='ocr_line' id='line_1_42' title="bbox 295 2870 906 2926; baseline -0.013 0"><span class='ocrx_word' id='word_1_173' title='bbox 295 2882 344 2926; x_wconf 86' lang='lat' dir='ltr'><strong>te</strong></span> <span class='ocrx_word' id='word_1_174' title='bbox 366 2877 595 2923; x_wconf 58' lang='lat' dir='ltr'><strong>adducit}</strong></span> <span class='ocrx_word' id='word_1_175' title='bbox 900 2870 906 2872; x_wconf 58' lang='grc'><strong><em>’</em></strong></span> 
     </span>
    </p>

    <p class='ocr_par' dir='ltr' id='par_1_16' title="bbox 293 2940 1197 3201">
     <span class='ocr_line' id='line_1_43' title="bbox 363 2940 1197 2991; baseline -0.008 0"><span class='ocrx_word' id='word_1_176' title='bbox 363 2948 409 2991; x_wconf 85' lang='grc'><strong>5.</strong></span> <span class='ocrx_word' id='word_1_177' title='bbox 447 2942 730 2991; x_wconf 88' lang='lat' dir='ltr'><strong>Secundum</strong></span> <span class='ocrx_word' id='word_1_178' title='bbox 766 2945 931 2989; x_wconf 85' lang='lat' dir='ltr'><strong>autem</strong></span> <span class='ocrx_word' id='word_1_179' title='bbox 961 2940 1197 2985; x_wconf 88' lang='lat' dir='ltr'><strong>duritiam</strong></span> 
     </span>
     <span class='ocr_line' id='line_1_44' title="bbox 293 3009 1197 3067; baseline -0.01 -6"><span class='ocrx_word' id='word_1_180' title='bbox 293 3018 428 3061; x_wconf 88' lang='lat' dir='ltr'><strong>tuam</strong></span> <span class='ocrx_word' id='word_1_181' title='bbox 450 3013 501 3057; x_wconf 87' lang='lat' dir='ltr'><strong>et</strong></span> <span class='ocrx_word' id='word_1_182' title='bbox 517 3010 852 3067; x_wconf 83' lang='lat' dir='ltr'><strong>impoenitens</strong></span> <span class='ocrx_word' id='word_1_183' title='bbox 873 3009 1197 3067; x_wconf 80' lang='lat' dir='ltr'><strong>cor,thesau-</strong></span> 
     </span>
     <span class='ocr_line' id='line_1_45' title="bbox 295 3076 1196 3134; baseline -0.009 -6"><span class='ocrx_word' id='word_1_184' title='bbox 295 3082 428 3128; x_wconf 86' lang='lat' dir='ltr'><strong>rizas</strong></span> <span class='ocrx_word' id='word_1_185' title='bbox 448 3078 540 3126; x_wconf 90' lang='lat' dir='ltr'><strong>tibi</strong></span> <span class='ocrx_word' id='word_1_186' title='bbox 557 3077 683 3124; x_wconf 88' lang='lat' dir='ltr'><strong>iram</strong></span> <span class='ocrx_word' id='word_1_187' title='bbox 707 3077 760 3121; x_wconf 88' lang='lat' dir='ltr'><strong>in</strong></span> <span class='ocrx_word' id='word_1_188' title='bbox 782 3077 860 3122; x_wconf 90' lang='lat' dir='ltr'><strong>die</strong></span> <span class='ocrx_word' id='word_1_189' title='bbox 879 3076 1012 3134; x_wconf 89' lang='lat' dir='ltr'><strong>irae,</strong></span> <span class='ocrx_word' id='word_1_190' title='bbox 1043 3077 1096 3122; x_wconf 86' lang='lat' dir='ltr'><strong>et</strong></span> <span class='ocrx_word' id='word_1_191' title='bbox 1109 3088 1196 3120; x_wconf 86' lang='lat' dir='ltr'><strong>re-</strong></span> 
     </span>
     <span class='ocr_line' id='line_1_46' title="bbox 297 3142 1028 3201; baseline -0.01 -8"><span class='ocrx_word' id='word_1_192' title='bbox 297 3145 566 3195; x_wconf 84' lang='lat' dir='ltr'><strong>velationis</strong></span> <span class='ocrx_word' id='word_1_193' title='bbox 583 3144 705 3201; x_wconf 87' lang='lat' dir='ltr'><strong>justi</strong></span> <span class='ocrx_word' id='word_1_194' title='bbox 720 3142 897 3201; x_wconf 82' lang='lat' dir='ltr'><strong>judicii</strong></span> <span class='ocrx_word' id='word_1_195' title='bbox 913 3142 1028 3200; x_wconf 89' lang='lat' dir='ltr'><strong>Dei,</strong></span> 
     </span>
    </p>

    <p class='ocr_par' dir='ltr' id='par_1_17' title="bbox 342 3222 1016 3268">
     <span class='ocr_line' id='line_1_47' title="bbox 342 3222 1016 3268; baseline -0.013 -4"><span class='ocrx_word' id='word_1_196' title='bbox 342 3234 362 3253; x_wconf 69' lang='lat' dir='ltr'><strong>r</strong></span> <span class='ocrx_word' id='word_1_197' title='bbox 377 3228 478 3263; x_wconf 72' lang='lat' dir='ltr'><strong>Luc.</strong></span> <span class='ocrx_word' id='word_1_198' title='bbox 496 3230 556 3268; x_wconf 82' lang='lat'><strong>13,</strong></span> <span class='ocrx_word' id='word_1_199' title='bbox 573 3227 701 3261; x_wconf 79' lang='lat'><strong>6—9.</strong></span> <span class='ocrx_word' id='word_1_200' title='bbox 732 3226 757 3257; x_wconf 81' lang='lat'>2</span> <span class='ocrx_word' id='word_1_201' title='bbox 771 3222 881 3257; x_wconf 65' lang='lat' dir='ltr'><strong>Patr.</strong></span> <span class='ocrx_word' id='word_1_202' title='bbox 897 3224 936 3262; x_wconf 82' lang='lat' dir='ltr'><strong>a,</strong></span> <span class='ocrx_word' id='word_1_203' title='bbox 957 3224 1016 3257; x_wconf 81' lang='lat'><strong>1⁵.</strong></span> 
     </span>
    </p>
   </div>
   <div class='ocr_carea' id='block_1_9' title="bbox 417 3367 1307 3428">
    <p class='ocr_par' dir='ltr' id='par_1_18' title="bbox 417 3367 1307 3428">
     <span class='ocr_line' id='line_1_48' title="bbox 417 3367 1307 3428; baseline -0.01 -14"><span class='ocrx_word' id='word_1_204' title='bbox 417 3373 529 3428; x_wconf 84' lang='lat' dir='ltr'><strong>Cap.</strong></span> <span class='ocrx_word' id='word_1_205' title='bbox 557 3372 596 3415; x_wconf 88' lang='grc' dir='ltr'><strong>Ι.</strong></span> <span class='ocrx_word' id='word_1_206' title='bbox 653 3372 721 3411; x_wconf 81' lang='lat'><strong>32.</strong></span> <span class='ocrx_word' id='word_1_207' title='bbox 754 3367 832 3409; x_wconf 83' lang='lat' dir='ltr'><strong>sed</strong></span> <span class='ocrx_word' id='word_1_208' title='bbox 851 3371 898 3408; x_wconf 86' lang='lat' dir='ltr'><strong>et</strong></span> <span class='ocrx_word' id='word_1_209' title='bbox 913 3368 988 3419; x_wconf 87' lang='lat' dir='ltr'><strong>qui</strong></span> <span class='ocrx_word' id='word_1_210' title='bbox 1009 3369 1307 3410; x_wconf 81' lang='lat' dir='ltr'><strong>consentiunt.</strong></span> 
     </span>
    </p>
   </div>
   <div class='ocr_carea' id='block_1_10' title="bbox 1260 283 2169 682">
    <p class='ocr_par' dir='ltr' id='par_1_19' title="bbox 1262 283 2167 411">
     <span class='ocr_line' id='line_1_49' title="bbox 1327 283 2167 343; baseline 0 -11"><span class='ocrx_word' id='word_1_211' title='bbox 1327 291 1372 332; x_wconf 87' lang='grc'><strong>6.</strong></span> <span class='ocrx_word' id='word_1_212' title='bbox 1394 286 1480 343; x_wconf 88' lang='lat' dir='ltr'><strong>qui</strong></span> <span class='ocrx_word' id='word_1_213' title='bbox 1495 283 1673 330; x_wconf 86' lang='lat' dir='ltr'><strong>reddet</strong></span> <span class='ocrx_word' id='word_1_214' title='bbox 1690 283 1962 340; x_wconf 83' lang='lat' dir='ltr'><strong>unicuique</strong></span> <span class='ocrx_word' id='word_1_215' title='bbox 1986 297 2167 332; x_wconf 87' lang='lat' dir='ltr'><strong>secun-</strong></span> 
     </span>
     <span class='ocr_line' id='line_1_50' title="bbox 1262 351 1710 411; baseline -0.013 -10"><span class='ocrx_word' id='word_1_216' title='bbox 1262 357 1375 401; x_wconf 89' lang='lat' dir='ltr'><strong>dum</strong></span> <span class='ocrx_word' id='word_1_217' title='bbox 1396 365 1552 411; x_wconf 89' lang='lat' dir='ltr'><strong>opera</strong></span> <span class='ocrx_word' id='word_1_218' title='bbox 1570 351 1710 408; x_wconf 85' lang='lat' dir='ltr'><strong>ejus;</strong></span> 
     </span>
    </p>

    <p class='ocr_par' dir='ltr' id='par_1_20' title="bbox 1260 417 2169 682">
     <span class='ocr_line' id='line_1_51' title="bbox 1326 417 2169 476; baseline -0.001 -10"><span class='ocrx_word' id='word_1_219' title='bbox 1326 423 1373 466; x_wconf 77' lang='lat'><strong>⁷.</strong></span> <span class='ocrx_word' id='word_1_220' title='bbox 1408 421 1473 466; x_wconf 91' lang='lat' dir='ltr'><strong>iis</strong></span> <span class='ocrx_word' id='word_1_221' title='bbox 1510 419 1727 476; x_wconf 88' lang='lat' dir='ltr'><strong>quidem,</strong></span> <span class='ocrx_word' id='word_1_222' title='bbox 1768 417 1855 474; x_wconf 80' lang='lat' dir='ltr'><strong>qui</strong></span> <span class='ocrx_word' id='word_1_223' title='bbox 1891 419 2169 465; x_wconf 87' lang='lat' dir='ltr'><strong>secundum</strong></span> 
     </span>
     <span class='ocr_line' id='line_1_52' title="bbox 1260 483 2165 547; baseline -0.002 -13"><span class='ocrx_word' id='word_1_224' title='bbox 1260 487 1551 547; x_wconf 81' lang='lat' dir='ltr'><strong>patientiam</strong></span> <span class='ocrx_word' id='word_1_225' title='bbox 1579 485 1704 533; x_wconf 88' lang='lat' dir='ltr'><strong>boni</strong></span> <span class='ocrx_word' id='word_1_226' title='bbox 1729 483 1901 541; x_wconf 88' lang='lat' dir='ltr'><strong>operis</strong></span> <span class='ocrx_word' id='word_1_227' title='bbox 1936 485 2165 546; x_wconf 82' lang='lat' dir='ltr'><strong>gloriam,</strong></span> 
     </span>
     <span class='ocr_line' id='line_1_53' title="bbox 1262 551 2169 612; baseline -0.002 -9"><span class='ocrx_word' id='word_1_228' title='bbox 1262 559 1313 603; x_wconf 90' lang='lat' dir='ltr'><strong>et</strong></span> <span class='ocrx_word' id='word_1_229' title='bbox 1347 555 1613 612; x_wconf 86' lang='lat' dir='ltr'><strong>honorem,</strong></span> <span class='ocrx_word' id='word_1_230' title='bbox 1654 554 1705 598; x_wconf 91' lang='lat' dir='ltr'><strong>et</strong></span> <span class='ocrx_word' id='word_1_231' title='bbox 1733 551 2169 610; x_wconf 85' lang='lat' dir='ltr'><strong>incorruptionem</strong></span> 
     </span>
     <span class='ocr_line' id='line_1_54' title="bbox 1260 621 2009 682; baseline -0.005 -12"><span class='ocrx_word' id='word_1_232' title='bbox 1260 623 1525 682; x_wconf 85' lang='lat' dir='ltr'><strong>quaerunt,</strong></span> <span class='ocrx_word' id='word_1_233' title='bbox 1547 621 1703 666; x_wconf 85' lang='lat' dir='ltr'><strong>vitam</strong></span> <span class='ocrx_word' id='word_1_234' title='bbox 1720 621 2009 678; x_wconf 84' lang='lat' dir='ltr'><strong>aeternam3</strong></span> 
     </span>
    </p>
   </div>
   <div class='ocr_carea' id='block_1_11' title="bbox 1261 704 2178 1845">
    <p class='ocr_par' dir='ltr' id='par_1_21' title="bbox 1261 704 2170 969">
     <span class='ocr_line' id='line_1_55' title="bbox 1327 704 2167 763; baseline -0.001 -12"><span class='ocrx_word' id='word_1_235' title='bbox 1327 709 1374 752; x_wconf 89' lang='lat'><strong>8.</strong></span> <span class='ocrx_word' id='word_1_236' title='bbox 1410 706 1475 751; x_wconf 92' lang='lat' dir='ltr'><strong>iis</strong></span> <span class='ocrx_word' id='word_1_237' title='bbox 1495 707 1686 763; x_wconf 87' lang='lat' dir='ltr'><strong>autem,</strong></span> <span class='ocrx_word' id='word_1_238' title='bbox 1707 704 1935 760; x_wconf 86' lang='lat' dir='ltr'><strong>quisunt</strong></span> <span class='ocrx_word' id='word_1_239' title='bbox 1957 717 2027 750; x_wconf 82' lang='lat' dir='ltr'><strong>ex</strong></span> <span class='ocrx_word' id='word_1_240' title='bbox 2046 717 2167 750; x_wconf 90' lang='lat' dir='ltr'><strong>con-</strong></span> 
     </span>
     <span class='ocr_line' id='line_1_56' title="bbox 1261 771 2170 832; baseline -0.002 -12"><span class='ocrx_word' id='word_1_241' title='bbox 1261 774 1518 832; x_wconf 89' lang='lat' dir='ltr'><strong>tentione,</strong></span> <span class='ocrx_word' id='word_1_242' title='bbox 1546 775 1601 818; x_wconf 88' lang='lat' dir='ltr'><strong>et</strong></span> <span class='ocrx_word' id='word_1_243' title='bbox 1617 771 1828 828; x_wconf 87' lang='lat' dir='ltr'><strong>quinon</strong></span> <span class='ocrx_word' id='word_1_244' title='bbox 1846 772 2170 829; x_wconf 88' lang='lat' dir='ltr'><strong>acquiescunt</strong></span> 
     </span>
     <span class='ocr_line' id='line_1_57' title="bbox 1263 839 2163 898; baseline -0.003 -11"><span class='ocrx_word' id='word_1_245' title='bbox 1263 841 1489 898; x_wconf 86' lang='lat' dir='ltr'><strong>veritati,</strong></span> <span class='ocrx_word' id='word_1_246' title='bbox 1512 839 1724 885; x_wconf 84' lang='lat' dir='ltr'><strong>credunt</strong></span> <span class='ocrx_word' id='word_1_247' title='bbox 1742 841 1911 885; x_wconf 86' lang='lat' dir='ltr'><strong>autem</strong></span> <span class='ocrx_word' id='word_1_248' title='bbox 1928 839 2163 896; x_wconf 85' lang='lat' dir='ltr'><strong>iniquita-</strong></span> 
     </span>
     <span class='ocr_line' id='line_1_58' title="bbox 1262 907 1809 969; baseline -0.004 -15"><span class='ocrx_word' id='word_1_249' title='bbox 1262 910 1319 969; x_wconf 92' lang='lat' dir='ltr'><strong>ti,</strong></span> <span class='ocrx_word' id='word_1_250' title='bbox 1339 909 1419 954; x_wconf 87' lang='lat' dir='ltr'><strong>ira</strong></span> <span class='ocrx_word' id='word_1_251' title='bbox 1437 910 1489 953; x_wconf 87' lang='lat' dir='ltr'><strong>et</strong></span> <span class='ocrx_word' id='word_1_252' title='bbox 1506 907 1809 964; x_wconf 76' lang='lat' dir='ltr'><strong>indignatio.</strong></span> 
     </span>
    </p>

    <p class='ocr_par' dir='ltr' id='par_1_22' title="bbox 1262 973 2175 1235">
     <span class='ocr_line' id='line_1_59' title="bbox 1330 973 2170 1030; baseline -0.002 -8"><span class='ocrx_word' id='word_1_253' title='bbox 1330 979 1377 1022; x_wconf 81' lang='lat'><strong>9.</strong></span> <span class='ocrx_word' id='word_1_254' title='bbox 1433 973 1717 1020; x_wconf 85' lang='lat' dir='ltr'><strong>Tribulatio</strong></span> <span class='ocrx_word' id='word_1_255' title='bbox 1760 973 1811 1019; x_wconf 90' lang='lat' dir='ltr'><strong>et</strong></span> <span class='ocrx_word' id='word_1_256' title='bbox 1844 974 2083 1030; x_wconf 76' lang='lat' dir='ltr'><strong>angustia</strong></span> <span class='ocrx_word' id='word_1_257' title='bbox 2118 975 2170 1020; x_wconf 88' lang='lat' dir='ltr'><strong>in</strong></span> 
     </span>
     <span class='ocr_line' id='line_1_60' title="bbox 1264 1041 2170 1098; baseline -0.002 -9"><span class='ocrx_word' id='word_1_258' title='bbox 1264 1055 1464 1089; x_wconf 88' lang='lat' dir='ltr'><strong>omnem</strong></span> <span class='ocrx_word' id='word_1_259' title='bbox 1484 1043 1700 1086; x_wconf 86' lang='lat' dir='ltr'><strong>animam</strong></span> <span class='ocrx_word' id='word_1_260' title='bbox 1717 1041 1933 1088; x_wconf 83' lang='lat' dir='ltr'><strong>hominis</strong></span> <span class='ocrx_word' id='word_1_261' title='bbox 1946 1053 2170 1098; x_wconf 85' lang='lat' dir='ltr'><strong>operan-</strong></span> 
     </span>
     <span class='ocr_line' id='line_1_61' title="bbox 1262 1107 2175 1168; baseline -0.003 -11"><span class='ocrx_word' id='word_1_262' title='bbox 1262 1111 1328 1158; x_wconf 88' lang='lat' dir='ltr'><strong>tis</strong></span> <span class='ocrx_word' id='word_1_263' title='bbox 1353 1110 1568 1167; x_wconf 86' lang='lat' dir='ltr'><strong>malum,</strong></span> <span class='ocrx_word' id='word_1_264' title='bbox 1605 1109 1815 1154; x_wconf 78' lang='lat' dir='ltr'><strong>Judaei⁸</strong></span> <span class='ocrx_word' id='word_1_265' title='bbox 1844 1107 2079 1168; x_wconf 83' lang='lat' dir='ltr'><strong>primum,</strong></span> <span class='ocrx_word' id='word_1_266' title='bbox 2124 1111 2175 1155; x_wconf 88' lang='lat' dir='ltr'><strong>et</strong></span> 
     </span>
     <span class='ocr_line' id='line_1_62' title="bbox 1264 1179 1472 1235; baseline 0.005 -12"><span class='ocrx_word' id='word_1_267' title='bbox 1264 1179 1472 1235; x_wconf 83' lang='lat' dir='ltr'><strong>Graeci3</strong></span> 
     </span>
    </p>

    <p class='ocr_par' dir='ltr' id='par_1_23' title="bbox 1263 1243 2177 1439">
     <span class='ocr_line' id='line_1_63' title="bbox 1330 1243 2177 1302; baseline -0.001 -12"><span class='ocrx_word' id='word_1_268' title='bbox 1330 1247 1411 1290; x_wconf 84' lang='lat'><strong>10.</strong></span> <span class='ocrx_word' id='word_1_269' title='bbox 1450 1243 1615 1302; x_wconf 85' lang='lat' dir='ltr'><strong>gloria</strong></span> <span class='ocrx_word' id='word_1_270' title='bbox 1632 1244 1823 1301; x_wconf 83' lang='lat' dir='ltr'><strong>autem,</strong></span> <span class='ocrx_word' id='word_1_271' title='bbox 1846 1244 1897 1288; x_wconf 93' lang='lat' dir='ltr'><strong>et</strong></span> <span class='ocrx_word' id='word_1_272' title='bbox 1912 1243 2095 1300; x_wconf 84' lang='lat' dir='ltr'><strong>honor,</strong></span> <span class='ocrx_word' id='word_1_273' title='bbox 2120 1246 2177 1289; x_wconf 88' lang='lat' dir='ltr'><strong>et</strong></span> 
     </span>
     <span class='ocr_line' id='line_1_64' title="bbox 1263 1309 2175 1371; baseline -0.005 -12"><span class='ocrx_word' id='word_1_274' title='bbox 1263 1326 1366 1371; x_wconf 83' lang='lat' dir='ltr'><strong>pax</strong></span> <span class='ocrx_word' id='word_1_275' title='bbox 1393 1311 1532 1358; x_wconf 85' lang='lat' dir='ltr'><strong>omni</strong></span> <span class='ocrx_word' id='word_1_276' title='bbox 1572 1309 1813 1368; x_wconf 86' lang='lat' dir='ltr'><strong>operanti·</strong></span> <span class='ocrx_word' id='word_1_277' title='bbox 1831 1311 2047 1368; x_wconf 89' lang='lat' dir='ltr'><strong>bonum,</strong></span> <span class='ocrx_word' id='word_1_278' title='bbox 2074 1310 2175 1355; x_wconf 77' lang='lat' dir='ltr'><strong>Ju-</strong></span> 
     </span>
     <span class='ocr_line' id='line_1_65' title="bbox 1265 1376 1946 1439; baseline -0.004 -15"><span class='ocrx_word' id='word_1_279' title='bbox 1265 1381 1391 1426; x_wconf 86' lang='lat' dir='ltr'><strong>daeo</strong></span> <span class='ocrx_word' id='word_1_280' title='bbox 1411 1379 1644 1439; x_wconf 84' lang='lat' dir='ltr'><strong>primum,</strong></span> <span class='ocrx_word' id='word_1_281' title='bbox 1667 1379 1717 1424; x_wconf 92' lang='lat' dir='ltr'><strong>et</strong></span> <span class='ocrx_word' id='word_1_282' title='bbox 1736 1376 1946 1422; x_wconf 82' lang='lat' dir='ltr'><strong>Graeco.</strong></span> 
     </span>
    </p>

    <p class='ocr_par' dir='ltr' id='par_1_24' title="bbox 1264 1443 2176 1570">
     <span class='ocr_line' id='line_1_66' title="bbox 1330 1443 2176 1502; baseline -0.002 -10"><span class='ocrx_word' id='word_1_283' title='bbox 1330 1449 1411 1492; x_wconf 92' lang='lat'><strong>11.</strong></span> <span class='ocrx_word' id='word_1_284' title='bbox 1431 1448 1547 1492; x_wconf 90' lang='lat' dir='ltr'><strong>Non</strong></span> <span class='ocrx_word' id='word_1_285' title='bbox 1569 1446 1704 1492; x_wconf 89' lang='lat' dir='ltr'><strong>enim</strong></span> <span class='ocrx_word' id='word_1_286' title='bbox 1714 1443 2031 1500; x_wconf 87' lang='lat' dir='ltr'><strong>estacceptio</strong></span> <span class='ocrx_word' id='word_1_287' title='bbox 2051 1458 2176 1502; x_wconf 88' lang='lat' dir='ltr'><strong>per-</strong></span> 
     </span>
     <span class='ocr_line' id='line_1_67' title="bbox 1264 1512 1846 1570; baseline -0.01 -9"><span class='ocrx_word' id='word_1_288' title='bbox 1264 1527 1507 1561; x_wconf 86' lang='lat' dir='ltr'><strong>sonarum</strong></span> <span class='ocrx_word' id='word_1_289' title='bbox 1524 1512 1657 1570; x_wconf 87' lang='lat' dir='ltr'><strong>apud</strong></span> <span class='ocrx_word' id='word_1_290' title='bbox 1676 1512 1846 1558; x_wconf 89' lang='lat' dir='ltr'><strong>Deum.</strong></span> 
     </span>
    </p>

    <p class='ocr_par' dir='ltr' id='par_1_25' title="bbox 1264 1577 2178 1845">
     <span class='ocr_line' id='line_1_68' title="bbox 1332 1577 2178 1638; baseline 0 -12"><span class='ocrx_word' id='word_1_291' title='bbox 1332 1584 1411 1626; x_wconf 84' lang='lat'><strong>12.</strong></span> <span class='ocrx_word' id='word_1_292' title='bbox 1444 1581 1751 1638; x_wconf 73' lang='lat' dir='ltr'><strong>Quicumque</strong></span> <span class='ocrx_word' id='word_1_293' title='bbox 1771 1577 1903 1624; x_wconf 83' lang='lat' dir='ltr'><strong>enim</strong></span> <span class='ocrx_word' id='word_1_294' title='bbox 1922 1577 2038 1626; x_wconf 89' lang='lat' dir='ltr'><strong>sine</strong></span> <span class='ocrx_word' id='word_1_295' title='bbox 2054 1577 2178 1637; x_wconf 81' lang='lat' dir='ltr'><strong>lege</strong></span> 
     </span>
     <span class='ocr_line' id='line_1_69' title="bbox 1265 1645 2176 1708; baseline -0.004 -12"><span class='ocrx_word' id='word_1_296' title='bbox 1265 1651 1621 1708; x_wconf 85' lang='lat' dir='ltr'><strong>peccaverunt,</strong></span> <span class='ocrx_word' id='word_1_297' title='bbox 1644 1647 1755 1693; x_wconf 90' lang='lat' dir='ltr'><strong>sine</strong></span> <span class='ocrx_word' id='word_1_298' title='bbox 1772 1646 1885 1704; x_wconf 83' lang='lat' dir='ltr'><strong>lege</strong></span> <span class='ocrx_word' id='word_1_299' title='bbox 1902 1645 2176 1704; x_wconf 84' lang='lat' dir='ltr'><strong>peribunt;</strong></span> 
     </span>
     <span class='ocr_line' id='line_1_70' title="bbox 1268 1713 2176 1774; baseline -0.004 -10"><span class='ocrx_word' id='word_1_300' title='bbox 1268 1721 1319 1764; x_wconf 88' lang='lat' dir='ltr'><strong>et</strong></span> <span class='ocrx_word' id='word_1_301' title='bbox 1349 1713 1679 1774; x_wconf 60' lang='lat' dir='ltr'><strong>quicumquet</strong></span> <span class='ocrx_word' id='word_1_302' title='bbox 1707 1714 1763 1760; x_wconf 89' lang='lat' dir='ltr'><strong>in</strong></span> <span class='ocrx_word' id='word_1_303' title='bbox 1790 1713 1905 1772; x_wconf 78' lang='lat' dir='ltr'><strong>lege</strong></span> <span class='ocrx_word' id='word_1_304' title='bbox 1925 1727 2176 1772; x_wconf 79' lang='lat' dir='ltr'><strong>peccave-</strong></span> 
     </span>
     <span class='ocr_line' id='line_1_71' title="bbox 1264 1781 2093 1845; baseline -0.006 -14"><span class='ocrx_word' id='word_1_305' title='bbox 1264 1788 1400 1845; x_wconf 90' lang='lat' dir='ltr'><strong>runt,</strong></span> <span class='ocrx_word' id='word_1_306' title='bbox 1421 1798 1513 1842; x_wconf 86' lang='lat' dir='ltr'><strong>per</strong></span> <span class='ocrx_word' id='word_1_307' title='bbox 1529 1784 1697 1842; x_wconf 86' lang='lat' dir='ltr'><strong>legem</strong></span> <span class='ocrx_word' id='word_1_308' title='bbox 1711 1781 2093 1840; x_wconf 74' lang='lat' dir='ltr'><strong>iudicabuntur.</strong></span> 
     </span>
    </p>
   </div>
   <div class='ocr_carea' id='block_1_12' title="bbox 1260 1865 2249 3063">
    <p class='ocr_par' dir='ltr' id='par_1_26' title="bbox 1260 1865 2179 2062">
     <span class='ocr_line' id='line_1_72' title="bbox 1333 1865 2177 1924; baseline -0.005 -10"><span class='ocrx_word' id='word_1_309' title='bbox 1333 1871 1413 1915; x_wconf 81' lang='grc'><strong>13.</strong></span> <span class='ocrx_word' id='word_1_310' title='bbox 1448 1868 1603 1915; x_wconf 67' lang='grc' dir='ltr'><strong>Ν()ιι“ι</strong></span> <span class='ocrx_word' id='word_1_311' title='bbox 1615 1867 1751 1912; x_wconf 92' lang='lat' dir='ltr'><strong>enim</strong></span> <span class='ocrx_word' id='word_1_312' title='bbox 1768 1865 2029 1912; x_wconf 78' lang='lat' dir='ltr'><strong>auditores</strong></span> <span class='ocrx_word' id='word_1_313' title='bbox 2046 1865 2177 1924; x_wconf 81' lang='lat' dir='ltr'><strong>legis</strong></span> 
     </span>
     <span class='ocr_line' id='line_1_73' title="bbox 1260 1933 2179 1996; baseline -0.005 -12"><span class='ocrx_word' id='word_1_314' title='bbox 1260 1936 1388 1996; x_wconf 86' lang='lat' dir='ltr'><strong>justi</strong></span> <span class='ocrx_word' id='word_1_315' title='bbox 1410 1938 1529 1984; x_wconf 88' lang='lat' dir='ltr'><strong>sunt·</strong></span> <span class='ocrx_word' id='word_1_316' title='bbox 1546 1934 1677 1993; x_wconf 87' lang='lat' dir='ltr'><strong>apud</strong></span> <span class='ocrx_word' id='word_1_317' title='bbox 1696 1935 1879 1994; x_wconf 87' lang='lat' dir='ltr'><strong>Deum,</strong></span> <span class='ocrx_word' id='word_1_318' title='bbox 1901 1933 1994 1980; x_wconf 89' lang='lat' dir='ltr'><strong>sed</strong></span> <span class='ocrx_word' id='word_1_319' title='bbox 2012 1935 2179 1981; x_wconf 81' lang='lat' dir='ltr'><strong>facto-</strong></span> 
     </span>
     <span class='ocr_line' id='line_1_74' title="bbox 1264 2003 1937 2062; baseline -0.006 -11"><span class='ocrx_word' id='word_1_320' title='bbox 1264 2018 1347 2051; x_wconf 91' lang='lat' dir='ltr'><strong>res</strong></span> <span class='ocrx_word' id='word_1_321' title='bbox 1368 2004 1497 2062; x_wconf 83' lang='lat' dir='ltr'><strong>legis</strong></span> <span class='ocrx_word' id='word_1_322' title='bbox 1512 2003 1937 2061; x_wconf 82' lang='lat' dir='ltr'><strong>justificabuntur.</strong></span> 
     </span>
    </p>

    <p class='ocr_par' dir='ltr' id='par_1_27' title="bbox 1265 2070 2249 2397">
     <span class='ocr_line' id='line_1_75' title="bbox 1333 2070 2180 2129; baseline -0.004 -13"><span class='ocrx_word' id='word_1_323' title='bbox 1333 2073 1413 2118; x_wconf 79' lang='lat'><strong>14.</strong></span> <span class='ocrx_word' id='word_1_324' title='bbox 1452 2072 1575 2116; x_wconf 85' lang='lat' dir='ltr'><strong>Cum</strong></span> <span class='ocrx_word' id='word_1_325' title='bbox 1614 2070 1749 2116; x_wconf 87' lang='lat' dir='ltr'><strong>enim</strong></span> <span class='ocrx_word' id='word_1_326' title='bbox 1785 2070 2001 2129; x_wconf 81' lang='lat' dir='ltr'><strong>Gentes,</strong></span> <span class='ocrx_word' id='word_1_327' title='bbox 2053 2082 2180 2127; x_wconf 85' lang='lat' dir='ltr'><strong>quae</strong></span> 
     </span>
     <span class='ocr_line' id='line_1_76' title="bbox 1265 2136 2182 2197; baseline -0.005 -12"><span class='ocrx_word' id='word_1_328' title='bbox 1265 2139 1433 2197; x_wconf 84' lang='lat' dir='ltr'><strong>legem</strong></span> <span class='ocrx_word' id='word_1_329' title='bbox 1470 2152 1576 2185; x_wconf 90' lang='lat' dir='ltr'><strong>non</strong></span> <span class='ocrx_word' id='word_1_330' title='bbox 1614 2138 1827 2196; x_wconf 88' lang='lat' dir='ltr'><strong>habent,</strong></span> <span class='ocrx_word' id='word_1_331' title='bbox 1875 2136 2182 2183; x_wconf 83' lang='lat' dir='ltr'><strong>naturaliter</strong></span> 
     </span>
     <span class='ocr_line' id='line_1_77' title="bbox 1271 2204 2249 2267; baseline -0.006 -13"><span class='ocrx_word' id='word_1_332' title='bbox 1271 2220 1347 2267; x_wconf 83' lang='lat' dir='ltr'><strong>ea,</strong></span> <span class='ocrx_word' id='word_1_333' title='bbox 1370 2219 1497 2264; x_wconf 90' lang='lat' dir='ltr'><strong>quae</strong></span> <span class='ocrx_word' id='word_1_334' title='bbox 1516 2204 1645 2264; x_wconf 86' lang='lat' dir='ltr'><strong>legis</strong></span> <span class='ocrx_word' id='word_1_335' title='bbox 1666 2206 1798 2262; x_wconf 87' lang='lat' dir='ltr'><strong>sunt,</strong></span> <span class='ocrx_word' id='word_1_336' title='bbox 1811 2204 2025 2263; x_wconf 81' lang='lat' dir='ltr'><strong>faciunt,</strong></span> <span class='ocrx_word' id='word_1_337' title='bbox 2040 2204 2181 2261; x_wconf 74' lang='lat' dir='ltr'><strong>eJus-</strong></span> <span class='ocrx_word' id='word_1_338' title='bbox 2244 2206 2249 2213; x_wconf 83' lang='lat'>&#39;</span> 
     </span>
     <span class='ocr_line' id='line_1_78' title="bbox 1265 2270 2184 2331; baseline -0.007 -10"><span class='ocrx_word' id='word_1_339' title='bbox 1265 2275 1404 2321; x_wconf 90' lang='lat' dir='ltr'><strong>modi</strong></span> <span class='ocrx_word' id='word_1_340' title='bbox 1435 2274 1602 2330; x_wconf 87' lang='lat' dir='ltr'><strong>legem</strong></span> <span class='ocrx_word' id='word_1_341' title='bbox 1638 2285 1745 2318; x_wconf 91' lang='lat' dir='ltr'><strong>non</strong></span> <span class='ocrx_word' id='word_1_342' title='bbox 1778 2270 2045 2331; x_wconf 88' lang='lat' dir='ltr'><strong>habentes,</strong></span> <span class='ocrx_word' id='word_1_343' title='bbox 2083 2271 2184 2329; x_wconf 88' lang='lat' dir='ltr'><strong>ipsi</strong></span> 
     </span>
     <span class='ocr_line' id='line_1_79' title="bbox 1266 2340 1635 2397; baseline -0.005 -8"><span class='ocrx_word' id='word_1_344' title='bbox 1266 2342 1363 2391; x_wconf 85' lang='lat' dir='ltr'><strong>sibi</strong></span> <span class='ocrx_word' id='word_1_345' title='bbox 1382 2343 1501 2387; x_wconf 84' lang='lat' dir='ltr'><strong>sunt</strong></span> <span class='ocrx_word' id='word_1_346' title='bbox 1520 2340 1635 2397; x_wconf 81' lang='lat' dir='ltr'><strong>lex3</strong></span> 
     </span>
    </p>

    <p class='ocr_par' dir='ltr' id='par_1_28' title="bbox 1266 2405 2187 2803">
     <span class='ocr_line' id='line_1_80' title="bbox 1334 2405 2181 2466; baseline -0.002 -13"><span class='ocrx_word' id='word_1_347' title='bbox 1334 2412 1415 2455; x_wconf 87' lang='grc'><strong>15.</strong></span> <span class='ocrx_word' id='word_1_348' title='bbox 1452 2408 1538 2466; x_wconf 89' lang='lat' dir='ltr'><strong>qui</strong></span> <span class='ocrx_word' id='word_1_349' title='bbox 1574 2406 1849 2453; x_wconf 86' lang='lat' dir='ltr'><strong>ostendunt</strong></span> <span class='ocrx_word' id='word_1_350' title='bbox 1885 2418 2015 2463; x_wconf 88' lang='lat' dir='ltr'><strong>opus</strong></span> <span class='ocrx_word' id='word_1_351' title='bbox 2049 2405 2181 2463; x_wconf 86' lang='lat' dir='ltr'><strong>legis</strong></span> 
     </span>
     <span class='ocr_line' id='line_1_81' title="bbox 1268 2474 2182 2535; baseline -0.005 -12"><span class='ocrx_word' id='word_1_352' title='bbox 1268 2478 1510 2535; x_wconf 82' lang='lat' dir='ltr'><strong>scriptum</strong></span> <span class='ocrx_word' id='word_1_353' title='bbox 1534 2476 1588 2521; x_wconf 91' lang='lat' dir='ltr'><strong>in</strong></span> <span class='ocrx_word' id='word_1_354' title='bbox 1618 2474 1853 2521; x_wconf 85' lang='lat' dir='ltr'><strong>cordibus</strong></span> <span class='ocrx_word' id='word_1_355' title='bbox 1872 2474 2009 2533; x_wconf 85' lang='lat' dir='ltr'><strong>suis,</strong></span> <span class='ocrx_word' id='word_1_356' title='bbox 2032 2474 2182 2519; x_wconf 82' lang='lat' dir='ltr'><strong>testi-</strong></span> 
     </span>
     <span class='ocr_line' id='line_1_82' title="bbox 1266 2540 2182 2591; baseline -0.005 -1"><span class='ocrx_word' id='word_1_357' title='bbox 1266 2544 1493 2591; x_wconf 86' lang='lat' dir='ltr'><strong>monium</strong></span> <span class='ocrx_word' id='word_1_358' title='bbox 1509 2542 1755 2589; x_wconf 83' lang='lat' dir='ltr'><strong>reddente</strong></span> <span class='ocrx_word' id='word_1_359' title='bbox 1779 2540 1883 2586; x_wconf 86' lang='lat' dir='ltr'><strong>illis</strong></span> <span class='ocrx_word' id='word_1_360' title='bbox 1903 2542 2182 2587; x_wconf 87' lang='lat' dir='ltr'><strong>conscien-</strong></span> 
     </span>
     <span class='ocr_line' id='line_1_83' title="bbox 1267 2607 2185 2671; baseline -0.007 -13"><span class='ocrx_word' id='word_1_361' title='bbox 1267 2612 1337 2658; x_wconf 89' lang='lat' dir='ltr'><strong>tia</strong></span> <span class='ocrx_word' id='word_1_362' title='bbox 1356 2611 1610 2671; x_wconf 85' lang='lat' dir='ltr'><strong>ipsorum,</strong></span> <span class='ocrx_word' id='word_1_363' title='bbox 1640 2612 1692 2656; x_wconf 91' lang='lat' dir='ltr'><strong>et</strong></span> <span class='ocrx_word' id='word_1_364' title='bbox 1717 2607 1855 2654; x_wconf 86' lang='lat' dir='ltr'><strong>inter</strong></span> <span class='ocrx_word' id='word_1_365' title='bbox 1874 2621 1930 2653; x_wconf 90' lang='lat' dir='ltr'><strong>se</strong></span> <span class='ocrx_word' id='word_1_366' title='bbox 1958 2608 2185 2655; x_wconf 80' lang='lat' dir='ltr'><strong>invicem</strong></span> 
     </span>
     <span class='ocr_line' id='line_1_84' title="bbox 1270 2676 2187 2739; baseline -0.007 -13"><span class='ocrx_word' id='word_1_367' title='bbox 1270 2678 1660 2739; x_wconf 87' lang='lat' dir='ltr'><strong>cogitationibus</strong></span> <span class='ocrx_word' id='word_1_368' title='bbox 1689 2676 2045 2722; x_wconf 84' lang='lat' dir='ltr'><strong>accusantibus</strong></span> <span class='ocrx_word' id='word_1_369' title='bbox 2058 2706 2076 2735; x_wconf 86' lang='lat'><strong>,</strong></span> <span class='ocrx_word' id='word_1_370' title='bbox 2096 2676 2187 2722; x_wconf 87' lang='lat' dir='ltr'><strong>ant</strong></span> 
     </span>
     <span class='ocr_line' id='line_1_85' title="bbox 1267 2744 1838 2803; baseline -0.009 -10"><span class='ocrx_word' id='word_1_371' title='bbox 1267 2748 1416 2793; x_wconf 87' lang='lat' dir='ltr'><strong>etiam</strong></span> <span class='ocrx_word' id='word_1_372' title='bbox 1438 2744 1838 2803; x_wconf 81' lang='lat' dir='ltr'><strong>defendentibus,</strong></span> 
     </span>
    </p>

    <p class='ocr_par' dir='ltr' id='par_1_29' title="bbox 1265 2810 2184 3063">
     <span class='ocr_line' id='line_1_86' title="bbox 1334 2810 2182 2871; baseline -0.006 -12"><span class='ocrx_word' id='word_1_373' title='bbox 1334 2816 1415 2859; x_wconf 84' lang='grc'><strong>16.</strong></span> <span class='ocrx_word' id='word_1_374' title='bbox 1452 2814 1506 2859; x_wconf 88' lang='lat' dir='ltr'><strong>in</strong></span> <span class='ocrx_word' id='word_1_375' title='bbox 1526 2812 1623 2871; x_wconf 89' lang='lat' dir='ltr'><strong>die,</strong></span> <span class='ocrx_word' id='word_1_376' title='bbox 1648 2824 1758 2858; x_wconf 88' lang='lat' dir='ltr'><strong>cum</strong></span> <span class='ocrx_word' id='word_1_377' title='bbox 1772 2810 2029 2867; x_wconf 85' lang='lat' dir='ltr'><strong>judicabit</strong></span> <span class='ocrx_word' id='word_1_378' title='bbox 2040 2810 2182 2855; x_wconf 88' lang='lat' dir='ltr'><strong>Deus</strong></span> 
     </span>
     <span class='ocr_line' id='line_1_87' title="bbox 1269 2877 2184 2936; baseline -0.008 -8"><span class='ocrx_word' id='word_1_379' title='bbox 1269 2882 1467 2928; x_wconf 86' lang='lat' dir='ltr'><strong>occulta</strong></span> <span class='ocrx_word' id='word_1_380' title='bbox 1532 2879 1793 2927; x_wconf 84' lang='lat' dir='ltr'><strong>hominum</strong></span> <span class='ocrx_word' id='word_1_381' title='bbox 1814 2908 1829 2936; x_wconf 90' lang='lat'><strong>,</strong></span> <span class='ocrx_word' id='word_1_382' title='bbox 1901 2877 2184 2925; x_wconf 87' lang='lat' dir='ltr'><strong>secundum</strong></span> 
     </span>
     <span class='ocr_line' id='line_1_88' title="bbox 1265 2945 2183 3007; baseline -0.007 -12"><span class='ocrx_word' id='word_1_383' title='bbox 1265 2948 1601 3007; x_wconf 84' lang='lat' dir='ltr'><strong>Evangelium</strong></span> <span class='ocrx_word' id='word_1_384' title='bbox 1629 2958 1814 3004; x_wconf 86' lang='lat' dir='ltr'><strong>meum,</strong></span> <span class='ocrx_word' id='word_1_385' title='bbox 1839 2952 1973 3001; x_wconf 65' lang='lat' dir='ltr'><strong>perv</strong></span> <span class='ocrx_word' id='word_1_386' title='bbox 2002 2945 2183 2991; x_wconf 82' lang='lat' dir='ltr'><strong>Jesum</strong></span> 
     </span>
     <span class='ocr_line' id='line_1_89' title="bbox 1268 3017 1534 3063; baseline -0.004 -1"><span class='ocrx_word' id='word_1_387' title='bbox 1268 3017 1534 3063; x_wconf 86' lang='lat' dir='ltr'><strong>Christum.</strong></span> 
     </span>
    </p>
   </div>
   <div class='ocr_carea' id='block_1_13' title="bbox 1265 3121 1949 3260">
    <p class='ocr_par' dir='ltr' id='par_1_30' title="bbox 1265 3121 1949 3260">
     <span class='ocr_line' id='line_1_90' title="bbox 1314 3121 1949 3170; baseline -0.006 -9"><span class='ocrx_word' id='word_1_388' title='bbox 1314 3132 1330 3151; x_wconf 77' lang='lat'><em>⁸</em></span> <span class='ocrx_word' id='word_1_389' title='bbox 1348 3122 1444 3161; x_wconf 79' lang='lat' dir='ltr'><strong>infr.</strong></span> <span class='ocrx_word' id='word_1_390' title='bbox 1462 3134 1503 3163; x_wconf 80' lang='lat' dir='ltr'><strong>v.</strong></span> <span class='ocrx_word' id='word_1_391' title='bbox 1518 3126 1577 3161; x_wconf 81' lang='lat'><strong>12.</strong></span> <span class='ocrx_word' id='word_1_392' title='bbox 1594 3121 1742 3161; x_wconf 79' lang='lat' dir='ltr'><strong>Matth.</strong></span> <span class='ocrx_word' id='word_1_393' title='bbox 1758 3126 1820 3166; x_wconf 87' lang='lat'><strong>11,</strong></span> <span class='ocrx_word' id='word_1_394' title='bbox 1828 3125 1891 3159; x_wconf 79' lang='lat'><strong>21.</strong></span> <span class='ocrx_word' id='word_1_395' title='bbox 1902 3132 1949 3170; x_wconf 85' lang='lat' dir='ltr'><strong>sq</strong></span> 
     </span>
     <span class='ocr_line' id='line_1_91' title="bbox 1265 3169 1897 3217; baseline -0.008 -9"><span class='ocrx_word' id='word_1_396' title='bbox 1265 3176 1335 3215; x_wconf 85' lang='lat'><strong>12,</strong></span> <span class='ocrx_word' id='word_1_397' title='bbox 1352 3172 1416 3208; x_wconf 80' lang='grc'><strong>47.</strong></span> <span class='ocrx_word' id='word_1_398' title='bbox 1436 3182 1496 3217; x_wconf 80' lang='lat' dir='ltr'><strong>sq.</strong></span> <span class='ocrx_word' id='word_1_399' title='bbox 1562 3178 1585 3197; x_wconf 77' lang='lat'><strong>¹⁸</strong></span> <span class='ocrx_word' id='word_1_400' title='bbox 1600 3169 1745 3209; x_wconf 67' lang='lat' dir='ltr'><strong>Manli.</strong></span> <span class='ocrx_word' id='word_1_401' title='bbox 1763 3173 1809 3211; x_wconf 85' lang='lat'><strong>7,</strong></span> <span class='ocrx_word' id='word_1_402' title='bbox 1834 3172 1897 3204; x_wconf 79' lang='lat'><strong>21.</strong></span> 
     </span>
     <span class='ocr_line' id='line_1_92' title="bbox 1265 3217 1579 3260; baseline -0.003 -4"><span class='ocrx_word' id='word_1_403' title='bbox 1265 3223 1326 3257; x_wconf 73' lang='lat'><strong>31·</strong></span> <span class='ocrx_word' id='word_1_404' title='bbox 1358 3217 1447 3255; x_wconf 73' lang='lat' dir='ltr'><strong>JOh·</strong></span> <span class='ocrx_word' id='word_1_405' title='bbox 1464 3220 1502 3260; x_wconf 71' lang='lat'><strong>⁵,</strong></span> <span class='ocrx_word' id='word_1_406' title='bbox 1519 3220 1579 3255; x_wconf 73' lang='lat'><strong>22·</strong></span> 
     </span>
    </p>
   </div>
   <div class='ocr_carea' id='block_1_14' title="bbox 1954 3120 2188 3208">
    <p class='ocr_par' dir='ltr' id='par_1_31' title="bbox 1954 3120 2188 3208">
     <span class='ocr_line' id='line_1_93' title="bbox 1954 3120 2183 3169; baseline -0.022 -9"><span class='ocrx_word' id='word_1_407' title='bbox 1954 3132 1991 3169; x_wconf 88' lang='lat' dir='ltr'><strong>q.</strong></span> <span class='ocrx_word' id='word_1_408' title='bbox 2040 3124 2062 3147; x_wconf 60' lang='lat' dir='ltr'><strong>f</strong></span> <span class='ocrx_word' id='word_1_409' title='bbox 2078 3120 2183 3157; x_wconf 75' lang='lat' dir='ltr'><strong>Luc.</strong></span> 
     </span>
     <span class='ocr_line' id='line_1_94' title="bbox 1960 3166 2188 3208; baseline -0.009 -3"><span class='ocrx_word' id='word_1_410' title='bbox 1960 3176 1983 3193; x_wconf 59' lang='grc' dir='ltr'><strong><em>ν</em></strong></span> <span class='ocrx_word' id='word_1_411' title='bbox 2002 3166 2101 3205; x_wconf 78' lang='lat' dir='ltr'><strong>Act.</strong></span> <span class='ocrx_word' id='word_1_412' title='bbox 2120 3170 2188 3208; x_wconf 82' lang='lat'><strong>17.</strong></span> 
     </span>
    </p>
   </div>
   <div class='ocr_carea' id='block_1_15' title="bbox 1420 3364 2193 3419">
    <p class='ocr_par' dir='ltr' id='par_1_32' title="bbox 1420 3364 2193 3419">
     <span class='ocr_line' id='line_1_95' title="bbox 1420 3364 2193 3419; baseline -0.009 -10"><span class='ocrx_word' id='word_1_413' title='bbox 1420 3366 1484 3409; x_wconf 89' lang='lat'><strong>11.</strong></span> <span class='ocrx_word' id='word_1_414' title='bbox 1541 3370 1584 3408; x_wconf 73' lang='lat'><strong>4.</strong></span> <span class='ocrx_word' id='word_1_415' title='bbox 1616 3366 1842 3419; x_wconf 74' lang='lat' dir='ltr'><strong>ignorans.</strong></span> <span class='ocrx_word' id='word_1_416' title='bbox 1900 3368 1941 3407; x_wconf 84' lang='lat'><strong>5.</strong></span> <span class='ocrx_word' id='word_1_417' title='bbox 1968 3364 2193 3406; x_wconf 78' lang='lat' dir='ltr'><strong>duritiam</strong></span> 
     </span>
    </p>
   </div>
   <div class='ocr_carea' id='block_1_16' title="bbox 301 3419 2191 3587">
    <p class='ocr_par' dir='ltr' id='par_1_33' title="bbox 301 3419 2191 3587">
     <span class='ocr_line' id='line_1_96' title="bbox 301 3419 2191 3476; baseline -0.007 -6"><span class='ocrx_word' id='word_1_418' title='bbox 301 3434 451 3470; x_wconf 81' lang='lat' dir='ltr'><strong>autem</strong></span> <span class='ocrx_word' id='word_1_419' title='bbox 477 3434 616 3469; x_wconf 83' lang='lat' dir='ltr'><strong>tuam.</strong></span> <span class='ocrx_word' id='word_1_420' title='bbox 675 3427 716 3466; x_wconf 81' lang='grc'><strong>7.</strong></span> <span class='ocrx_word' id='word_1_421' title='bbox 749 3422 1082 3475; x_wconf 81' lang='lat' dir='ltr'><strong>quaerentibus·</strong></span> <span class='ocrx_word' id='word_1_422' title='bbox 1140 3427 1166 3465; x_wconf 89' lang='lat'>8</span> <span class='ocrx_word' id='word_1_423' title='bbox 1212 3423 1282 3464; x_wconf 80' lang='lat' dir='ltr'><strong>his</strong></span> <span class='ocrx_word' id='word_1_424' title='bbox 1308 3426 1469 3463; x_wconf 81' lang='lat' dir='ltr'><strong>autem.</strong></span> <span class='ocrx_word' id='word_1_425' title='bbox 1535 3425 1603 3464; x_wconf 87' lang='lat'><strong>11.</strong></span> <span class='ocrx_word' id='word_1_426' title='bbox 1636 3432 1929 3476; x_wconf 80' lang='lat' dir='ltr'><strong>personarum</strong></span> <span class='ocrx_word' id='word_1_427' title='bbox 1956 3419 2191 3473; x_wconf 80' lang='lat' dir='ltr'><strong>acceptio.</strong></span> 
     </span>
     <span class='ocr_line' id='line_1_97' title="bbox 306 3472 2191 3533; baseline -0.003 -14"><span class='ocrx_word' id='word_1_428' title='bbox 306 3485 371 3523; x_wconf 75' lang='lat'><strong>14.</strong></span> <span class='ocrx_word' id='word_1_429' title='bbox 401 3482 672 3525; x_wconf 82' lang='lat' dir='ltr'><strong>naturaliter</strong></span> <span class='ocrx_word' id='word_1_430' title='bbox 691 3490 802 3533; x_wconf 84' lang='lat' dir='ltr'><strong>quae</strong></span> <span class='ocrx_word' id='word_1_431' title='bbox 821 3472 937 3527; x_wconf 75' lang='lat' dir='ltr'><strong>legis</strong></span> <span class='ocrx_word' id='word_1_432' title='bbox 957 3476 1301 3526; x_wconf 77' lang='lat' dir='ltr'><strong>sunt32‘bid.non</strong></span> <span class='ocrx_word' id='word_1_433' title='bbox 1320 3477 1537 3519; x_wconf 80' lang='lat' dir='ltr'><strong>habentes</strong></span> <span class='ocrx_word' id='word_1_434' title='bbox 1555 3476 1694 3529; x_wconf 77' lang='lat' dir='ltr'><strong>leges·</strong></span> <span class='ocrx_word' id='word_1_435' title='bbox 1756 3479 1824 3517; x_wconf 85' lang='lat'><strong>1⁵.</strong></span> <span class='ocrx_word' id='word_1_436' title='bbox 1858 3476 2191 3529; x_wconf 74' lang='lat' dir='ltr'><strong>cogitationum</strong></span> 
     </span>
     <span class='ocr_line' id='line_1_98' title="bbox 303 3530 1615 3587; baseline -0.001 -13"><span class='ocrx_word' id='word_1_437' title='bbox 303 3540 604 3579; x_wconf 80' lang='lat' dir='ltr'><strong>accusantium</strong></span> <span class='ocrx_word' id='word_1_438' title='bbox 624 3539 702 3578; x_wconf 86' lang='lat' dir='ltr'><strong>aut</strong></span> <span class='ocrx_word' id='word_1_439' title='bbox 720 3533 856 3577; x_wconf 82' lang='lat' dir='ltr'><strong>etiam</strong></span> <span class='ocrx_word' id='word_1_440' title='bbox 875 3530 1226 3575; x_wconf 78' lang='lat' dir='ltr'><strong>defendentium.</strong></span> <span class='ocrx_word' id='word_1_441' title='bbox 1284 3535 1353 3577; x_wconf 74' lang='lat'><strong>16.</strong></span> <span class='ocrx_word' id='word_1_442' title='bbox 1381 3532 1615 3587; x_wconf 68' lang='lat' dir='ltr'><strong>judicavit.</strong></span> 
     </span>
    </p>
   </div>
   <div class='ocr_carea' id='block_1_17' title="bbox 2362 2526 2369 3375">
    <p class='ocr_par' dir='ltr' id='par_1_34' title="bbox 2362 2526 2369 3375">
     <span class='ocr_line' id='line_1_99' title="bbox 2362 2526 2369 3375; baseline 0 0"><span class='ocrx_word' id='word_1_443' title='bbox 2362 2526 2369 3375; x_wconf 95' lang='lat' dir='ltr'><strong> </strong></span> 
     </span>
    </p>
   </div>
  </div>
 </body>
</html>
