2376 3925
321 152 420 203 386

387 258 466 300 11.
503 258 607 303 Vae
627 258 744 315 illis,
767 258 882 314 quia
899 258 953 303 in
975 259 1056 303 via
1069 258 1220 302 Cain⁶

318 322 575 379 abierunt,
643 329 694 370 et
745 337 922 371 errore
975 315 1222 370 Balaams

317 390 548 435 mercede
560 390 705 437 effusi
724 396 858 449 suut,
871 392 994 437 etin
1015 395 1219 438 contra-

321 456 540 502 dictione
561 461 692 505 Core
703 464 734 501 ε
751 458 1035 517 perierunt!

387 524 464 567 12,
501 524 566 570 Hi
585 528 704 571 sunt
729 526 782 571 in
803 526 965 584 epulis
990 526 1094 571 suis
1111 537 1220 569 ma-

321 589 488 646 culae,
522 592 850 638 convivantes
881 594 990 639 sine
1019 592 1219 649 timore,

319 659 478 703 semet
497 657 633 717 ipsos
655 662 914 717 pascentes
929 690 942 716 ,
974 660 1128 704 nubes
1148 659 1221 704 si-

317 738 384 769 ne
403 737 531 779 aqua
541 719 585 785 ἦ,
616 740 742 784 quae
762 741 793 771 a
813 726 975 771 ventis
1005 725 1221 771 circum-

316 794 567 852 feruntur,
579 797 787 840 arbores
799 792 1127 853 autumnales,
1139 792 1221 837 in-

316 861 634 918 fructuosae,
667 861 740 907 bis
769 862 1025 919 mortuae,
1054 859 1221 906 eradi-

319 927 478 981 eatae,

387 995 465 1039 13.
503 996 677 1041 ssuctus
705 993 803 1039 feri
827 994 1008 1052 maris,
1039 994 1222 1052 despu-

317 1064 510 1106 mantes
549 1074 663 1107 suas
702 1062 1047 1121 confusiones,
1088 1062 1223 1107 side-

317 1140 378 1172 ra
406 1128 654 1186 errantia,
686 1128 864 1185 quibus
891 1128 1118 1186 procella
1143 1131 1223 1173 te-

319 1198 588 1242 nebrarum
626 1199 829 1242 servata
867 1200 944 1243 est
971 1197 1024 1241 in
1057 1198 1225 1242 aeter-

320 1276 454 1308 num.

388 1332 467 1376 14.
509 1331 838 1389 Prophetavit
873 1334 1036 1376 autem
1077 1333 1127 1375 et
1165 1330 1227 1375 de

319 1398 398 1442 his
418 1399 657 1455 septimus
677 1400 740 1444 ab
752 1398 922 1454 Adam,
935 1397 1132 1452 Enoch,
1149 1397 1226 1442 di-

321 1478 466 1509 cens:
507 1464 678 1522 „Ecce
719 1466 855 1509 venit
890 1464 1135 1509 Dominus
1173 1464 1227 1508 in

318 1532 545 1588 „sanctis
565 1531 784 1576 millibus
805 1531 925 1588 suis,

387 1600 466 1641 15.
506 1599 712 1655 „facere
749 1592 1019 1654 judiciumi
1050 1600 1228 1643 contra

321 1677 568 1723 „omnem
601 1667 652 1711 et
681 1677 894 1722 arguere
927 1676 1101 1710 omnes
1132 1664 1226 1709 im-

321 1733 472 1790 „pios
503 1732 563 1777 de
595 1732 823 1778 omnibus
861 1732 1097 1789 operibus
1131 1731 1227 1776 im-

319 1800 560 1857 „pietatis
607 1813 806 1857 eorum,
856 1800 1031 1856 quibus
1078 1800 1228 1856 impie

323 1871 595 1926 ,‚egerunt,
634 1871 684 1913 et
713 1867 773 1913 de
809 1868 1040 1913 omnibus
1071 1867 1226 1924 duris,

321 1948 489 1995 „quae
526 1934 686 1981 locuti
714 1938 832 1980 sunt
862 1937 1040 1980 contra
1067 1934 1229 1980 Deum

317 2006 654 2061 „peccatores
675 1993 902 2059 impii‘st.

389 2088 468 2130 16.
522 2085 588 2129 Hi
641 2088 758 2129 sunt
814 2088 1227 2142 murmuratores,

321 2151 598 2208 querulosi,
654 2151 928 2196 secundum
981 2151 1230 2196 desideria

321 2230 414 2262 sua
432 2215 743 2262 ambulantes
757 2247 770 2274 ‚
803 2219 853 2262 et
872 2230 930 2262 os
951 2231 1128 2263 eorum
1146 2217 1229 2262 lo-

322 2284 489 2341 quitur
508 2285 724 2340 superba
733 2275 767 2341 l,
787 2283 1027 2330 mirantes
1048 2298 1229 2342 perso-

320 2364 414 2396 nas
435 2354 669 2408 quaestus
691 2364 856 2396 causa.
935 2401 948 2415 ο

390 2421 470 2465 17.
490 2420 595 2464 Vos
609 2421 790 2478 autem,
805 2417 1107 2465 charissimi!
1121 2434 1229 2466 me-

321 2500 490 2533 mores
545 2489 706 2532 estote
755 2489 1045 2547 verborum,
1101 2501 1229 2546 quae

369 2603 384 2622 ‘
407 2597 510 2632 Gen.
528 2597 575 2640 4,
601 2599 636 2634 8.
683 2593 709 2628 ἰ
727 2596 857 2643 Apoc.
876 2601 926 2640 2,
953 2599 1015 2634 14.
1061 2602 1088 2632 ε
1105 2597 1229 2633 Num.

321 2645 392 2683 16,
411 2646 443 2679 1.
470 2647 528 2682 31.
550 2654 610 2690 sq.
657 2641 678 2668 h
695 2643 842 2679 2Petr.
869 2647 915 2685 2,
945 2649 1002 2680 17.
1049 2640 1066 2670 ἰ
1083 2643 1229 2681 Matth.

321 2689 382 2729 25,
403 2693 461 2726 31.
507 2686 531 2715 ⁷⁵
549 2689 649 2727 Gen.
669 2693 707 2730 ⁵,
728 2692 784 2728 18.
833 2688 848 2716 l
863 2693 887 2725 2
905 2689 1014 2726 Petr.
1034 2693 1071 2732 2,
1091 2692 1150 2728 18.

891 152 1302 205 EPISTOLA
1338 150 1617 203 JUDAE.

1286 256 1541 313 praedicta
1568 259 1688 303 sunt
1712 259 1774 303 ab
1800 259 2061 315 Apostolis
2082 260 2185 305 Do-

1286 322 1408 369 mini
1426 324 1592 369 nostri
1609 323 1641 368 J
1644 336 1735 369 esu
1752 324 1955 382 Clu-isti,

1354 392 1433 435 18.
1469 390 1554 447 qui
1575 389 1806 437 dicebant
1820 392 1997 449 vobis,
2022 406 2185 448 quon-

1286 457 1456 503 iamin
1477 458 1755 503 novissimo
1786 459 2015 515 tempore
2044 461 2183 505 veni-

1288 528 1375 570 ent
1386 524 1641 579 illusores,
1654 524 1927 570 secundum
1943 525 2185 571 desideria

1288 604 1381 637 sua
1400 591 1709 636 ambulantes
1730 590 1785 635 in
1804 591 2151 649 impietatibus.

1356 660 1435 702 19.
1470 658 1536 703 Hi
1557 659 1673 703 sunt
1701 658 1786 713 qui
1818 661 2092 716 segregant
2108 672 2184 705 se-

1288 728 1388 770 met
1399 724 1556 782 ipsos,
1569 724 2076 784 animale-‚Spiritum
2088 740 2184 771 non

1287 792 1546 837 habentes.

1355 859 1434 903 20.
1456 860 1562 903 Vos
1582 860 1763 918 autem,
1786 859 2087 905 charissimi!
2108 874 2185 905 su·

1287 926 1698 983 peraedificantes
1716 931 1910 972 vosmet
1918 927 2057 983 ipsos
2077 940 2187 973 san-

1290 992 1538 1039 ctissimae
1561 995 1758 1039 vestrae
1778 992 1913 1050 fidei,
1932 994 1988 1040 in
2008 994 2188 1051 Spiritu

1290 1062 1465 1106 sancto
1492 1063 1715 1118 orantes,

1358 1128 1437 1171 21.
1475 1129 1672 1173 vosmet
1690 1127 1830 1184 ipsos
1850 1127 1903 1171 in
1926 1125 2187 1173 dilectione

1290 1195 1387 1239 Dei
1407 1196 1609 1239 servate
1623 1224 1637 1252 ,
1669 1196 2023 1251 exspectantes
2040 1194 2187 1239 mise-

1292 1260 1560 1307 ricordiam
1600 1261 1806 1306 Domini
1858 1261 2024 1307 nostri
2070 1262 2187 1307 Iesu

1295 1328 1481 1373 Christi
1499 1328 1553 1371 in
1573 1327 1727 1373 vitam
1746 1331 2021 1373 aeternam.

1362 1397 1441 1439 22.
1476 1394 1545 1439 Et
1562 1395 1655 1440 hos
1676 1395 1877 1451 quidem
1896 1396 2092 1453 arguite
2107 1396 2186 1453 ju-

1295 1462 1517 1519 dicatos3

1362 1530 1443 1574 23.
1480 1528 1597 1573 illos
1618 1540 1743 1573 vero
1768 1529 1979 1586 salvate,
2002 1530 2059 1574 de
2078 1530 2189 1587 igne

1294 1597 1577 1653 rapientes;
1602 1596 1715 1641 aliis
1736 1597 1905 1641 autem
1921 1597 2189 1641 miseremi-

1294 1664 1350 1708 ni
1386 1663 1441 1707 in
1476 1655 1685 1721 thuore3
1727 1663 1958 1709 odientes
1998 1666 2047 1709 et
2072 1676 2188 1721 eam,

1296 1743 1425 1787 quae
1444 1729 1663 1776 earnalis
1684 1732 1778 1789 est,
1807 1730 2099 1778 maculatam
2116 1734 2187 1775 tu·

1294 1798 1477 1843 nicam.

1364 1866 1444 1909 24.
1478 1864 1544 1909 Ei
1574 1865 1767 1923 autem,
1801 1864 1890 1920 qui
1916 1867 2093 1922 potens
2124 1866 2189 1909 est

1296 1945 1390 1978 vos
1412 1944 1719 1978 conservare
1749 1930 1859 1978 sine
1887 1935 2118 1991 peccato,
2147 1936 2191 1976 et

1298 2000 1608 2047 constituere
1622 2003 1738 2044 ante
1752 2003 2076 2057 conspectum
2086 1999 2187 2057 glo-

1296 2065 1403 2114 riae
1424 2081 1544 2112 suae
1563 2066 1911 2112 immaculatos
1932 2068 1985 2113 in
2007 2067 2187 2114 exulta·

1296 2136 1438 2180 tione
1469 2135 1523 2179 in
1552 2133 1769 2179 adventu
1797 2133 2006 2180 Domini
2042 2134 2191 2180 nostri

1296 2203 1327 2248 J
1330 2216 1420 2248 esu
1442 2200 1644 2258 Christi,

1366 2272 1445 2315 25.
1484 2267 1585 2314 soli
1602 2268 1713 2313 Deo
1736 2269 2187 2324 Salvatorinostro,

1298 2350 1389 2394 per
1434 2337 1605 2382 Jesum
1646 2335 1901 2382 Christum
1936 2337 2192 2383 Dominum

1298 2407 1546 2461 nostrum,
1586 2401 1753 2460 gloria
1790 2407 1845 2449 et
1878 2405 2190 2461 magnificen-

1295 2472 1442 2530 tiam,
1472 2469 1736 2528 imperium
1768 2473 1819 2516 et
1846 2474 2068 2527 potestas
2086 2473 2191 2516 ante

1298 2551 1447 2584 omne
1468 2536 1725 2583 saeculum
1738 2566 1751 2593 ‚
1774 2541 1827 2582 et
1842 2551 1977 2584 nunc
2000 2542 2050 2585 et
2070 2538 2121 2584 in
2138 2551 2193 2581 o-

1296 2605 1433 2650 mnia
1450 2604 1653 2650 saecul-a
1664 2605 1998 2652 saeculorum.
2030 2606 2192 2650 Amen.

1342 2697 1373 2715 ’ἢ
1390 2687 1503 2725 Rom.
1522 2691 1583 2731 16,
1600 2691 1659 2726 27.

439 2835 550 2888 Cap.
583 2836 620 2881 1,
682 2842 746 2878 11.
781 2837 878 2878 Vae
906 2840 1010 2890 quia
1036 2839 1111 2880 via
1145 2837 1258 2880 Cain
1298 2840 1481 2892 (destmt
1504 2835 1599 2878 illis
1628 2843 1677 2880 et
1700 2837 1797 2892 in);
1838 2837 1949 2880 ibid.
1982 2837 2193 2880 contradi·

326 2891 471 2930 ctione
495 2891 634 2938 (deest
653 2892 734 2944 in).

816 2897 880 2934 12.
912 2891 976 2934 hii
1005 2899 1110 2936 sunt
1135 2895 1183 2936 iu
1212 2893 1390 2948 aepulis
1419 2893 1523 2934 suis.
1600 2895 1665 2934 13.
1697 2893 1746 2934 in
1774 2896 2007 2936 aeternum
2028 2897 2195 2936 servata

325 2950 410 2986 est.
472 2947 537 2986 14.
571 2944 625 2987 de
645 2945 717 2988 his
747 2948 890 2999 (deest
915 2951 1010 3000 et);
1038 2948 1150 2992 ibid.
1179 2947 1377 2991 milibus.
1436 2953 1505 2990 15.
1536 2952 1693 2990 contra
1719 2961 1819 2990 eum
1839 2955 2101 3003 peccatores
2118 2950 2195 2990 im-

323 3001 408 3054 pii.
469 3002 535 3041 16.
568 2998 656 3049 hii;
679 3001 786 3046 ibid.
811 3003 1058 3056 querelosi3
1091 3003 1201 3047 ibid.
1233 3008 1281 3046 et
1309 3019 1359 3047 os
1378 3002 1561 3046 illorum
1580 3001 1783 3057 loquitur
1803 3005 2075 3059 superbiam.
2133 3006 2196 3046 17.

325 3055 559 3098 carissimi.
621 3059 687 3097 18.
717 3057 966 3108 inlusor-eu
995 3059 1101 3102 ibid.
1131 3060 1374 3102 secundum
1404 3072 1483 3101 sua
1510 3059 1761 3108 desideria3
1788 3058 1901 3102 ibid.
1924 3060 2196 3102 ambulantes

325 3111 622 3165 impietatum.
684 3114 750 3153 19.
784 3113 861 3156 hii.
921 3119 991 3156 20.
1023 3117 1259 3158 carissimi.
1320 3119 1385 3157 21.
1418 3117 1543 3170 ipsos
1568 3127 1650 3156 vos
1664 3114 1713 3156 in
1734 3113 1979 3158 dilectione
1997 3117 2088 3159 Dei
2106 3129 2195 3158 ser-

325 3171 430 3207 vate
452 3167 471 3216 s
475 3169 634 3208 desunt
650 3167 788 3208 verba
807 3174 1132 3222 exspectantes
1150 3171 1504 3213 misericordiam
1524 3170 1707 3212 Domini
1726 3172 1871 3212 nostri
1890 3171 2001 3215 Jesu
2024 3171 2193 3214 Clu-isti

326 3223 373 3262 iu
391 3222 528 3263 vitam
550 3223 817 3276 aeternam).
877 3228 944 3264 23.
978 3227 1184 3268 odientes
1202 3238 1300 3267 eam
1312 3225 1544 3281 (deestet).
1604 3229 1674 3268 24-
1706 3227 1780 3280 qui
1802 3232 1957 3281 potest
1968 3242 2071 3275 νοις
2092 3225 2195 3269 ibid-

326 3275 624 3318 inmaculatos
650 3277 698 3318 in
725 3277 1007 3322 exultatione
1045 3281 1228 3333 (desunt
1250 3282 1388 3324 verba
1416 3283 1464 3325 in
1491 3282 1687 3324 adventu
1713 3281 1902 3325 Domini
1930 3285 2071 3327 nostri
2089 3283 2195 3325 Jesu

331 3331 539 3385 Christi).
597 3335 667 3374 25.
700 3332 769 3374 cui
791 3332 932 3384 gloria
953 3337 1289 3387 magnificentia
1313 3337 1457 3391 (deest
1474 3338 1540 3392 et)
1554 3353 1567 3388 ;
1581 3337 1748 3380 ibimet
1767 3339 1814 3380 in
1834 3341 1986 3384 omnia
2004 3336 2195 3382 saecula-

328 3385 472 3430 Amen
494 3389 636 3440 (deest
654 3386 967 3440 saeculorum).

998 3470 1539 3518 ...W-
