2376 3925
345 163 434 206 m
773 161 982 206 SIXTI
1028 159 1291 212 QUINTI
1336 161 1777 209 PRAEFATIo.

343 303 472 347 qnae
489 289 688 336 aliunde
705 289 1000 345 accersitae,
1019 288 1267 347 vulgatae
1285 287 1495 335 editioni
1514 289 1840 346 interpositae
1857 300 2021 358 erant,
2032 313 2201 359 neque

341 373 400 419 in
416 373 634 429 antiquis
655 372 1052 431 exemplaribus,
1082 383 1245 428 neque
1274 371 1327 416 in
1356 374 1643 417 sanctorum
1660 372 1857 424 Pan-um
1885 388 2195 430 commenta-

341 455 434 502 riis
458 455 874 516 inveniebantur,
905 454 1198 502 delevimus.
1265 454 1408 501 Hauc
1439 453 1653 511 denique
1682 455 1947 508 editionem
1972 477 2002 510 a
2023 443 2223 527 variis,⁸

343 538 429 596 qui
447 539 570 585 vitio
599 540 871 587 multorum
897 539 1233 596 irrepserant,
1265 537 1523 583 erroribus
1551 539 1785 584 accurate
1804 546 2197 608 emendavimus,

343 625 394 668 et
412 623 750 682 purgavimus,
763 626 910 679 atque
930 622 982 666 in
1000 620 1265 678 pristinam
1288 620 1548 667 veritatem
1565 633 1756 667 summa
1774 621 2025 686 diligentia
2040 635 2196 679 resti-

341 705 542 752 tuimus.
609 708 782 763 Neque
814 717 935 751 vero
965 707 1044 751 est
1069 703 1204 760 quod
1228 704 1474 762 quispiam
1504 704 1742 763 miretur,
1782 704 1827 752 si
1845 705 2002 770 aliqua
2020 729 2195 764 „ome

345 789 624 848 scripturae
671 789 788 836 loca
831 789 982 836 aliter
1025 789 1080 834 in
1123 789 1311 834 sanctis
1348 787 1642 844 quibusdam
1675 787 1954 838 doctoribu·
1989 797 2193 859 legerit,

345 886 492 931 quam
509 875 562 920 in
581 874 672 920 hac
705 872 928 923 editione
959 873 1247 930 conscripta
1271 873 1402 918 sunt.
1470 871 1599 917 Nam
1614 871 1933 931 Ambrosius,
1960 883 2190 940 augum-

342 969 438 1003 nus
452 986 466 1014 ,
497 958 548 1002 et
573 955 663 1002 alii
688 956 891 1014 plurimi
918 957 1237 1016 septuaginta
1263 956 1594 1013 interpretum
1620 955 1893 1002 editionem
1911 955 2189 1024 plerumque

342 1039 500 1086 secuti
528 1041 748 1086 fuerunt.
815 1039 894 1086 Ad
919 1040 1118 1087 laudem
1145 1041 1329 1099 igitur,
1368 1041 1420 1086 et
1454 1038 1669 1098 gloriam
1704 1039 2063 1096 omnipotentis
2079 1051 2189 1111 nei,

343 1122 620 1170 catholicae
649 1123 764 1171 fidei
791 1124 1259 1183 conservationem,
1282 1125 1333 1170 et
1352 1123 1742 1181 incrementum,
1772 1135 1832 1168 ac
1850 1134 2189 1182 sacrosanctae

341 1205 644 1253 universalis
661 1206 926 1256 Ecclesiae
943 1208 1231 1267 utilitatem,
1252 1208 1347 1255 hac
1366 1209 1543 1253 nostra
1560 1208 1803 1264 perpetua
1822 1207 2039 1253 valitura
2074 1222 2185 1256 con-

342 1289 605 1338 stitutione
618 1323 634 1351 ,
672 1292 734 1339 de
763 1291 1053 1339 eorumdem
1073 1291 1437 1340 venerabilium
1455 1291 1666 1337 fratrum
1684 1292 1976 1338 nostrorum
1996 1293 2045 1338 S.
2063 1293 2124 1339 R.
2142 1294 2203 1340 E.

345 1374 683 1422 cardinalium
700 1389 854 1435 super
874 1376 1235 1436 'typographia
1252 1375 1497 1422 Vaticana
1516 1373 1867 1432 deputatorum
1886 1376 2102 1422 consilio
2117 1408 2132 1437 ,
2154 1383 2208 1425 et

342 1469 568 1517 assensu,
589 1472 804 1515 quorum
823 1473 1008 1518 opera,
1029 1462 1080 1506 et
1097 1457 1370 1518 industria,
1392 1459 1447 1504 in
1464 1458 1558 1503 hac
1576 1457 1686 1515 ipsa
1702 1457 1947 1517 Vulgatae
1968 1460 2209 1508 editionis

344 1541 720 1601 emendatione,
758 1543 814 1590 in
839 1545 988 1590 rebus
1017 1541 1315 1600 praesertim
1352 1541 1668 1600 gravioribus
1702 1541 1781 1586 usi
1817 1554 2014 1600 sumus,
2053 1547 2105 1589 et
2140 1559 2209 1592 ex

343 1628 482 1672 certa
508 1628 684 1673 nostra
703 1627 938 1687 scientia,
977 1627 1136 1683 deque
1155 1625 1468 1684 apostolieae
1486 1625 1752 1683 potestatis
1770 1623 2081 1682 plenitudine
2102 1631 2208 1674 sta-

340 1709 524 1756 tuimus
538 1741 552 1770 ,
587 1723 646 1758 ae
673 1711 983 1758 declaramus
996 1742 1012 1772 ,
1045 1723 1154 1758 eam
1171 1710 1439 1768 vulgatam
1465 1722 1667 1769 sacrae,
1696 1711 1797 1755 tam
1818 1709 2003 1755 veteris
2017 1740 2033 1769 ,
2062 1724 2208 1768 quam

347 1794 473 1840 novi
493 1795 802 1842 Testamenti
819 1795 1036 1854 paginae
1054 1795 1285 1842 Latinam
1314 1793 1583 1842 editionem
1598 1823 1614 1852 ,
1637 1806 1771 1850 quae
1798 1806 1892 1850 pro
1920 1794 2208 1842 authentica

341 1890 374 1924 a
393 1879 621 1926 Concilio
635 1881 936 1926 Tridentino
955 1881 1160 1938 recepta
1179 1880 1273 1938 est,
1292 1878 1403 1925 sine
1422 1877 1527 1925 ulla
1546 1877 1871 1938 dubitatione,
1890 1878 1977 1923 aut
1997 1882 2207 1926 contro-

344 1962 512 2009 versia
531 1966 830 2011 censendam
850 1979 962 2011 esse
985 1966 1114 2011 hanc
1142 1964 1327 2022 ipsam,
1358 1975 1505 2021 quam
1521 1976 1681 2021 nunc,
1710 1964 1865 2020 prout
1892 1964 2079 2021 optime
2098 1966 2208 2013 fieri

343 2047 522 2103 potuit,
545 2046 853 2092 emendatam
866 2077 880 2104 ,
903 2048 1024 2093 etin
1042 2046 1291 2092 Vaticana
1309 2045 1669 2105 Typograpbia
1686 2046 1996 2106 impressam,
2014 2049 2073 2094 in
2088 2050 2206 2096 uui-

348 2140 496 2172 versa
515 2128 802 2174 Christiana
817 2130 1089 2187 Republica
1115 2132 1265 2186 atque
1292 2129 1346 2175 in
1383 2129 1612 2176 omnibus
1642 2130 1913 2177 Christiani
1942 2133 2082 2179 orbis
2120 2147 2209 2180 ec-

345 2208 512 2255 clesiis
539 2208 803 2267 legendam
831 2212 1149 2273 evulgamus,
1179 2212 1537 2273 decernentes,
1568 2226 1677 2259 eam
1706 2213 1845 2272 prius
1874 2214 2072 2270 quidem
2088 2218 2209 2263 uni-

349 2293 534 2341 versali
553 2297 754 2342 sanctae
771 2295 1053 2357 Ecclesiae,
1075 2312 1133 2345 ac
1151 2299 1442 2344 sanctorum
1460 2298 1663 2343 Patrum
1680 2298 2038 2359 consensione,
2060 2300 2207 2348 dein-

347 2377 407 2424 de
434 2389 560 2424 vero
587 2378 840 2436 generalis
861 2380 1078 2429 Concilii
1097 2382 1383 2429 Tridentini
1404 2382 1605 2429 decreto
1620 2411 1635 2441 ,
1672 2394 1807 2427 nunc
1840 2380 2033 2429 demum
2052 2384 2207 2431 etiam

345 2461 624 2520 apostolica
649 2463 797 2511 nobis
825 2477 856 2509 a
879 2464 1099 2512 Domino
1127 2466 1311 2513 tradita
1338 2465 1637 2512 auctoritate
1675 2466 2075 2523 comprobatam,
2112 2482 2208 2526 pro

349 2558 502 2606 vera,
533 2545 756 2605 legitima
769 2578 784 2605 ,
805 2548 1090 2596 authentica
1103 2580 1117 2609 ,
1139 2552 1191 2596 et
1208 2549 1510 2608 indubitata,
1534 2549 1587 2594 in
1607 2548 1834 2595 omnibus
1853 2549 2083 2609 publicis,
2105 2552 2213 2609 pri-

346 2629 572 2687 vatisque
597 2629 1031 2691 disputationibus,
1051 2632 1369 2692 lectionibus,
1394 2631 1867 2691 praedicationibus,
1888 2634 1941 2678 et
1956 2634 2208 2691 explana-

345 2711 565 2760 tionibus
584 2714 946 2773 recipiendam,
977 2718 1028 2761 et
1053 2716 1319 2762 tenendam
1342 2728 1469 2763 esse.
1534 2714 1825 2761 Districtius
1854 2728 1978 2762 vero
2005 2717 2210 2767 inhibe-

345 2808 484 2853 mus,
521 2810 587 2843 ne
621 2812 853 2856 umquam
886 2800 1142 2857 perpetuis
1169 2800 1353 2848 futuris
1381 2798 1718 2857 temporibus,
1756 2811 1921 2845 novae
1955 2801 2209 2859 vulgatae

347 2877 582 2925 editionis
611 2884 818 2937 posthac
835 2882 1111 2931 Bibliorum
1136 2883 1247 2929 sine
1266 2896 1509 2940 expressa
1536 2881 1847 2942 apostolicae
1868 2882 2011 2931 Sedis
2040 2884 2209 2932 licen-

347 2961 421 3009 tia
445 2964 613 3009 textus
640 2963 974 3022 imprimatur:
1015 2979 1147 3013 neve
1175 2966 1434 3023 quisquam
1463 2966 1687 3025 privato,
1726 2967 1814 3013 aut
1840 2968 2086 3023 peculiari
2114 2983 2211 3016 suo

349 3058 502 3093 sensu
527 3045 676 3091 aliam
703 3047 974 3097 editionem
1002 3051 1100 3099 sibi
1129 3050 1447 3110 confingere,
1478 3063 1608 3098 neve
1636 3050 1767 3096 hanc
1794 3050 1951 3107 ipsam
1966 3052 2211 3100 Veterem

346 3130 612 3191 vulgatam
629 3144 660 3178 a
678 3133 845 3191 nobis,
865 3134 920 3179 ut
936 3134 1237 3192 praefertur,
1257 3134 1539 3181 restitutam
1558 3133 1833 3180 editionem
1844 3164 1858 3192 ,
1877 3133 2013 3179 intra
2033 3135 2211 3183 decem

349 3229 512 3265 anuos
531 3229 562 3262 a
583 3215 708 3263 datis
727 3217 1066 3276 praesentium
1083 3217 1439 3276 numerandos,
1459 3218 1559 3262 tam
1578 3216 1721 3276 citra,
1740 3229 1885 3273 quam
1902 3216 2037 3263 ultra
2054 3232 2207 3264 mon-

347 3302 443 3359 tes,
463 3299 600 3358 alibi,
622 3313 766 3356 quam
785 3300 839 3345 in
858 3302 1034 3345 nostra
1052 3299 1125 3356 ΤΥ
1133 3301 1411 3358 pographia
1420 3300 1681 3359 Vaticana,
1700 3299 1986 3357 imprimere
2006 3301 2211 3361 audeat,

351 3383 436 3429 vel
451 3386 753 3442 praesumat.
822 3382 1013 3439 Elapso
1047 3383 1211 3427 autem
1233 3386 1461 3441 praefato
1482 3383 1727 3431 decennio
1741 3413 1756 3441 ,
1791 3396 1899 3429 eam
1920 3384 2211 3432 cautionem

349 3465 573 3513 adhiberi
602 3465 960 3524 praecipimus,
999 3466 1054 3509 ut
1087 3476 1236 3511 nemo
1275 3470 1473 3513 sanctas
1507 3466 1780 3524 scripturas
1806 3466 1940 3524 typis
1966 3468 2210 3515 mandare
