2376 3925
591 121 608 130 “
655 147 1075 194 PRAEFATlo
1123 150 1219 192 An
1268 150 1684 198 weronam.
1972 157 2105 200 Lvn

223 279 384 328 clesia
411 280 630 338 probata
656 278 844 336 fuerat,
870 275 1172 336 gravissimo
1194 275 1399 324 decreto
1436 281 1777 330 authenticam
1807 282 2098 330 declararit.

221 362 352 410 Nam
363 394 380 424 ,
414 364 472 410 ut
489 361 620 410 illud
637 361 918 408 omittamus
929 389 945 420 ,
978 361 1114 418 quod
1130 375 1201 410 ex
1216 363 1505 410 recentibus
1524 365 1831 414 editionibus
1848 380 1957 414 non
1974 380 2100 426 pau-

223 461 316 496 cae
347 446 412 493 ad
438 447 678 494 haereses
703 444 854 503 hujus
881 445 1127 503 temporis
1153 447 1522 494 confirmandas
1540 448 1753 496 licenter
1772 450 2001 498 detortae
2024 451 2101 496 vi-

221 531 502 578 debantur:
553 530 660 588 ipsa
688 531 828 575 certe
861 530 1002 576 tanta
1030 530 1325 577 versionum
1362 531 1581 579 varietas
1596 563 1611 592 ,
1650 535 1797 590 atque
1834 535 2100 594 diversitas

219 627 461 674 magnam
487 614 546 660 in
559 613 792 660 Ecclesia
807 611 906 658 Dei
921 613 1273 660 confusionem
1300 627 1482 672 parere
1501 616 1769 674 potuisset.
1835 619 1945 664 Jam
1964 619 2100 666 enim

220 700 324 746 hac
351 700 530 746 nostra
553 699 718 744 aetate
745 695 874 742 illud
899 698 1009 743 fere
1029 697 1265 744 evenisse
1284 701 1509 760 constat,
1540 699 1675 757 quod
1692 702 1895 747 sanctus
1912 701 2100 748 Hiero-

223 781 466 842 nymus0)
482 782 714 839 tempore
731 793 824 826 sno
844 780 1088 828 accidisse
1107 783 1319 829 testatus
1338 786 1431 843 est,
1440 786 1519 830 tot
1536 783 1733 830 scilicet
1749 783 1906 830 fuisse
1927 798 2101 832 exem-

227 866 422 925 piatio,
455 868 580 922 quot
605 864 834 922 codices3
880 877 994 910 cum
1019 865 1362 923 unusquisque
1390 880 1483 924 pro
1512 868 1725 915 arbitrio
1754 881 1848 914 suo
1876 867 2098 927 adderet,

229 949 322 996 vel
347 949 642 996 detraheret.
673 999 678 1004 ,
708 948 872 1006 Huius
909 950 1076 994 autem
1109 949 1301 996 veteris
1328 963 1387 997 ac
1416 951 1650 1010 vulgatae
1686 952 1923 999 editionis
1959 957 2100 998 tanta

229 1046 428 1090 semper
446 1032 545 1079 fuit
558 1031 854 1091 auctoritas,
873 1033 1074 1088 tamque
1097 1026 1357 1080 excellens
1376 1035 1701 1095 praestantia,
1754 1037 1809 1080 ut
1826 1047 1935 1080 eam
1958 1040 2096 1080 eete-

225 1116 300 1163 ris
319 1117 550 1163 omnibus
566 1116 762 1162 Latinis
783 1114 1088 1162 editionibus
1115 1116 1271 1176 longe
1291 1117 1671 1164 anteferendam
1690 1132 1828 1179 esse,
1858 1118 1988 1177 apud
2006 1121 2095 1164 ae·-

225 1213 352 1258 quos
385 1200 581 1259 judices
608 1200 664 1246 in
693 1199 894 1246 dubium
917 1201 1155 1247 revocari
1185 1213 1293 1247 non
1320 1205 1509 1259 posset.
1577 1202 1678 1254 Qui
1707 1216 1919 1260 namque
1949 1203 2003 1249 iu
2034 1216 2093 1248 ea

219 1283 342 1330 libri
370 1283 694 1330 continentur
725 1282 805 1343 (ut
832 1297 861 1330 a
888 1284 1164 1341 majoribus
1183 1285 1375 1331 nostris
1394 1285 1537 1342 quasi
1555 1298 1646 1342 per
1664 1298 1840 1332 manns
1859 1287 2096 1334 traditum

220 1368 374 1414 nobis
404 1367 501 1427 est)
529 1368 714 1430 partim
746 1381 814 1414 ex
843 1368 1004 1414 sancti
1019 1368 1323 1428 Hieronymi
1351 1369 1713 1429 translatione,
1745 1369 1827 1416 vel
1855 1371 2093 1417 emenda-

219 1451 364 1498 tione
393 1452 616 1510 suscepti
639 1455 786 1508 sunt3
835 1453 1016 1509 partim
1051 1453 1241 1500 retenti
1276 1467 1343 1500 cx
1368 1453 1713 1511 antiquissima
1742 1454 1953 1512 quadam
1982 1454 2090 1500 edi-

222 1535 367 1582 tione
386 1536 594 1593 Latina,
613 1549 757 1594 quam
777 1536 830 1582 S.
848 1535 1191 1595 Hieronymus
1208 1529 1253 1598 ὅ)
1276 1551 1587 1584 communem
1611 1541 1663 1584 et
1680 1537 1949 1597 vulgatam,
1970 1550 2092 1583 san-

223 1622 332 1665 ctus
349 1620 660 1678 Augustinus
677 1619 722 1679 ⁶)
749 1619 951 1677 Italam,
989 1621 1193 1666 sanctus
1226 1621 1506 1680 Gregorius
1527 1614 1577 1681 d)
1606 1623 1843 1668 Veterem
1871 1620 2093 1666 transla-

219 1703 414 1748 tionem
431 1703 666 1761 appellat.
734 1704 806 1750 Ac
827 1702 888 1748 de
910 1702 1096 1749 veteris
1117 1703 1316 1759 quidem
1332 1705 1483 1762 huJus
1496 1735 1511 1763 ‚
1541 1705 1651 1751 sive
1668 1704 1825 1749 Italae
1854 1703 2094 1750 editionis

219 1787 514 1834 sinceritate
541 1790 687 1844 atque
717 1785 1028 1845 praestantia
1057 1786 1372 1844 praeclarum
1400 1789 1563 1834 sancti
1588 1787 1857 1844 Augustini
1875 1786 1917 1845 e)
1945 1787 2092 1832 testi-

222 1872 448 1918 monium
470 1873 611 1918 extat
629 1871 683 1917 in
701 1869 924 1916 secundo
945 1869 1076 1916 libro
1097 1869 1160 1916 de
1176 1871 1425 1916 Doctrina
1446 1871 1731 1916 Christiana
1743 1899 1757 1927 ,
1788 1869 1875 1915 ubi
1892 1868 2089 1916 Latinis

219 1956 454 2003 omnibus
472 1955 802 2015 editionibus,
833 1966 960 2012 quae
979 1956 1098 2002 tunc
1118 1953 1367 2013 plurimae
1386 1953 1893 2013 circumferebantur,
1913 1952 2092 2000 Italam

224 2040 608 2093 praeferendam
621 2039 838 2098 censuit,
859 2038 994 2095 quod
1015 2041 1166 2099 esset,
1187 2043 1245 2100 ut
1262 2039 1372 2097 ipse
1391 2039 1633 2098 loquitur,
1655 2039 1927 2085 verborum
1943 2042 2091 2085 tena-

227 2120 334 2168 cior
369 2137 481 2171 cum
515 2123 872 2181 perspicuitate
909 2124 1208 2170 sententiae.
1275 2122 1360 2173 De
1398 2126 1575 2171 sancto
1612 2137 1739 2170 vero
1774 2122 2090 2183 Hieronymo

221 2203 378 2251 multa
399 2209 578 2254 extant
607 2208 832 2253 veterum
850 2207 1056 2252 Patrum
1083 2207 1291 2266 egregia
1314 2208 1627 2256 testimonia:
1674 2222 1785 2255 eum
1816 2208 1949 2255 enim
1968 2220 2090 2253 san-

223 2288 334 2333 ctus
351 2278 410 2347 s)
436 2290 748 2349 Augustinus
778 2290 1032 2337 hominem
1051 2292 1419 2353 doctissimum,
1450 2306 1509 2340 ac
1527 2293 1679 2341 trium
1696 2291 1979 2351 linguarum
1999 2304 2091 2348 pe-

221 2368 512 2420 ritissimum
547 2376 724 2434 vocat,
761 2376 910 2431 atque
947 2374 1058 2433 ejus
1093 2376 1481 2423 translationem
1505 2376 1731 2435 ipsorum
1758 2390 1957 2433 quoque
1984 2375 2091 2420 He-

225 2454 492 2501 braeorum
526 2458 818 2505 testimonio
857 2470 1088 2505 veracem
1125 2472 1237 2505 esse
1272 2462 1547 2506 confirmat.
1623 2460 1852 2507 Eundem
1890 2459 2092 2505 sauctus

225 2536 504 2595 Gregorius
521 2538 574 2599 ὅ)
593 2542 663 2587 ita
680 2542 963 2601 praedicat,
991 2545 1048 2589 ut
1067 2543 1175 2600 ejus
1195 2543 1603 2603 translationem,
1634 2555 1781 2601 quam
1798 2554 1983 2587 novam
2001 2553 2092 2597 ap·-

221 2620 406 2681 pellat,
437 2636 506 2669 ex
521 2623 754 2671 Hebraeo
785 2625 989 2683 eloquio
1009 2631 1191 2673 cuncta
1211 2627 1380 2673 verius
1397 2626 1731 2674 transfudisse
1752 2625 1907 2670 dicat:
1945 2626 2093 2681 atque

221 2704 412 2751 idcirco
434 2705 774 2763 dignissimam
795 2721 934 2767 esse,
965 2711 1045 2755 cui
1072 2710 1193 2757 fides
1219 2710 1275 2756 in
1294 2712 1525 2758 omnibus
1551 2710 1810 2755 habeatur.
1882 2708 2093 2755 Sanctus

221 2790 388 2835 antem
405 2789 634 2835 Isidorus
653 2782 702 2849 h)
723 2804 830 2836 non
849 2805 952 2837 uno
972 2792 1026 2838 in
1045 2793 1160 2839 loco
1179 2794 1630 2853 Hieronymianam
1660 2792 1943 2837 versionem
2008 2805 2090 2839 ce-

219 2872 344 2919 teris
366 2873 598 2919 omnibus
617 2874 903 2934 anteponit,
925 2889 1131 2933 eamque
1147 2880 1209 2923 ab
1227 2875 1473 2923 Ecclesiis
1494 2874 1791 2923 Christianis
1812 2878 2091 2923 communi-

217 2956 299 3003 ter
319 2956 484 3014 recipi
499 2970 558 3001 ac
578 2958 784 3014 probari
801 2959 1040 3017 affirmat,
1061 2959 1196 3017 quod
1216 2959 1355 3005 sitin
1375 2958 1541 3005 verbis
1560 2958 1765 3018 clarior,
1787 2963 1837 3007 et
1859 2959 2091 3006 veracior

331 3185 382 3239 a)
411 3184 622 3227 Praefat.
643 3186 690 3228 in
709 3185 863 3229 Josue.
921 3188 970 3242 b)
1003 3186 1052 3231 S.
1072 3190 1259 3233 Hieron.
1280 3190 1327 3231 in
1347 3202 1447 3245 cap.
1466 3192 1535 3233 49.
1556 3190 1667 3243 IsaJ'.
1726 3192 1772 3245 c)
1800 3190 1849 3231 S.
1870 3189 1984 3239 Aug.
2006 3185 2089 3229 lib·

218 3262 262 3299 2.
284 3258 338 3299 de
359 3258 581 3300 Doctrina
600 3256 769 3301 elui-t.
790 3272 892 3314 cap.
915 3263 984 3302 14.
1045 3263 1096 3317 d)
1129 3260 1177 3303 S.
1201 3262 1336 3315 Greg.
1356 3261 1569 3317 Epistola
1592 3262 1733 3305 dedic.
1762 3262 1819 3303 ad
1836 3258 2091 3301 Leandrum

220 3341 322 3384 cap.
341 3334 383 3373 5.
403 3330 454 3373 in
479 3330 557 3371 fin.
614 3330 660 3385 c)
691 3328 741 3373 S.
769 3330 956 3383 August.
985 3333 1056 3374 uti
1082 3346 1235 3389 supra.
1282 3332 1348 3391 f)
1377 3335 1478 3376 Lib.
1508 3338 1576 3377 18.
1606 3334 1661 3377 de
1692 3333 1828 3375 civit.
1850 3330 1961 3378 Dei,
1990 3341 2088 3383 cap.

219 3404 293 3443 4³·
347 3404 402 3457 Β)
433 3400 536 3445 Lib·
561 3406 631 3447 20.
653 3400 810 3447 moral·
841 3406 910 3446 24.
967 3404 1020 3462 h)
1049 3406 1152 3449 nib.
1178 3410 1224 3451 ⁶.
1250 3404 1449 3461 Etymol.
1480 3416 1582 3459 cap.
1612 3410 1653 3449 5.
1674 3404 1775 3447 Lib.
1798 3406 1836 3443 1.
1859 3400 1913 3443 de
1936 3400 2089 3443 Divin-

225 3472 303 3515 off.
323 3477 388 3517 12.
