2376 3925
245 141 311 190 52

315 244 361 288 3.
397 245 509 288 erat
545 245 713 290 sutem
762 245 995 301 aspectus
1045 243 1159 300 ejus

246 309 377 356 sicut
394 309 584 369 fulgur,
599 312 652 356 et
667 310 1027 357 vestimentum
1045 310 1157 369 ejus

250 377 381 423 sicut
398 377 507 423 nix.

313 445 363 488 4.
399 444 529 490 Prae
540 443 725 492 timore
738 447 907 492 sutem
926 445 973 502 ej
981 458 1038 491 us
1058 457 1155 490 ex·-

247 510 413 557 territi
431 512 551 556 sunt
568 513 821 572 custodes,
834 515 886 559 et
904 512 1024 560 faeti
1038 513 1156 558 sunt

248 577 391 623 velut
405 579 609 626 mortui.

315 648 361 691 5.
395 646 730 704 Respondeas
750 650 916 693 sutem
928 645 1153 704 Angelus

249 712 381 760 dixit
404 713 726 761 mulieribus:
764 713 935 759 Nolite
974 713 1153 759 timere

248 779 366 826 vos!
387 781 494 827 scio
514 782 673 840 enim,
694 781 827 838 quod
845 781 877 826 J
879 793 1046 840 esum,
1068 780 1156 838 qui

247 848 519 894 crucifixus
540 851 632 907 est,
653 848 922 906 quaeritis3

314 918 362 960 6.
397 928 503 962 non
524 917 601 960 est
616 913 721 962 hic!
751 915 979 962 surrexit
999 915 1151 975 enim,

247 983 379 1029 sicut
396 981 580 1039 dixit⁶;
592 981 789 1029 venite!
812 985 863 1029 et
879 983 1050 1029 videte
1068 983 1151 1029 lo-

248 1063 376 1108 cum,
397 1049 483 1094 ubi
502 1049 695 1106 positus
716 1053 827 1096 erat
843 1050 1107 1096 Dominus.

311 1118 358 1161 7.
394 1114 463 1161 Et
490 1117 590 1162 cito
620 1119 798 1164 euntes
826 1116 977 1164 dicite
997 1118 1151 1164 disci-

243 1183 376 1240 pulis
398 1183 445 1240 ej
451 1197 527 1242 us,
539 1185 657 1242 quis
668 1185 922 1243 surrexit3
936 1189 987 1232 et
1006 1184 1147 1232 ecce!

242 1244 539 1308 praeceditd
557 1265 653 1299 vos
672 1251 726 1298 in
746 1252 1050 1311 Galilaeam3
1081 1253 1151 1300 ibi

244 1331 359 1363 eum
406 1318 668 1376 videbitis,
727 1319 867 1367 ecee!
914 1319 1151 1379 praedixi

242 1386 404 1432 vobis.

308 1455 357 1498 8.
390 1453 459 1498 Et
476 1453 719 1500 exierunt
744 1456 845 1502 cito
876 1455 937 1500 de
965 1468 1149 1501 monu-

241 1522 413 1566 mento
434 1533 547 1566 cum
563 1520 765 1581 timore,
782 1525 833 1567 et
843 1521 1027 1580 gaudio
1039 1535 1149 1568 ms-

243 1600 364 1646 gno,
386 1589 666 1647 currentes,
678 1589 915 1635 nuntiare
928 1589 1149 1648 discipu-

242 1654 304 1700 iis
326 1654 451 1712 eJus.

309 1726 355 1768 9.
390 1721 460 1769 Et
486 1722 627 1770 ecce!
655 1724 804 1771 Iesus
835 1725 1058 1771 occurrit
1084 1725 1147 1772 il-

241 1791 322 1849 lis,
362 1790 561 1837 dicens:
599 1791 783 1838 Avete!
823 1792 946 1840 ulae
982 1795 1151 1840 sutem

243 1861 593 1918 accesserunt,
625 1862 677 1906 et
700 1863 976 1908 tenuerunt
992 1861 1147 1919 pedes

242 1927 372 1985 ejus,
394 1929 444 1974 et
463 1927 808 1975 odoraverunt
826 1943 954 1976 eum.

311 1995 390 2039 10.
430 1996 574 2042 Tunc
586 1996 657 2041 ait
674 1997 775 2042 illis
788 1997 820 2042 J
822 2010 936 2043 esus
950 2009 962 2041 z
976 1996 1149 2042 Nolite

242 2059 445 2107 timere!
492 2063 589 2119 ite,
636 2063 865 2108 nuntiate
908 2062 1147 2108 frutribus

242 2126 390 2172 meis!
418 2130 479 2172 ut
494 2130 616 2173 eant
633 2128 687 2173 in
707 2127 1011 2185 Galilaeam3
1048 2128 1115 2176 ibi
1128 2134 1148 2157 ⁰

242 2206 321 2239 me
339 2192 597 2239 videbunt.

310 2262 391 2305 11.
429 2260 570 2314 Quae
592 2275 704 2308 cum
722 2262 981 2322 abiissent,
1002 2262 1144 2311 ecce!

241 2327 441 2384 quidam
479 2326 541 2374 de
570 2328 859 2376 custodibus
895 2332 1149 2377 venerunt

240 2396 295 2441 in
348 2396 627 2456 civitatem,
682 2399 734 2442 et
784 2397 1149 2444 nuntiaverunt

240 2463 553 2523 principibus
591 2462 919 2511 secerdotum
958 2464 1144 2522 omnia,

243 2544 372 2587 quse
393 2533 527 2577 facta
543 2530 757 2577 fuerant.

290 2634 307 2652 θ
325 2641 357 2663 c.
379 2632 436 2670 16,
454 2631 515 2663 21.
552 2625 574 2653 ἆ
593 2639 625 2663 e.
645 2630 707 2668 26,
726 2628 785 2664 32.
821 2634 839 2653 ί
856 2627 951 2665 Act.
970 2634 1007 2671 1,
1026 2635 1065 2669 3.

737 139 1281 192 MATTHAEUS.
1355 140 1525 191 CAP.
1565 141 1648 190 28.

1293 244 1375 288 12.
1410 242 1480 287 Et
1497 243 1798 300 congregati
1816 256 1928 288 cum
1947 245 2144 290 Senio-

1223 309 1382 368 ribus,
1395 308 1614 355 consilio
1625 311 1855 369 accepto,
1868 311 2144 367 pecuniam

1225 377 1488 434 copiosam
1507 375 1757 423 dederunt
1771 377 2034 438 militibus,

1292 445 1373 489 13.
1410 443 1662 490 dicentes:
1680 444 1872 491 Dicite:
1888 445 2020 499 Quis
2030 445 2140 492 dis-

1225 510 1381 569 cipuli
1397 511 1510 567 ejus
1527 513 1682 558 nocte
1695 514 1970 571 venerunt,
1984 516 2037 559 et
2051 515 2140 560 fu-

1222 577 1322 624 rsti
1341 580 1460 625 sunt
1486 591 1624 637 eum,
1653 579 1805 626 nobis
1835 579 2138 628 dormienti-

1223 648 1341 703 bus;

1290 714 1370 758 14.
1408 712 1523 760 etsi
1549 714 1648 760 hoc
1677 713 1904 760 auditum
1927 715 2140 764 fueritis

1220 779 1454 838 praeside
1466 811 1481 840 ,
1509 794 1607 826 nos
1636 781 1955 829 suadebimus
1975 783 2052 842 ei,
2083 788 2139 831 et

1221 860 1432 894 securos
1452 861 1548 894 vos
1567 848 1826 895 faciemus.

1289 927 1371 972 15.
1406 928 1473 973 At
1508 927 1614 987 illi,
1651 929 1860 985 accepta
1896 931 2136 990 pecunia,

1218 994 1452 1040 fecerunt
1478 995 1610 1041 sicut
1637 997 1785 1041 erant
1812 995 1995 1042 edocti.
2064 998 2140 1045 Et

1219 1060 1534 1120 divulgatum
1546 1064 1624 1109 est
1632 1064 1846 1108 verbum
1855 1063 1987 1110 istud
1997 1066 2135 1123 apud

1217 1128 1467 1188 Iudaeos,
1521 1143 1680 1188 usque
1727 1129 1784 1175 in
1828 1130 2137 1180 hodiernum

1219 1195 1364 1241 diem.

1286 1264 1365 1308 16.
1399 1255 1438 1302 f
1449 1263 1691 1310 Undecim
1708 1266 1876 1312 sutem
1895 1265 2134 1324 discipuli

1218 1330 1453 1376 abierunt
1479 1331 1534 1376 in
1563 1331 1865 1392 Galilsesm,
1894 1333 1950 1380 in
1976 1347 2132 1380 mon-

1217 1400 1337 1458 tem,
1350 1398 1434 1445 ubi
1453 1399 1825 1447 constituet-ets
1841 1401 1944 1447 illis
1956 1403 1989 1447 J
1991 1414 2131 1449 esus.

1285 1483 1368 1527 17.
1402 1481 1471 1528 Et
1480 1483 1714 1530 videntes
1727 1498 1858 1544 eum,
1871 1485 2130 1533 adorave-

1215 1550 1394 1662 ιιιιιξςή
1411 1550 1611 1607 quidam
1653 1553 1822 1598 autem
1858 1552 2132 1600 dubitave-

1217 1629 1365 1730 rm1¹8.
1400 1683 1470 1730 Et
1487 1685 1735 1732 secedens
1754 1689 1787 1733 J
1789 1699 1900 1756 esus
1919 1687 2133 1735 locutus

1218 1753 1294 1796 est
1332 1751 1424 1812 eis,
1463 1752 1660 1800 dicens:
1697 1754 1852 1800 natat
1891 1757 1968 1800 est
2003 1756 2135 1803 mihi

1217 1819 1382 1918 omnis
1427 1823 1652 1878 potestas
1697 1821 1753 1867 in
1789 1822 1936 1868 coelo
1975 1825 2028 1868 et
2070 1824 2132 1870 in

1215 1889 1376 1999 terss':
1399 1953 1595 2002 Euntes
1611 1968 1736 2015 ergo
1751 1955 1929 2004 docete
1949 1972 2131 2007 omnes

1217 2024 1413 2081 gentes,
1424 2023 1738 2081 baptizantes
1751 2038 1841 2071 eos
1853 2025 2132 2075 innomine

1214 2088 1398 2148 Patris,
1421 2091 1471 2135 et
1481 2090 1619 2150 Filii,
1633 2093 1684 2138 et
1697 2092 1914 2151 Spiritus
1936 2094 2130 2152 sancti3

1283 2174 1364 2218 20.
1401 2173 1644 2221 docentes
1662 2189 1752 2223 eos
1772 2189 1983 2225 servare
2013 2191 2130 2225 om-

1214 2238 1318 2301 nis,
1331 2254 1670 2301 quaecumque
1688 2244 1929 2291 mandavi
1947 2246 2130 2305 vobin

1216 2312 1268 2354 et
1312 2308 1454 2355 eece!
1507 2300 1644 2368 ego*
1696 2311 1962 2359 vobiscum
2015 2327 2134 2361 sum

1216 2375 1449 2423 omnibus
1483 2376 1688 2437 diebus,
1712 2391 1876 2436 usque
1902 2380 1968 2425 ad
1995 2394 2130 2429 con-

1217 2442 1602 2491 summationem
1620 2444 1828 2493 saeculi.

1258 2534 1286 2569 1
1302 2550 1342 2575 v.
1359 2541 1530 2578 16-20.
1569 2540 1697 2579 Mare.
1723 2544 1784 2584 16,
1809 2546 1980 2582 15—18.
2048 2551 2074 2581 e
2095 2558 2132 2585 c.

1210 2586 1273 2627 26,
1290 2588 1348 2623 32.
1395 2584 1416 2612 ἢ
1432 2584 1522 2623 Joh.
1541 2590 1604 2630 20,
1617 2590 1678 2626 25.
1724 2583 1740 2613 ἶ
1755 2586 1846 2627 Joh.
1863 2594 1924 2633 13,
1943 2594 1981 2630 3.
2013 2590 2131 2631 Phil.

1211 2633 1250 2673 2,
1267 2634 1303 2668 9.
1324 2642 1408 2679 sqq.
1455 2629 1478 2658 7‘
1496 2644 1528 2669 c.
1547 2636 1607 2677 18,
1624 2637 1687 2672 20.

330 2772 468 2827 -Csp.
500 2774 731 2825 xxvm.
790 2780 830 2818 8.
862 2789 1020 2829 magno
1041 2779 1221 2831 gaudio.
1278 2786 1319 2826 9.
1352 2784 1529 2829 huvete.
1590 2793 1656 2831 15.
1693 2792 1830 2835 docti.
