2376 3925
479 142 892 194 EPISTULA
941 142 1191 192 PETRI
1236 139 1276 192 Ι.
1350 142 1517 193 CAP.
1558 142 1679 193 3.4.

120 249 332 294 cientes
386 246 452 304 (si
495 246 730 291 voluntas
766 246 864 290 Dei
902 244 1046 303 velit)

119 314 254 373 pati,
277 326 437 370 quam
455 312 848 358 malefacientes.

193 400 282 444 18.
325 397 463 449 Quia
483 399 534 443 et
545 396 770 442 Christ-us
791 394 946 441 semel
957 406 1049 451 pro

118 464 575 523 peccatisnostris
593 466 822 509 mortuiis
847 466 946 520 est,
963 462 1049 518 ju·-

119 536 234 578 stus
255 545 362 589 pro
385 530 614 589 injustis,
641 535 697 576 ut
723 544 819 576 nos
841 530 1051 575 offerret

118 600 238 645 Deo
255 630 270 657 ,
304 599 638 644 mortificatus
660 597 858 655 quidem
877 609 1046 655 carne,

122 667 429 713 vivificatus
449 668 614 712 autem
633 666 830 723 spiritu.

191 749 282 793 19.
322 748 388 791 In
417 760 515 803 quo
546 749 597 793 et
623 746 728 805 liis,
759 746 916 803 quiin
935 758 1048 791 car-

121 828 247 861 cere
309 817 478 873 erant,
532 814 788 872 spiritibus
839 814 1049 859 veniens

119 882 470 941 praedicavit,

193 952 284 995 20.
327 948 418 1005 qui
444 948 694 995 increduli
723 950 928 993 fuerant
953 946 1049 992 ali-

118 1017 370 1075 quando,
432 1016 631 1073 quando
691 1015 1052 1071 exspectabant

120 1085 226 1129 Dei
266 1084 571 1141 patientiam
608 1084 662 1128 in
709 1082 882 1128 diebus
919 1082 1048 1138 Noe,

122 1166 244 1197 cum
283 1152 626 1197 fabricaretur
661 1162 807 1208 arca,
852 1148 907 1194 in
953 1161 1052 1204 qua

123 1219 314 1277 pauci,
348 1218 400 1263 id
420 1220 499 1263 est
526 1219 641 1262 octo
662 1216 859 1261 animae
879 1214 1050 1261 salvae

124 1289 302 1333 factae
327 1288 446 1331 sunt
464 1298 554 1341 per
575 1297 768 1341 aquam.

197 1356 288 1398 21.
332 1351 480 1405 Quod
511 1354 562 1397 et
589 1365 680 1397 vos
709 1364 842 1397 nunc
873 1349 1050 1395 similis

125 1423 340 1467 formae
389 1420 558 1465 salvos
610 1419 733 1465 facit
777 1418 1047 1476 baptisma3

127 1502 240 1534 non
293 1479 462 1535 carnis
511 1486 760 1544 depositio
808 1485 1048 1544 sordium,

125 1557 220 1602 sed
253 1554 603 1601 conscientiae
633 1558 797 1600 bonae
825 1553 1050 1599 interro-

127 1624 278 1681 gatio
313 1624 368 1667 in
396 1622 558 1666 Deum
585 1634 676 1677 per
711 1620 1050 1666 resurrectio-

126 1705 253 1737 nem
274 1691 404 1735 Jesu
424 1686 626 1745 Christi,

202 1759 293 1801 22.
333 1754 418 1811 qui
439 1754 587 1800 estin
609 1752 940 1811 dexteraDei,
963 1752 1051 1797 de-

127 1824 368 1882 glutiens
387 1824 625 1879 mortem,
653 1822 712 1865 ut
730 1820 863 1865 vitae
883 1821 1052 1865 aeter-

129 1905 237 1936 nae
270 1888 519 1935 haeredes
549 1889 888 1943 efficeremur3
927 1900 1050 1943 pro-

129 1960 308 2005 fectus
347 1956 402 2002 in
441 1954 654 2014 coelum,
684 1954 921 2011 subjectis
958 1953 1053 2001 sibi

133 2025 361 2085 angelis,
385 2027 435 2070 et
451 2023 800 2082 potestatibus,
821 2025 871 2068 et
889 2023 1051 2068 virtu-

139 2095 299 2140 tibus.

443 2221 610 2275 CAP.
665 2221 758 2274 1V.

137 2323 382 2376 Fugienda
409 2327 482 2365 est
507 2323 724 2377 repetitio
751 2324 1050 2376 peccatorum.

135 2379 321 2422 Virtuti
355 2392 437 2421 nos
466 2377 618 2421 demus
647 2381 696 2420 et
720 2379 769 2419 in
794 2379 1051 2420 vexationi·

405 2435 487 2476 bus
507 2433 794 2488 gaudeamus.

208 2533 258 2576 1.
303 2529 502 2574 Christo
523 2527 677 2584 igitur
695 2539 846 2584 passo
866 2526 920 2572 in
939 2540 1048 2574 car-

137 2612 204 2644 iie
219 2629 234 2654 ‚
257 2599 314 2642 et
335 2609 426 2641 vos
447 2594 620 2641 eadem
641 2593 950 2652 cogitatione
969 2608 1052 2640 ar-

141 2663 382 2721 mamini3
421 2663 538 2718 quia
572 2662 658 2718 qui
693 2675 870 2719 passus
897 2665 974 2710 est
1001 2663 1052 2708 in

144 2745 304 2778 carne
326 2730 475 2776 desiit
492 2743 522 2774 a
540 2731 758 2786 peccatis
773 2743 787 2786 ;

211 2803 260 2845 2.
303 2797 476 2854 utiam
489 2796 871 2842 nondesideriis
891 2797 1054 2841 homi-

145 2879 287 2926 num,
310 2863 398 2911 sed
419 2862 666 2908 voluntati
682 2863 796 2921 Dei,
818 2863 952 2920 quod
970 2877 1054 2910 re-

266 3028 378 3083 Cap.
409 3026 497 3070 111.
567 3030 636 3068 17.
667 3027 703 3069 si
732 3025 846 3069 velit
871 3025 1080 3070 voluntas
1108 3029 1214 3071 Dei.

1924 143 2023 193 371

1115 244 1305 300 liquam
1340 248 1419 289 est
1455 244 1508 289 in
1544 258 1697 291 carne
1737 245 1874 290 vivat
1892 248 2023 291 tem-²

1115 323 1273 368 poris.
1796 358 1803 363 ,

1183 378 1230 423 3.
1272 377 1470 424 Sufficit
1515 378 1649 423 enim
1692 379 2023 436 praeteritum

1113 446 1309 502 tempus
1346 444 1407 490 ad
1442 444 1755 491 voluntatem
1786 446 2022 492 Gentium

1115 512 1585 571 consummandam,
1605 512 1683 558 liis
1696 544 1711 572 ,
1744 514 1826 569 qui
1846 515 2020 559 ambu-

1113 578 1351 626 laverunt
1376 579 1430 625 in
1457 579 1702 637 luxuriis,
1740 580 2020 637 desideriis,

1116 646 1431 707 vinolentiis,
1444 646 1911 705 comessationibus,
1924 659 2020 705 po-

1113 714 1417 773 tationibus,
1456 716 1507 759 et
1540 712 1732 759 illicitis
1769 714 2023 759 idolorum

1118 780 1350 827 cultibus.

1179 849 1229 892 4.
1248 849 1309 893 In
1328 860 1427 905 quo
1448 845 1760 892 admirantur
1777 860 1884 892 non
1896 860 2022 892 coii-

1117 915 1435 961 currentibus
1454 914 1599 961 vobis
1619 914 1673 959 in
1693 914 1918 960 eamdem
1939 914 2020 959 lii-

1115 982 1295 1028 xuriae
1348 982 1727 1041 confusionem,
1789 980 2022 1039 blasphe-

1115 1051 1312 1095 mantes
1322 1054 1358 1093 ⁸.

1183 1118 1231 1161 5.
1288 1115 1386 1169 Qui
1420 1115 1634 1163 reddent
1667 1115 1919 1162 rationem
1956 1116 2022 1175 ei,

1115 1183 1203 1240 qui
1230 1184 1433 1240 paratus
1454 1186 1533 1229 est
1554 1182 1784 1242 judicare
1806 1183 1951 1229 vivos
1971 1186 2025 1229 et

1115 1253 1360 1296 mortuos.

1184 1320 1231 1363 6.
1266 1318 1484 1374 Propter
1508 1317 1609 1363 hoc
1638 1316 1773 1363 enim
1804 1319 1855 1363 et
1880 1330 2022 1363 mor-

1116 1385 1217 1431 tuis
1250 1384 1653 1443 evangelizatum
1683 1388 1784 1441 est;
1813 1387 1869 1429 ut
1883 1384 2022 1441 judi-

1119 1454 1297 1499 centur
1323 1452 1523 1510 quidem
1552 1451 1825 1499 secundum
1856 1452 2021 1497 homi-

1117 1534 1209 1566 nes
1239 1520 1291 1565 in
1323 1532 1501 1580 carne,
1542 1520 1719 1565 vivant
1744 1522 1912 1566 autem
1940 1532 2023 1565 se-

1119 1587 1335 1633 cundum
1352 1588 1515 1633 Deum
1533 1588 1587 1633 in
1608 1586 1813 1645 Spiritu.

1186 1656 1234 1700 7.
1264 1654 1500 1699 Omnium
1518 1657 1685 1700 autem
1703 1654 1814 1700 finis
1835 1667 2022 1711 appro-
2080 1703 2088 1711 ,

1119 1720 1395 1777 pinquavit.
1432 1721 1611 1766 Estote
1622 1722 1788 1777 itaque
1801 1720 2022 1777 pruden-

1119 1790 1215 1845 tes,
1236 1789 1287 1832 et
1305 1786 1512 1843 vigilate
1531 1787 1585 1832 in
1607 1785 1945 1832 orationibus!

1185 1855 1233 1897 8.
1262 1853 1393 1898 Ante
1415 1853 1584 1898 omnia
1603 1854 1784 1911 autem,
1804 1854 2024 1898 mutuam

1119 1920 1172 1966 in
1193 1918 1443 1967 vobismet
1460 1920 1583 1978 ipsis
1596 1920 1888 1967 charitatem
1898 1932 2024 1966 con-

1121 1989 1315 2034 tinuam
1344 1988 1603 2047 habentes,
1634 1987 1751 2044 quia
1781 1987 2026 2034 charitas²

1121 2069 1185 2114 op
1192 2056 1289 2102 erit
1306 2056 1675 2102 multitudinem
1687 2058 2022 2113 peccatorum.

1187 2125 1234 2169 9.
1297 2123 1588 2181 Hospitales
1640 2123 1860 2170 invicem
1913 2123 2024 2169 sine

1117 2192 1515 2237 murmuratione
1528 2190 1539 2236 1

1185 2261 1266 2303 10.
1302 2259 1671 2317 Unusquisque,
1710 2259 1841 2304 sicut
1876 2271 2022 2305 acce-

1117 2326 1193 2383 pit
1212 2327 1424 2383 gratiam
1434 2332 1476 2386 ¹⁴,
1498 2327 1552 2371 in
1570 2326 1867 2372 alterutrum
1885 2326 2023 2370 illam

1119 2393 1555 2451 administrantes,
1594 2393 1723 2438 sicut
1762 2393 1886 2438 boni
1918 2393 2022 2437 dis-

1119 2463 1418 2515 pensatores
1464 2458 1787 2505 multiformis
1826 2459 2021 2516 gratiae

1118 2525 1231 2571 Dei.

1187 2593 1268 2637 11.
1291 2592 1344 2638 Si
1368 2592 1479 2648 quis
1497 2591 1738 2650 loquitur,
1752 2591 1892 2648 quasi
1914 2605 2023 2637 ser-

1118 2672 1298 2705 mones
1344 2659 1464 2717 Dei;
1520 2659 1562 2704 si
1601 2659 1709 2715 quis
1754 2659 2022 2718 ministrat,

1121 2728 1369 2784 tamquam
1389 2740 1457 2773 ex
1478 2726 1678 2784 virtute,
1700 2738 1846 2782 quam
1865 2725 2022 2772 admi-

1166 2842 1182 2861 ³
1200 2834 1291 2872 Act.
1310 2839 1378 2878 13,
1396 2836 1461 2872 4⁵.
1523 2835 1543 2860 θ
1557 2833 1659 2870 Luc.
1678 2838 1722 2878 7,
1738 2836 1801 2872 47.
1867 2843 1889 2862 ¹·
1905 2835 2022 2874 Rom.

1087 2897 1092 2925 !
1119 2884 1180 2924 12,
1201 2885 1237 2919 6.
1255 2887 1288 2919 7.
1310 2893 1395 2930 sqq.

1294 3033 1360 3072 18.
1399 3043 1484 3085 pro
1512 3031 1712 3085 peccatis
1738 3037 1925 3074 noi-tuiis
1955 3036 2026 3073 est

154 3086 300 3138 (decit
315 3086 534 3138 nostri->3
563 3083 671 3126 ibid.
700 3084 989 3125 mortificatos
1019 3097 1151 3126 carne
1171 3085 1421 3126 vivificatos
1450 3091 1599 3128 autem
1623 3088 1785 3142 spiritu
1810 3088 2022 3140 (vocabu-

150 3141 246 3182 lum
263 3140 513 3182 vivificatus
532 3139 732 3181 consulto
759 3145 986 3182 mutatum
1009 3146 1075 3182 est
1101 3140 1152 3182 in
1179 3141 1469 3195 vivificatos).
1528 3146 1597 3184 20.
1627 3145 1906 3197 expectabat
1933 3143 2022 3183 Dei

155 3194 409 3238 elementia.

322 3253 331 3262 ο
539 3193 622 3260 IY.
701 3199 738 3236 1.
787 3196 905 3262 quia·
919 3196 993 3247 qui
1021 3208 1180 3262 passus
1202 3201 1271 3263 εει
1290 3209 1421 3238 carne
1444 3197 1588 3251 (deest
1604 3197 1701 3294 in?
1731 3199 1839 3241 ibid.
1862 3199 1979 3239 desit
1997 3209 2025 3238 a

155 3257 374 3304 peccatis.
431 3254 472 3292 2.
503 3256 553 3293 ut
567 3263 664 3302 μω
681 3265 770 3292 ιιοιι
791 3250 1014 3293 hominum
1035 3251 1291 3293 desideriis.
1347 3256 1389 3294 3.
1420 3254 1497 3305 qui
1522 3255 1653 3295 amhn

1673 3257 1861 3296 averunt
1881 3254 2029 3307 (deest

157 3305 401 3360 hiuhma.
428 3306 476 3347 in
505 3307 766 3355 desideriis3
793 3305 902 3348 ibid.
931 3307 1446 3357 comesationibus31⁰bid
1468 3313 1515 3351 et
1532 3308 1737 3351 inlicitis.
1795 3313 1836 3350 4.
1866 3309 2022 3350 ammi-

155 3369 329 3404 rantur.
387 3364 430 3402 7.
460 3361 857 3416 adpropinquabit.

916 3366 956 3404 8.
988 3366 1094 3404 ante
1123 3364 1272 3405 omnia
1296 3367 1491 3406 mutuam
1521 3365 1665 3418 (deest
1689 3365 1888 3418 autem„
1914 3362 2025 3406 ibid.

157 3417 207 3458 iii
227 3423 398 3460 vosmet
424 3417 550 3470 ipsos
583 3419 816 3460 caritatem
843 3416 1062 3461 habentes
1089 3419 1343 3462 continuam
1364 3421 1467 3473 quia
1496 3421 1660 3463 caritas
1680 3421 1895 3474 cooperit.
1956 3423 2023 3462 10.

161 3475 343 3530 accipit.
