2376 3925
627 553 1646 642 DECRETUM

1076 737 1188 784 Ex

200 871 949 948 CONCILIO
1073 873 2073 949 TRIDENTINO.

811 1037 1276 1097 (snssmNE
1345 1041 1464 1100 lv.)

413 1286 538 1351 DE
627 1283 1168 1350 CANONICIS
1256 1285 1861 1352 SCRIPTURIS.

308 1455 686 1536 sacrosancta,
708 1476 1052 1535 oecumenica,
1073 1477 1127 1523 et
1144 1477 1401 1534 generalis
1422 1477 1721 1526 Tridentino
1738 1479 1973 1539 synodus
1987 1511 2003 1539 ,
2024 1480 2077 1526 in

206 1562 404 1622 Spiritu
429 1563 606 1608 sancto
635 1560 860 1620 legitime
889 1564 1224 1619 congregata,
1262 1561 1664 1619 praesidentibus
1698 1564 1753 1609 in
1794 1578 1855 1610 ea
1889 1564 2077 1610 eisdem

203 1647 367 1693 tribus
395 1645 721 1704 Apostolicae
751 1646 895 1692 Sedis
923 1644 1156 1704 Legatis,
1195 1645 1293 1692 hoc
1330 1646 1427 1692 sibi
1467 1652 1714 1705 perpetuo
1746 1651 1863 1694 ante
1902 1648 2079 1694 oculos

207 1743 503 1788 proponens
516 1761 531 1789 ,
560 1733 616 1776 ut
641 1729 850 1776 sublatis
871 1729 1129 1776 erroribus
1146 1730 1339 1787 puritas
1359 1731 1469 1788 ipsa
1485 1730 1757 1789 Evangelii
1775 1732 1827 1776 in
1848 1731 2083 1778 Ecclesia

211 1817 571 1872 conservetur;
615 1813 750 1871 quod
786 1813 1089 1871 promissum
1123 1815 1242 1858 ante
1278 1827 1371 1870 per
1404 1815 1683 1870 Rrophetas
1714 1815 1766 1860 in
1808 1815 2082 1872 Scripturis

211 1899 417 1959 sanctis,
435 1897 683 1944 Dominus
701 1899 879 1943 noster
899 1896 929 1940 J
933 1909 1046 1941 esus
1069 1896 1316 1956 Christus,
1335 1897 1431 1942 Dei
1448 1897 1609 1943 Filius
1631 1898 1839 1955 proprio
1863 1911 1955 1945 ore
1976 1899 2081 1956 pri-

205 1999 344 2031 mum
371 1982 737 2043 promulgavit,
785 1981 965 2027 deinde
993 1994 1084 2039 per
1120 1994 1243 2027 suos
1270 1982 1573 2041 Apostolos,
1608 1985 1856 2038 tamquam
1891 1984 2083 2029 fontem

207 2067 402 2126 omnis,
436 2069 488 2113 et
505 2066 739 2112 salutaris
759 2065 1012 2125 veritatis,
1043 2068 1095 2111 et
1120 2080 1317 2112 morum
1337 2065 1631 2125 disciplinae
1652 2069 1913 2113 creaturae
1930 2081 2081 2125 prae-

207 2152 370 2198 dicari
384 2150 560 2209 jussit,
588 2149 1000 2208 perspiciensque
1018 2149 1148 2196 hanc
1169 2151 1458 2210 veritatem,
1490 2154 1544 2197 et
1570 2150 1885 2209 disciplinam
1914 2154 2083 2199 conti-

206 2235 328 2282 neri
344 2235 400 2281 in
417 2234 561 2281 libris
579 2233 806 2291 scriptis,
839 2235 890 2279 et
922 2232 1032 2278 sine
1060 2234 1251 2291 scripto
1278 2233 1663 2294 traditionibus,
1700 2249 1826 2292 quae
1846 2239 1907 2283 ab
1926 2238 2083 2293 ipsius

211 2318 406 2365 Ghristi
435 2332 527 2365 ore
556 2320 619 2365 ab
646 2317 907 2377 Apostolis
935 2320 1197 2377 acceptae,
1234 2321 1320 2363 aut
1346 2320 1407 2364 ab
1447 2318 1572 2376 ipsis
1605 2320 1865 2377 Apostolis
1895 2322 2087 2379 Spiritu

211 2405 394 2449 sancto
413 2402 632 2449 dictante
645 2433 660 2462 ,
695 2402 838 2460 quasi
864 2416 957 2460 per
982 2414 1159 2448 munus
1174 2402 1420 2461 traditae,
1453 2402 1517 2447 ad
1536 2416 1633 2449 nos
1653 2417 1814 2461 usque
1833 2418 2085 2462 pervene-

209 2488 362 2546 runt,
389 2487 797 2533 orthodoxorum
813 2487 1020 2531 Patrum
1051 2485 1284 2543 exempla
1312 2488 1485 2532 secuta
1503 2498 1678 2534 omnes
1696 2487 1856 2534 libros
1876 2490 1977 2533 tam
1997 2502 2089 2536 ve-

213 2571 369 2631 teris,
399 2584 545 2629 quam
563 2571 688 2618 novi
709 2570 1049 2629 Testamenti,
1085 2584 1199 2616 cum
1221 2569 1483 2627 utriusque
1500 2584 1633 2618 unus
1651 2572 1789 2619 Deus
1808 2572 1874 2618 sit
1892 2576 2087 2631 auctor,

213 2668 421 2702 necnon
438 2654 741 2703 traditiones
759 2656 894 2715 ipsas
908 2685 924 2715 ,
949 2658 1057 2701 tum
1075 2653 1138 2700 ad
1157 2654 1303 2701 fidem
1315 2685 1331 2715 ,
1362 2656 1467 2701 tum
1486 2655 1549 2701 ad
1567 2668 1736 2701 mores
1755 2656 2087 2717 pertinentes,

211 2743 466 2795 tamquam
483 2739 566 2785 vel
587 2752 677 2787 ore
704 2742 854 2787 tenus
881 2753 913 2786 a
933 2738 1162 2798 Christo,
1194 2737 1278 2785 vel
1304 2752 1336 2785 a
1356 2739 1544 2797 Spiritu
1565 2740 1751 2785 Sancto
1778 2740 2011 2803 dictatas,
2039 2746 2092 2790 et

211 2823 459 2871 continua
477 2824 801 2870 successione
821 2824 876 2869 in
894 2822 1128 2870 Ecclesia
1149 2822 1411 2869 catholica
1430 2825 1777 2884 conservatas,
1794 2827 1907 2882 pari
1924 2828 2089 2886 pieta-

207 2909 276 2955 tis
296 2908 509 2967 affectu,
550 2922 609 2955 ac
636 2908 927 2955 reverentia
952 2907 1188 2967 suscipit,
1226 2912 1281 2953 et
1305 2908 1596 2952 veneratur.
1659 2908 1936 2959 Sacrorum
1962 2924 2087 2959 vero

207 2992 459 3040 librorum
478 2992 701 3039 Iudicem
717 2992 834 3039 huic
855 2992 1060 3039 decreto
1079 2990 1703 3051 adscribendumaeensnit,
1728 3008 1805 3041 .ne
1833 2996 1915 3042 cui
1944 2996 2088 3043 dubi-

209 3077 338 3123 tatio
358 3076 580 3123 suboriri
600 3076 788 3136 possit,
818 3076 1022 3133 quinam
1038 3076 1167 3134 sint,
1187 3074 1276 3133 qui
1293 3073 1485 3132 abipsa
1504 3076 1713 3135 Synodo
1730 3080 2088 3137 suscipiuntur.

217 3161 348 3209 Sunt
373 3174 502 3207 vero
529 3160 666 3207 infra
691 3160 882 3218 scripti.
952 3158 1264 3207 Testamenti
1288 3159 1503 3219 veteris,
1526 3161 1759 3218 quinque
1786 3164 2009 3222 Moysis,
2038 3164 2090 3209 id

213 3246 316 3291 est:
353 3244 585 3303 Genesis,
605 3244 834 3305 Exodus‚
854 3244 1130 3303 Leviticus,
1147 3243 1375 3303 Numeri,
1395 3244 1876 3303 Deuteronomium3
1907 3248 1943 3291 J
1946 3259 2089 3307 osue,

214 3327 473 3387 «Indicum,
492 3328 654 3387 Ruth,
685 3331 901 3386 quatuor
919 3330 1138 3387 Regum,
1168 3327 1740 3389 duoPnralipomenon‚
1768 3330 1961 3376 Esdrae
1982 3332 2090 3389 pri-

217 3424 329 3457 snus
346 3442 360 3470 ,
385 3414 438 3457 et
459 3411 736 3472 secundus,
765 3412 852 3469 qui
872 3412 1053 3459 dicitur
1070 3412 1367 3471 Nehemias,
1394 3412 1611 3470 Tobiae,
1636 3414 1669 3457 J
1674 3413 1839 3469 udi-th,
1855 3414 2092 3472 Hesther,

221 3495 348 3556 lob,
375 3493 682 3545 psalterium
707 3496 1008 3545 Davidicnm
1033 3496 1625 3555 centum.quinquaginta
1640 3496 1969 3557 Psalmorum,
1990 3497 2095 3548 Pn-
