2376 3925
277 161 346 212 16

767 142 1241 216 ΜᾼΤΤΗΑΕἩ
1256 141 1311 192 s.
1383 138 1553 191 cAP.
1592 137 1676 186 ιο.

279 205 2179 249 ΝΜ

284 273 438 319 super
466 269 606 314 eam3
635 253 682 300 si
708 254 876 298 autem
903 261 1012 294 non
1038 245 1195 292 fuerit

286 329 462 422 diga-a,
492 335 598 384 pax
622 320 798 368 vestra
821 315 1112 363 revertetur
1129 310 1196 357 ad

285 407 382 443 vos
415 424 429 439 .

353 461 435 506 14.
469 457 538 504 Et
555 455 840 514 quicunque
858 463 964 498 non
981 459 1195 505 recepe-

286 528 357 576 rit
373 538 494 584 vos,
515 537 679 580 neque
697 519 917 568 audierit
934 525 1195 562 sermones

287 595 490 642 vestros
503 606 517 649 3
540 592 790 638 exeuntes
802 588 940 634 foras
951 583 1012 628 de
1026 580 1195 640 domo,

290 662 379 710 vel
414 660 636 716 civitate,
675 653 898 702 excutite
933 648 1198 709 pulverem

294 730 357 778 de
372 727 581 788 pedibus
599 723 786 771 vestris
796 713 828 766 ἶ.

361 799 442 844 15.
478 796 639 841 Amen
658 789 770 835 dico
790 785 963 833 vobis:
980 781 1199 830 Tolera-

293 864 444 913 bilius
475 861 573 908 erit
597 860 764 904 terrae
794 853 1130 900 Sodomorum
1149 851 1201 894 et

295 927 760 979 Gomorrhaeorum
793 921 850 967 in
886 919 968 966 die
998 916 1199 976 judicii,

297 1011 446 1057 qnam
461 993 540 1041 illi
559 990 752 1039 civitati
764 995 818 1034 m·

363 1065 444 1110 16.
478 1056 636 1106 Ecce!
667 1070 763 1115 ego
783 1053 926 1102 mitto
956 1064 1051 1099 vos
1071 1049 1202 1096 sicut

297 1144 423 1178 oves
434 1129 486 1174 in
496 1124 663 1172 medio
675 1124 912 1182 luporum
918 1125 960 1166 n·
1019 1118 1201 1164 Estote

297 1211 421 1257 ergo
459 1193 733 1254 prudentes
763 1190 894 1236 sicut
919 1188 1199 1244 serpentes,

298 1269 350 1312 et
367 1260 619 1324 simplices
639 1259 771 1306 sicut
789 1256 1066 1304 columbae.

362 1333 444 1379 17.
483 1329 671 1376 Cavete
699 1327 867 1372 autem
893 1324 954 1369 ab
979 1316 1203 1366 homini-

297 1397 410 1448 bus!
438 1395 642 1444 tradent
668 1392 804 1440 enim
829 1402 925 1437 vos
953 1389 1009 1434 in
1027 1385 1204 1433 conci-

297 1467 400 1525 liis,
415 1466 465 1510 et
481 1464 538 1509 in
556 1458 832 1521 synagogis
852 1455 956 1502 suis
973 1451 1204 1513 flagella-

299 1534 426 1580 bunt
441 1543 538 1576 vos
549 1533 598 1586 ⁰3

368 1601 449 1646 18.
487 1598 538 1642 et
555 1594 618 1640 ad
636 1590 894 1652 praesides
905 1595 955 1650 P,
976 1589 1028 1634 et
1045 1586 1108 1632 ad
1117 1597 1206 1632 re-

301 1670 422 1727 gesq
441 1661 692 1711 ducemini
708 1659 918 1718 propter
935 1670 1033 1714 me,
1053 1654 1110 1700 in
1125 1654 1207 1700 te·-

302 1732 593 1782 stimonium
610 1728 730 1787 illis,
753 1728 804 1773 et
821 1724 1071 1784 gentibus.

370 1803 451 1847 19.
487 1801 612 1844 Cum
647 1797 816 1841 autem
857 1791 1059 1838 tradent
1091 1800 1208 1846 vos,

303 1869 462 1916 nolite
499 1865 752 1924 cogitare,
797 1857 1078 1919 quomodo,
1123 1855 1211 1902 aut

304 1935 424 1996 quid
467 1930 774 1991 loquamini3
831 1927 1028 1975 dabitur
1075 1922 1213 1970 enim

303 2003 451 2051 vobis
462 2002 516 2047 in
526 2000 614 2046 illa
623 1999 752 2044 hora
760 2027 775 2055 ‚
789 1994 904 2053 quid
916 1989 1209 2049 loquamini.

373 2071 453 2115 20.
488 2068 606 2112 Non
643 2064 779 2109 enim
812 2073 908 2106 vos
947 2058 1085 2115 estis,
1125 2054 1212 2112 qui

303 2132 568 2192 loquimini
581 2144 594 2188 3
617 2128 705 2174 sed
717 2127 930 2185 Spiritus
941 2122 1104 2169 Patris
1115 2134 1212 2168 ve-

307 2201 418 2260 stri,
439 2198 524 2258 qui
541 2194 763 2253 loquitur
781 2194 836 2239 in
853 2192 1001 2238 vobis
1013 2195 1050 2236 r,

374 2268 456 2313 21.
493 2263 683 2311 Tradet
707 2262 874 2307 autem
908 2258 1067 2304 frater
1101 2256 1211 2303 fra-

305 2340 437 2384 trem
453 2332 509 2379 in
523 2331 739 2376 mortem
750 2358 765 2387 ‚
796 2328 848 2374 et
863 2327 1008 2385 pater
1025 2324 1209 2381 filium3

307 2406 360 2451 et
377 2398 644 2458 insurgent
669 2394 762 2441 filii
787 2394 842 2439 in
868 2392 1133 2451 parentes,
1162 2391 1216 2437 et

305 2471 472 2518 morte
492 2478 581 2513 eos
601 2462 832 2509 afficient.

374 2539 456 2583 22.
490 2534 560 2579 Et
612 2528 752 2577 eritis
808 2528 926 2575 odio
983 2524 1214 2573 omnibus

307 2605 516 2663 propter
527 2611 716 2647 nomen
732 2608 923 2653 mcum3
945 2593 1032 2653 qui
1047 2594 1215 2639 autem

308 2666 720 2729 perseveraverit
761 2675 921 2721 usque
955 2661 1012 2708 in
1045 2662 1213 2719 finem,

309 2737 394 2784 hic
411 2738 584 2784 salvus
604 2734 746 2783 eriv-

357 2830 381 2859 Β
394 2831 496 2870 Luc.
513 2834 576 2873 10,
593 2832 628 2868 5.
647 2840 734 2877 sqq.
781 2824 913 2865 tLuc.
928 2828 968 2869 9,
985 2825 1022 2863 ⁵.
1051 2821 1146 2861 Act.
1155 2824 1217 2866 13,

309 2881 370 2918 51.
386 2880 447 2920 18,
463 2880 500 2913 6.
555 2882 588 2901 ⁷¹⁸
605 2887 639 2912 c.
656 2880 716 2916 11,
735 2875 909 2912 22-24.
954 2879 978 2899 ¹²
993 2870 1169 2913 Iane-10,
1179 2872 1217 2907 3.

311 2932 331 2952 ⁰
350 2936 385 2963 ο.
401 2924 465 2965 24,
483 2925 520 2959 9.
547 2920 676 2957 Marc.
699 2924 758 2962 13,
786 2924 823 2957 9.
853 2919 958 2957 Luc.
975 2922 1037 2962 21,
1053 2920 1112 2954 12.
1131 2926 1218 2963 sqq.

311 2970 406 3009 Act,
432 2972 470 3011 5,
497 2970 561 3003 40.
597 2969 657 3006 12,
685 2970 720 3002 1.
748 2976 872 3047 sqh.
909 2973 934 3000 Ρ
952 2964 1045 3003 Act.
1068 2967 1130 3006 23,
1156 2966 1218 3000 33.

312 3026 330 3053 c
347 3016 441 3055 Act.
467 3016 528 3057 26,
553 3016 590 3049 1.
617 3022 702 3058 sqq.
766 3018 786 3037 ¹·
872 3024 928 3049 rc.
945 3016 1008 3054 13,
1027 3014 1086 3049 11.
1114 3009 1218 3046 Luc.

310 3067 373 3108 12,
389 3066 449 3102 ll.
471 3064 533 3103 21,
551 3060 609 3095 15.
647 3056 741 3094 Act·
765 3060 806 3100 4,
831 3061 868 3095 8.
893 3062 932 3101 2,
957 3061 997 3096 4.

311 3114 374 3153 13,
401 3112 461 3146 13.
490 3104 591 3141 Luc.
615 3106 677 3146 22,
693 3106 754 3140 30.

1059 3063 1076 3083 ⁰
1091 3054 1220 3093 Marc.

1328 243 1415 287 23.
1448 241 1573 284 Cum
1600 239 1769 284 autem
1797 235 2171 292 persequentur

1261 321 1358 356 vos
1375 307 1431 354 in
1451 306 1655 353 civitate
1673 303 1797 360 ista,
1816 300 1975 359 fugite
1994 299 2049 346 in
2066 299 2172 344 ali-

1264 389 1358 422 am.
1403 375 1563 419 Amen
1583 371 1695 418 dico
1714 369 1884 416 vobis:
1900 368 2021 413 Non
2039 379 2172 413 con-

1265 439 1571 490 summabitis
1602 437 1832 484 civitates
1858 433 2041 494 Israel,
2072 433 2172 479 do-

1264 523 1361 556 nec
1379 507 1555 555 veniat
1570 505 1730 552 Filius
1749 502 1983 549 hominis.

1332 591 1414 635 24.
1447 587 1567 634 Non
1596 587 1674 631 est
1708 581 1980 641 discipulus
2018 593 2175 638 super

1265 656 1576 715 magistrum,
1588 666 1684 699 nec
1704 663 1885 698 servus
1904 661 2057 710 super
2076 648 2173 694 do-

1265 725 1455 771 minum
1474 735 1618 768 suum
1628 719 1661 767 ⁸.

1334 806 1415 850 25.
1452 801 1642 850 Sufficit
1653 797 1916 856 discipulo,
1929 798 1987 842 ut
1996 795 2060 842 sit
2068 796 2170 843 sic-

1269 873 1323 918 ut
1340 870 1580 929 magister
1600 867 1737 925 eJus3
1760 868 1813 912 et
1827 877 1982 912 servo
1996 893 2011 923 ,
2040 862 2173 911 sicut

1270 939 1500 984 dominus
1520 936 1646 993 ejus.
1685 934 1740 981 Si
1758 929 2171 991 patremfamilias

1268 1005 1588 1052 Beelzebub¹⁴
1609 999 1953 1057 vocaverunt3
1982 1001 2173 1055 quanto

1268 1073 1427 1132 magis
1449 1069 1751 1117 domesticos
1771 1065 1914 1124 ejusv

1336 1155 1418 1198 26.
1452 1152 1529 1198 Ne
1575 1161 1699 1208 ergo
1744 1145 2009 1194 timueritis
2065 1158 2178 1192 eos.

1268 1217 1443 1266 ¹'Nihil
1472 1217 1607 1276 enim
1643 1217 1721 1262 est
1750 1215 2001 1273 opertum,
2038 1211 2180 1270 quod

1270 1301 1377 1334 non
1412 1283 1752 1341 revelabitur3
1810 1282 1863 1328 et
1906 1277 2177 1338 occultum,

1272 1353 1406 1416 quod
1424 1365 1530 1398 non
1550 1351 1751 1397 scietur.

1340 1421 1422 1466 27.
1460 1417 1608 1473 Quod
1627 1417 1739 1464 dico
1768 1414 1917 1462 vobis
1944 1415 1998 1462 in
2026 1417 2177 1460 tene-

1272 1487 1394 1546 bris,
1416 1486 1565 1533 dicite
1584 1485 1639 1530 in
1656 1482 1873 1540 lumine3
1902 1483 1953 1528 et
1969 1481 2102 1539 quod
2120 1481 2179 1527 in

1219 1573 1227 1581 ·
1272 1567 1395 1601 aure
1441 1552 1649 1612 auditis,
1694 1549 1979 1610 praedicate
2021 1561 2180 1606 super

1343 1691 1424 1736 28.
1457 1687 1527 1733 Et
1552 1685 1713 1733 nolite
1742 1684 1919 1730 timere
1948 1694 2063 1741 eos,
2092 1683 2183 1739 qui

1277 1755 1515 1804 occidunt
1540 1765 1753 1811 corpus3
1781 1751 1995 1797 animam
2013 1751 2182 1795 autem

1276 1837 1381 1870 non
1402 1824 1614 1882 possunt
1633 1818 1863 1866 occidere
1877 1831 1892 1876 ;
1905 1816 1993 1864 sed
2010 1816 2183 1875 potius

1277 1891 1449 1936 timete
1469 1903 1599 1951 eum,
1612 1887 1697 1944 qui
1712 1887 1880 1944 potest
1898 1886 1947 1930 et
1966 1884 2183 1930 animam

1279 1960 1330 2005 et
1348 1970 1533 2015 corpus
1554 1954 1765 2013 perdere
1784 1953 1839 1999 in
1858 1951 2157 2011 gehennam.

1344 2040 1427 2083 29.
1460 2037 1645 2083 Nonne
1677 2034 1775 2081 duo
1805 2044 2038 2091 passeres
2067 2044 2182 2078 asse

1278 2104 1562 2161 vaeneunt3
1601 2104 1654 2149 et
1687 2114 1817 2147 unus
1846 2112 1913 2146 ex
1942 2098 2046 2145 illis
2073 2112 2183 2144 non

1279 2172 1425 2220 cadet
1458 2182 1610 2229 super
1652 2170 1841 2215 terram
1884 2166 1996 2213 sine
2030 2166 2183 2213 Patre

1282 2238 1489 2287 vestro?

1346 2308 1428 2353 30.
1462 2303 1633 2351 Vestri
1643 2304 1809 2349 autem
1819 2300 1988 2360 capilli
2004 2298 2185 2360 capitis

1282 2386 1458 2422 omnes
1474 2370 1725 2418 numerati
1742 2372 1875 2416 sunt.

1348 2442 1429 2487 31.
1463 2439 1634 2486 Nolite
1654 2450 1779 2495 ergo
1793 2437 1996 2494 timere3
2014 2434 2188 2482 multis

1282 2507 1569 2569 passeribus
1587 2503 1825 2551 meliores
1846 2502 1968 2549 estis
1987 2514 2101 2549 vos.

1348 2578 1430 2622 32.
1467 2574 1641 2619 Omnis
1662 2585 1804 2631 ergo,
1818 2569 1903 2628 qui
1922 2569 2188 2616 confitebi-

1282 2645 1365 2689 tur
1381 2656 1461 2689 me
1482 2654 1653 2688 coram
1678 2638 1963 2686 hominibus
1977 2667 1994 2696 ‚
2026 2638 2192 2683 confi-

1282 2712 1429 2758 tebor
1460 2711 1513 2756 et
1546 2720 1643 2767 ego
1680 2721 1795 2753 eum
1831 2717 2003 2752 coram
2036 2702 2190 2750 Patre

1283 2790 1417 2836 meo,
1438 2774 1597 2835 quiin
1616 2774 1774 2822 coelis
1794 2775 1885 2820 est.

1354 2846 1435 2890 33.
1473 2843 1573 2896 Qui
1600 2844 1767 2888 autem
1804 2838 2074 2898 negaverit
2108 2852 2192 2884 me

1288 2924 1459 2959 coram
1474 2909 1783 2968 hominibus,
1802 2908 2001 2965 negabo
2022 2907 2075 2952 et
2092 2918 2191 2965 ego

1330 3010 1352 3035 e
1368 3006 1457 3045 soh.
1474 3010 1535 3049 13,
1561 3008 1619 3043 16.
1656 3006 1717 3049 15,
1736 3007 1795 3041 20.
1860 3010 1883 3029 κ
1898 3014 1931 3039 c.
1948 3006 1988 3045 9,
2007 3004 2069 3040 34.
2100 3000 2193 3038 soh.

1285 3056 1323 3097 8,
1339 3056 1402 3092 48.
1426 3058 1487 3096 10,
1505 3057 1564 3089 20.
1628 3057 1649 3077 ν
1665 3062 1705 3089 v-
1721 3052 1890 3087 26—32.
1918 3048 2045 3086 Mare.
2071 3049 2115 3090 4,
2130 3050 2194 3085 22.

1286 3100 1387 3138 Luc.
1404 3102 1443 3144 8,
1461 3103 1520 3137 17.
1540 3096 1642 3135 Lus.
1659 3101 1721 3141 12,
1738 3100 1858 3135 1—9.

427 3256 540 3312 Cap.
569 3250 634 3294 X.
696 3256 763 3294 13.
793 3250 854 3292 ad
872 3263 952 3292 vos
977 3253 1245 3293 revertatur·
1307 3251 1375 3290 14.
1408 3246 1463 3289 de
1492 3244 1701 3295 civitate3
1730 3243 1837 3288 chia.
1863 3243 1914 3286 in
1928 3240 2030 3299 fine
2056 3242 2195 3286 adde·-

315 3323 436 3359 tum=
463 3312 514 3355 in
539 3308 794 3353 testimonio
822 3320 989 3356 eorum,
1016 3305 1068 3348 in
1092 3305 1223 3359 ναῖς.
1244 3306 1379 3349 deest.
1438 3305 1506 3344 18.
1540 3300 1767 3343 ducimini.
1826 3304 1895 3343 22.
1925 3311 2195 3354 persevera-

311 3371 432 3415 verit
465 3369 516 3411 in
549 3366 699 3409 finem.

785 3364 856 3405 23.
887 3374 1017 3404 amen
1047 3361 1169 3403 enim
1208 3360 1323 3405 dico·

1409 3361 1480 3400 25.
1510 3360 1560 3399 et
1592 3369 1761 3398 servus.
1846 3358 1915 3398 26.
1944 3354 2063 3409 quod
2100 3366 2195 3395 nnn

315 3427 499 3468 sciatur.
574 3424 644 3463 28.
675 3430 776 3461 eum
805 3417 974 3459 timete·
1051 3418 1121 3458 29.
1149 3416 1351 3459 veniunt·
1428 3415 1498 3454 80.
1528 3416 1577 3453 et
1604 3410 1776 3466 capilli.
1852 3414 1924 3453 32.
1954 3410 2030 3463 qui
2050 3410 2193 3453 estin

319 3478 470 3521 coelis.
