2376 3925
234 148 241 153 ”
338 151 606 196 mvm
773 143 1321 191 COMMENTATIo
1375 140 1789 187 Isaeoolca.

339 291 456 336 tem
481 277 819 350 Hieronymi
865 275 1128 347 inprimis
1161 269 1574 345 respiciendam
1632 288 1757 325 esse
1790 277 1849 324 et
1885 269 2213 325 versionem

341 368 488 438 ejus,
498 360 788 435 praeclaro
801 355 1020 431 J'udicio
1035 354 1437 412 Lachmannus
1454 353 1791 408 enuntiavit.
1832 349 1959 425 Ipse
1978 350 2211 426 quidem

341 448 404 500 in
439 443 690 498 editione
723 440 976 496 manuali
1009 437 1080 494 N.
1112 435 1181 492 T.
1209 437 1405 512 graeci
1434 431 1495 513 ¹)
1532 434 1828 490 orientalis
1862 442 2085 488 tautum
2110 452 2211 488 ec-

343 528 552 583 clesiae
585 524 924 580 documenta
950 520 1285 588 advocavit,
1320 536 1495 593 quum
1516 517 1903 574 occidentales
1928 517 2213 570 lectiones

339 609 789 664 existimavisset
826 613 926 660 aut
961 621 1078 658 non
1117 603 1259 658 satis
1301 603 1563 676 cognitas
1601 618 1725 656 esse
1748 607 1851 654 aut
1874 606 2099 654 tantum
2123 598 2213 653 la·-

341 695 464 747 tine
487 691 768 764 proditas3
819 687 1072 741 noluisse
1095 694 1289 740 autem
1314 702 1377 738 se
1405 681 1627 738 Graece
1650 691 1876 738 vertere
1902 678 2125 736 Latina.

468 772 754 829 Habemus
790 770 971 844 igitur
1005 777 1203 824 nostro
1242 765 1437 822 codiee
1482 766 1779 842 egregium
1818 772 2023 820 testem
2055 766 2218 818 ocos·-

343 855 630 914 dentalem
657 861 717 909 et
739 853 1084 926 principem,
1124 851 1225 925 qni
1250 846 1775 905 Lachmannianum
1808 847 2059 904 laborem
2095 863 2217 902 non

346 948 566 995 tantum
591 936 881 1010 supplere,
918 933 1016 988 sed
1041 934 1237 988 multis
1264 931 1563 988 emendare
1588 931 1843 1005 partibus
1870 929 2216 1002 antiquitate

345 1040 447 1076 sua
491 1028 548 1074 et
581 1019 832 1093 pondere
877 1018 1080 1071 critico
1106 1033 1243 1089 prae
1273 1015 1515 1070 caeteris
1548 1021 1757 1087 potest,
1798 1016 1849 1070 si
1874 1010 2101 1087 quidem
2145 1031 2215 1068 eo

343 1107 488 1160 scite
527 1103 922 1176 sapienterque
955 1101 1193 1154 utimur.
1274 1095 1360 1152 Ab
1399 1096 1507 1153 hoc
1546 1099 1727 1172 igitur
1756 1105 2007 1169 tempore
2030 1092 2217 1148 codex

341 1186 692 1253 Amiatinus‚
726 1181 1002 1238 hactenus
1036 1183 1366 1256 incognitus
1382 1219 1401 1250 ,
1436 1181 1589 1236 inter
1630 1180 1999 1254 gravissimos
2033 1183 2215 1232 testes

341 1269 697 1324 recensionis
723 1263 1106 1323 occidentalis
1134 1265 1341 1319 merito
1368 1280 1469 1318 suo
1498 1271 1557 1316 et
1579 1265 1710 1336 Jure
1735 1269 1993 1335 ponetur.

465 1348 646 1405 Error
687 1357 804 1418 est,
843 1349 943 1423 qui
981 1349 1044 1402 in
1087 1346 1359 1419 infantia
1397 1346 1649 1400 criticae
1678 1346 1835 1401 artis
1864 1359 2031 1416 saepe
2057 1359 2119 1396 se
2146 1344 2215 1396 in

343 1436 560 1488 animos
595 1434 882 1500 insinuat,
929 1438 988 1484 et
1023 1427 1114 1484 his
1149 1446 1375 1504 quoque
1404 1425 1599 1482 diebus
1624 1428 2019 1501 imperitorum
2050 1441 2214 1480 men-

341 1526 456 1571 tem
483 1514 766 1584 obtundit,
794 1521 858 1569 ut
897 1514 957 1567 in
983 1511 1285 1567 itineribus
1311 1511 1454 1565 meis
1480 1510 1633 1566 inter
1657 1519 1883 1565 exteros
1901 1508 2215 1564 identidem

341 1600 496 1655 sensi
521 1606 579 1652 et
605 1596 924 1670 deploravi,
967 1594 1450 1662 existimantium,
1496 1594 1699 1649 critica
1723 1591 1865 1648 haec
1892 1591 2079 1647 studia
2115 1589 2215 1645 fu-

339 1683 468 1738 tilia
494 1699 619 1736 esse
645 1679 922 1754 nihilique
949 1677 1233 1748 facienda,
1254 1675 1405 1751 quod
1428 1677 1489 1731 in
1506 1679 1706 1750 jeJuna
1728 1675 2053 1732 subtilitate
2077 1691 2215 1730 ver-

342 1774 560 1835 sentur,
587 1772 646 1818 et
658 1761 846 1832 fidem
871 1770 1042 1837 atque
1067 1777 1257 1816 mores
1276 1756 1733 1815 Christianorum
1759 1775 1874 1814 non
1902 1759 2213 1835 attingant.

341 1847 506 1913 Quod
555 1855 858 1921 utrumque
911 1853 969 1900 et
1018 1862 1219 1919 parum
1264 1851 1434 1899 acute
1488 1842 1699 1898 dicitur
1748 1850 1805 1896 et
1838 1842 2011 1896 etiam
2044 1842 2213 1898 falso.

343 1929 573 1987 Tritum
595 1938 684 1987 est
707 1928 1100 2004 proverbium,
1130 1925 1279 2002 quod
1304 1927 1427 1982 sine
1456 1925 1768 1981 acerbitate
1792 1927 1853 1980 in
1878 1927 2215 1981 memoriam

339 2022 672 2070 revocatum
698 2014 897 2068 velim:
943 2019 1124 2065 artem
1149 2026 1266 2063 non
1290 2006 1499 2063 habere
1524 2026 1769 2079 osorem,
1796 2010 1910 2063 nisi
1936 2009 2215 2083 ignoran-

343 2108 476 2149 tem.
559 2092 864 2168 Nunquam
891 2093 1044 2147 enim
1072 2099 1230 2145 certo
1255 2090 1510 2163 praedici
1534 2099 1751 2163 potest,
1789 2108 1863 2145 an
1887 2092 1948 2145 in
1974 2093 2215 2147 melete-

341 2176 588 2233 mutibus
627 2176 844 2231 criticis
881 2174 1052 2228 lectio
1097 2174 1288 2247 aliqua
1336 2191 1464 2227 cum
1506 2173 1865 2248 dogmatibus
1904 2172 2100 2229 futura
2134 2176 2217 2229 sit

341 2262 682 2333 conjuncta,
717 2275 792 2312 an
827 2264 992 2311 extra
1027 2256 1295 2331 dogmata
1331 2257 1393 2310 in
1422 2273 1634 2331 genere
1660 2255 1885 2311 dicendi
1912 2256 1989 2311 sit
2014 2275 2214 2312 versa-

339 2351 487 2397 tura.
571 2337 778 2395 Utrum
805 2338 1058 2409 accidat,
1093 2338 1353 2413 sequitur
1380 2356 1454 2393 ex
1479 2347 1684 2394 natura
1710 2339 1825 2407 rei,
1859 2354 1975 2401 non
2002 2358 2077 2395 ex
2102 2358 2212 2394 vo-

339 2426 560 2480 luntate
591 2424 708 2478 viri
745 2422 979 2477 cordati.
1065 2419 1247 2475 Nemo
1283 2440 1419 2475 vere
1463 2422 1699 2477 criticus
1730 2418 1873 2477 haec
1909 2423 2050 2478 talia
2088 2431 2214 2477 stu-

341 2508 500 2563 diose
526 2514 798 2582 quaeret3
847 2503 946 2559 sed
969 2506 1020 2559 si
1043 2522 1118 2559 ex
1146 2502 1471 2579 dogmatico
1500 2521 1711 2579 genere
1738 2503 2011 2577 quaedam
2038 2507 2093 2559 ei
2122 2506 2214 2559 os-

341 2592 600 2647 ferentur
646 2581 830 2665 (quod
868 2586 996 2642 fieri
1037 2604 1174 2641 sane
1217 2583 1469 2666 potest),
1527 2586 1861 2659 dijudicabit
1910 2587 2097 2643 studio
2152 2596 2215 2643 et

341 2690 533 2729 amore
596 2669 987 2728 dilucidandae
1044 2670 1331 2728 veritatis.
1429 2667 1651 2725 Nititur
1708 2668 1933 2744 quidem
1960 2702 1963 2707 -
1998 2670 2212 2746 religio

337 2753 560 2810 Christi
587 2757 648 2811 in
676 2754 881 2810 animis
907 2750 1201 2808 hominum
1225 2751 1517 2825 praeclaro
1544 2750 1929 2808 fundamento.
2009 2750 2214 2809 Potest

339 2846 532 2891 tamen
571 2846 630 2891 et
663 2836 804 2892 haee
839 2836 1078 2891 firmitas
1115 2836 1316 2911 augeri
1341 2836 1595 2891 externis
1612 2835 1943 2891 sationibus
1971 2836 2210 2891 criticis.

340 2918 508 2983 Quod
547 2927 738 2973 autem
784 2920 854 2974 de
893 2916 1226 2974 subtilitate
1268 2914 1431 2973 haud
1454 2917 1783 2988 fructuosa
1832 2919 2110 2973 ecclesiae
2152 2929 2213 2973 et

340 3002 526 3057 literis
561 3000 759 3055 dicunt
791 3002 1049 3057 ⁴virorum
1081 3001 1144 3055 in
1186 2999 1356 3055 rebus
1404 3002 1623 3056 criticis
1672 2998 2095 3071 desudantium,
2152 3001 2212 3055 id

339 3083 594 3159 profecto
623 3082 898 3139 absonum
929 3093 1047 3153 est,
1089 3085 1363 3158 ignavum
1398 3093 1457 3139 et
1483 3082 1807 3139 Christiano
1847 3082 2077 3139 homine
2117 3084 2211 3139 in-

341 3169 594 3243 diguum.
678 3163 828 3220 Nam
870 3167 1093 3219 etiamsi
1131 3168 1290 3221 nulla
1331 3165 1642 3241 dogmatici
1665 3174 1765 3221 aut
1794 3164 1969 3221 ethici
1993 3165 2208 3239 ponde-

339 3252 422 3305 ris
451 3246 726 3323 speranda
753 3256 902 3303 esset
927 3247 1176 3303 varietas
1204 3250 1491 3318 lectionis,
1510 3257 1702 3304 tamen
1728 3266 1934 3322 operae
1962 3250 2210 3322 pretium

476 3433 530 3488 1)
567 3431 708 3483 Quae
730 3429 939 3487 primum
962 3428 1148 3486 prodiit
1166 3429 1341 3475 Ber-01.
1364 3432 1507 3476 1831.
1532 3434 1575 3475 8.
1600 3432 1916 3489 stereotypis.
