2376 3925
275 191 343 244 96

347 296 429 340 39.
447 293 519 338 Et
533 294 672 339 stans
685 303 837 349 super
853 289 1011 350 illam,
1023 290 1184 348 impe-

873 185 1157 238 LUCAS.
1232 184 1404 237 cAP.
1439 185 1492 235 4.
1513 185 1563 236 5.

1323 292 1371 334 4.
1408 289 1474 334 Ut
1491 288 1716 335 cessavit
1731 289 1899 334 autem
1916 289 2080 351 loqui,
2093 291 2172 338 di·-

278 361 418 408 tavit
431 359 675 418 febri;.et
694 357 883 404 dimisit
898 356 1053 403 illam.
1120 356 1190 402 Et
1256 356 1337 402 xit
1363 355 1428 400 ad
1455 355 1738 402 Simonem:
1775 355 1886 402 Duc
1913 356 1972 402 in
1989 358 2171 406 altum!

280 428 525 476 continno
544 439 776 485 surgens,
787 424 1107 472 ministrabat
1122 422 1187 469 il-
1259 425 1310 470 et
1319 422 1492 470 laxate
1500 423 1632 469 retia
1641 422 2172 482 vestraincapturam.

282 496 362 542 lis.

346 563 430 608 40.
468 563 593 608 Cum
610 563 777 608 autem
801 560 883 606 sol
903 557 1187 616 occidisset,

281 641 475 689 omnes,
488 629 575 687 qui
593 628 842 676 habebant
858 627 1083 672 infirmos
1094 637 1188 670 va-

278 698 373 744 riis
399 697 757 756 languoribus,
796 693 1045 740 ducebant
1070 690 1187 738 illos

283 765 347 811 ad
365 778 494 811 eum.
564 764 631 808 At
658 762 747 808 ille
777 759 993 818 singulis
1010 772 1190 805 manus

282 833 569 891 imponens,
590 829 797 875 curabat
815 840 921 874 eos.

348 901 431 946 41.
465 897 694 944 Exibant
726 897 895 941 autem
924 892 1192 940 daemonia

284 980 315 1013 a
338 965 535 1024 multis,
567 962 836 1010 clamantia
863 962 917 1008 et
942 960 1187 1008 dicentia:

284 1033 418 1086 Quia
442 1034 500 1077 tu
527 1044 582 1077 es
608 1029 771 1075 Filius
800 1027 921 1074 Dei!
950 1029 1003 1074 et
1018 1028 1191 1074 incre-

282 1111 407 1159 pans
419 1129 435 1158 ,
454 1111 563 1143 non
582 1097 779 1144 sinebat
798 1109 858 1142 ea
874 1095 1043 1154 loqui,
1074 1092 1192 1152 quia

284 1166 525 1224 sciebant,
546 1164 711 1222 ipsum
730 1177 843 1210 esse
864 1163 1132 1209 Christum.

345 1235 429 1279 42.
464 1225 494 1264 ἆ
502 1233 657 1279 Facta
667 1233 834 1278 autem
854 1231 935 1277 die
955 1242 1192 1289 egressus

282 1303 388 1349 ibat
404 1301 460 1348 in
480 1300 733 1346 desertum
751 1299 937 1359 locum,
952 1301 1003 1345 et
1014 1299 1192 1344 turbae

280 1368 609 1426 requirebant
622 1381 752 1426 eum,
767 1369 819 1412 et
830 1366 1087 1414 venerunt
1102 1377 1193 1410 us-

280 1449 379 1493 que
406 1435 470 1480 ad
497 1435 689 1492 ipsum3
728 1435 779 1478 et
806 1433 1100 1480 detinebant
1126 1431 1192 1477 il-

280 1503 401 1560 lum,
420 1513 487 1546 ne
506 1499 791 1546 discederet
808 1501 869 1546 ab
890 1501 980 1546 eis.

348 1569 429 1614 43.
469 1567 661 1621 Quibus
698 1565 788 1612 ilie
826 1567 922 1613 ait:
972 1565 1105 1620 Quia
1143 1568 1196 1612 et

282 1636 397 1682 aliis
416 1635 703 1682 civitatibus
716 1636 921 1692 oportet
936 1648 1018 1681 me
1030 1646 1193 1680 evan-

284 1704 507 1763 gelizare
534 1716 749 1762 regnum
774 1701 898 1760 Dei3
931 1701 1049 1759 quia
1074 1700 1191 1748 ideo

279 1771 461 1818 missus
480 1784 606 1816 sum.

346 1841 431 1885 44.
463 1839 533 1884 Et
544 1839 655 1885 erat
662 1838 960 1896 praedicans
972 1838 1026 1884 in
1036 1850 1191 1897 syna-

282 1907 429 1967 gogis
448 1905 721 1953 Galilaeae.

585 2037 756 2089 CAP.
814 2038 881 2087 V.

281 2130 418 2172 Jesus
436 2131 484 2171 in
502 2126 719 2169 navicula
736 2126 868 2170 Petri
888 2128 1059 2171 doctor.
1109 2127 1191 2171 Pi-

282 2186 429 2229 scatio
448 2182 746 2225 admirabilis.
806 2184 1001 2239 Lepi-osi
1028 2188 1077 2226 et
1096 2182 1192 2227 Pa-

280 2240 465 2294 ralytici
484 2238 681 2281 bominis
706 2240 895 2281 curatio.
929 2238 1192 2285 Matthaeus

373 2300 563 2339 vocatur
578 2294 637 2337 ad
654 2294 856 2339 officium
880 2294 1095 2351 apostoli.

334 2394 396 2453 1.
424 2390 632 2438 Factum
651 2390 728 2436 est
746 2390 928 2449 autem,
950 2404 1064 2437 cum
1080 2392 1193 2437 tur-

281 2462 377 2507 bae
396 2460 655 2505 irruerent
672 2458 724 2504 in
746 2461 943 2517 eum,ut
958 2458 1194 2505 audirent

282 2530 495 2576 verbum
512 2526 636 2585 Dei,
668 2526 719 2571 et
736 2525 845 2583 ipse
866 2527 1028 2573 stabat
1044 2538 1191 2573 secus

284 2598 519 2655 stagnum
539 2592 869 2639 Genesareth.

348 2664 395 2707 2.
430 2660 666 2707 clm-vidit
676 2660 797 2707 duas
815 2673 977 2706 naves
997 2662 1190 2707 stantes

282 2741 427 2773 secus
446 2731 703 2787 stagnum3
724 2725 1005 2787 piscatores
1024 2730 1192 2774 autem

274 2794 663 2855 descenderant,
685 2799 737 2843 et
754 2796 995 2843 lavabant
1008 2794 1155 2841 retia.

349 2862 395 2905 3.
432 2861 735 2925 Αιοεηᾶεῃε,
761 2866 929 2911 autem
954 2863 1010 2909 in
1035 2876 1190 2909 unam

278 2928 468 2985 navim,
488 2940 617 2983 quae
636 2933 747 2975 erat·
764 2930 985 2977 Simonis
997 2960 1012 2990 ,
1031 2943 1188 2989 roga-

281 2995 361 3041 vit
386 3007 502 3041 eum
528 3006 559 3038 a
584 2995 724 3041 terra
748 2997 995 3045 reducere
1025 2997 1188 3056 pusil-

279 3063 410 3120 lum;
440 3063 491 3108 et
518 3060 700 3108 sedens
720 3062 933 3112 docebat
951 3066 1011 3112 de
1037 3065 1187 3111 navi-

281 3130 395 3177 cula
412 3130 600 3175 turbas.

322 3224 343 3252 ¹!
359 3236 399 3263 v.
425 3226 620 3262 42—44.
652 3223 782 3261 Mare.
815 3229 853 3269 1,
878 3229 1047 3265 35—39.
1110 3235 1127 3255 θ
1145 3239 1184 3265 v.

1325 493 1372 536 5.
1407 490 1478 536 Et
1491 490 1814 547 respondens
1827 491 2026 553 Simon,
2039 493 2176 540 dixit

1255 557 1359 604 illi:
1399 556 1732 615 Praeceptor!
1763 571 1858 616 per
1885 561 2047 606 totam
2073 574 2175 607 no-

1259 629 1389 672 ctem
1405 623 1698 672 laborantes
1713 655 1727 684 ,
1756 625 1892 672 nibil
1920 626 2173 686 cepimus3

1257 693 1312 739 in
1331 694 1493 738 verbo
1513 694 1684 760 autem
1702 694 1794 738 tuo
1817 692 2010 740 laxabo
2027 697 2158 742 rete.

1325 762 1372 805 6.
1407 760 1479 806 Et
1495 773 1609 806 cum
1626 759 1725 806 hoc
1743 761 2018 821 fecissent,
2049 775 2175 808 con-

1258 825 1522 873 cluserunt
1555 826 1768 885 piscium
1802 828 2178 876 multitudinem

1259 894 1536 953 copiosam,
1554 895 1886 952 rumpebatur
1902 899 2075 943 autem
2089 909 2174 944 re-

1257 963 1312 1008 te
1331 974 1523 1008 eorum.

1327 1030 1374 1075 7.
1409 1029 1480 1075 Et
1523 1030 1816 1075 annuerunt
1858 1030 2042 1091 sociis,
2093 1034 2180 1090 qui

1261 1098 1410 1142 erant
1426 1096 1482 1141 in
1501 1095 1603 1142 alia
1620 1097 1760 1156 navi,
1771 1099 1830 1142 ut
1845 1097 2106 1159 venirent,
2124 1102 2180 1146 et

1260 1163 1567 1222 adjuvarent
1583 1177 1690 1210 eos.
1742 1165 1814 1211 Et
1829 1168 2102 1225 venerunt,
2126 1172 2182 1212 et

1260 1230 1604 1290 impleverunt
1655 1232 1826 1278 ambas
1888 1232 2177 1293 naviculas,

1260 1299 1333 1344 ita
1349 1300 1408 1344 ut
1423 1312 1556 1356 pene
1573 1301 1945 1358 mergerentur.

1328 1368 1377 1412 8.
1415 1365 1563 1419 Quod
1601 1380 1714 1412 cum
1757 1367 1962 1414 videret
1999 1368 2180 1415 Simon

1260 1434 1468 1493 Petrus,
1497 1433 1717 1491 procidit
1741 1433 1804 1479 ad
1830 1447 2004 1491 genua
2029 1435 2177 1496 Jesu,

1262 1500 1434 1546 dicens
1447 1501 1578 1550 :Exi
1598 1515 1626 1546 a
1644 1515 1738 1560 me,
1751 1499 1866 1558 quia
1878 1500 2038 1548 homo
2051 1517 2179 1562 pec-

1262 1570 1404 1615 cator
1425 1581 1551 1626 sum,
1572 1565 1810 1614 Domine!

1329 1638 1376 1680 9.
1413 1636 1602 1693 Stupor
1621 1635 1753 1682 enim
1771 1634 2183 1684 circumdederat

1262 1717 1392 1762 eum,
1407 1704 1459 1750 et
1476 1715 1671 1762 omnes,
1683 1702 1769 1761 qui
1779 1715 1890 1749 cum
1901 1703 1997 1750 illo
2011 1709 2180 1766 erant,

1261 1771 1316 1816 in
1346 1772 1556 1828 captura
1580 1771 1822 1831 piscium,
1851 1783 2006 1828 quam
2024 1785 2177 1832 cepe-

1261 1839 1395 1898 rant,

1329 1907 1412 1952 1⁰.
1446 1905 1680 1952 similiter
1709 1908 1880 1953 autem
1907 1908 2176 1969 Jacobum,

1263 1976 1314 2020 et
1330 1976 1362 2019 J
1365 1986 1583 2021 oannem
1595 2004 1610 2033 ,
1639 1974 1773 2020 filios
1793 1974 2060 2035 Zebedaei,
2085 1978 2179 2035 qui

1262 2043 1410 2088 erant
1439 2041 1568 2089 socii
1600 2042 1840 2088 Simonis.
1909 2042 1980 2089 Et
2003 2044 2078 2090 ait
2113 2044 2180 2091 ad

1263 2108 1518 2156 Simonem
1538 2109 1712 2156 Jesus:
1741 2110 1866 2156 Noli
1882 2110 2084 2157 timere!
2107 2124 2180 2158 ex

1259 2176 1358 2222 hoc
1372 2176 1480 2235 J‘am
1496 2176 1728 2222 homines
1751 2177 1854 2223 eris
1874 2178 2098 2235 capiens.

1327 2245 1408 2289 11.
1426 2244 1496 2291 Et
1514 2244 1772 2291 subductis
1789 2244 1854 2291 ad
1872 2246 2063 2291 terram
2080 2259 2178 2293 na-

1259 2311 1426 2370 vibus,
1478 2310 1674 2358 relictis
1723 2310 1958 2359 omnibus
2012 2314 2178 2361 secuti

1261 2379 1382 2425 sunt
1400 2392 1531 2425 eum.

1327 2447 1408 2491 12.
1441 2436 1480 2485 f
1487 2445 1558 2493 Et
1575 2446 1763 2494 factum
1782 2449 1883 2506 est,
1907 2462 2021 2495 cum
2039 2450 2180 2496 esset

1258 2513 1314 2559 in
1329 2526 1434 2559 una
1453 2513 1729 2575 civitatum,
1751 2516 1804 2561 et
1821 2528 1940 2561 ecce
1959 2516 2042 2561 vir
2059 2516 2175 2574 ple-

1257 2594 1356 2627 nus
1387 2580 1548 2641 lepra,
1587 2582 1640 2628 et
1677 2581 1859 2628 videns
1888 2583 2080 2641 Iesum,
2123 2587 2180 2630 et

1257 2648 1531 2707 procidens
1541 2648 1804 2709 infaciem,
1817 2650 2028 2708 rogavit
2037 2664 2174 2710 eum,

1261 2716 1460 2763 dicens:
1480 2715 1726 2763 Domine!
1749 2716 1794 2762 si
1810 2716 1910 2776 vis,
1921 2720 2071 2775 potes
2091 2732 2172 2765 me

1257 2783 1517 2829 mundare.

1325 2852 1406 2896 13.
1425 2851 1495 2897 Et
1511 2851 1796 2899 extendens
1814 2864 2035 2911 manum,
2047 2854 2174 2899 teti-

1258 2918 1332 2975 git
1359 2932 1500 2977 eum,
1533 2918 1729 2965 dicens:
1759 2917 1926 2977 Volo;
1955 2920 2178 2967 munda-

1255 2984 1336 3031 re!
1367 2985 1436 3031 Et
1461 2986 1728 3033 confestim
1760 2984 1907 3043 lepra
1936 2986 2180 3035 discessit

1258 3054 1319 3099 ab
1339 3051 1449 3098 illo.

1323 3120 1403 3165 14.
1437 3118 1507 3165 Et
1523 3119 1632 3178 ipse
1659 3119 1922 3179 praecepit
1936 3118 2086 3180 illis,
2119 3125 2186 3171 ut

1300 3225 1328 3259 f
1342 3238 1384 3264 v.
1403 3230 1573 3265 12—16.
1591 3228 1738 3267 Matth.
1757 3231 1795 3272 8,
1815 3231 1941 3265 1—4.
1977 3228 2114 3267 Maro.
2136 3236 2179 3276 1,

275 3275 423 3310 2-11-
441 3270 588 3309 Matth.
604 3272 645 3314 4,
662 3273 835 3309 18-22.
850 3272 978 3310 Marc.
995 3277 1032 3315 1,
1051 3276 1183 3311 6—20.
1251 3276 1427 3311 40-45,
1474 3279 1500 3309 ε
1515 3274 1664 3314 Matar.
1681 3279 1720 3319 8,
1737 3277 1777 3313 4.

393 3418 507 3473 Cap.
538 3416 622 3461 IV.
679 3422 749 3459 4ο.
781 3430 879 3460 cum
907 3418 977 3461 sol
1010 3424 1175 3463 autem.
1233 3425 1306 3464 41.
1332 3422 1553 3466 exiebant
1580 3424 1731 3467 etiam.
1846 3424 1906 3467 V.

1963 3429 2007 3467 2.
2037 3424 2184 3470 lava-

278 3472 391 3515 bant
410 3480 663 3516 correctum
681 3480 752 3516 est
766 3473 819 3517 iu
836 3472 1067 3517 levabant.
1125 3480 1168 3517 3.
1199 3488 1358 3519 navem
1379 3476 1472 3530 (ita
1489 3478 1699 3534 semper).
1759 3483 1800 3523 7.
1829 3482 1898 3524 ita
1922 3485 1976 3523 ut
1992 3494 2183 3536 merge·

280 3530 452 3570 rentur.
513 3532 580 3571 11.
609 3526 755 3571 illum·
817 3532 883 3573 12.
916 3535 963 3575 et
981 3532 1175 3584 rogavit.
1237 3534 1304 3574 1³.
1342 3532 1497 3586 tetigit
1513 3532 1657 3576 illum.
