2376 3925
308 164 376 212 14

377 266 458 310 10.
492 264 563 308 Et
579 265 764 310 factum
783 264 860 308 est
874 260 1215 306 discumbente

311 343 373 377 eo
393 330 448 376 in
467 330 635 388 domo,
646 343 764 375 ecce
781 328 926 373 multi
943 325 1213 386 publicani,

313 400 364 445 et
379 399 672 456 peccatores
690 395 975 454 venientes,
997 395 1213 440 discum-

309 466 495 511 bebant
529 477 642 510 cum
673 464 822 522 Jesu,
873 464 926 509 et
959 459 1214 519 discipulis

313 545 357 589 e]
365 543 437 576 us.

378 599 458 642 11.
492 596 562 642 Et
576 597 809 644 videntes
828 592 1116 651 Pharisaei,
1137 591 1215 638 di-

313 667 494 711 cebant
539 664 796 721 discipulis
845 662 980 718 ejus:
1047 659 1216 712 Quare

313 745 426 779 cum
452 731 730 790 publicanis
761 731 812 776 et
831 727 1217 786 peccatoribus⁰

311 799 578 846 manducat
594 797 837 854 Magister
857 794 1060 841 vester?

381 869 459 912 12.
495 866 716 910 AtJesus
737 861 962 921 audiens,
983 862 1077 908 ait:
1097 861 1216 906 Non

313 939 390 980 est
411 946 535 990 opus
557 930 838 977 valentibus
856 929 1105 988 medicus,
1127 927 1218 975 sed

312 1001 442 1047 male
461 999 771 1044 habentibus.

379 1069 458 1112 13.
493 1065 687 1112 Euntes
707 1065 873 1110 autem
893 1063 1086 1121 discite,
1098 1061 1219 1118 quid

315 1137 416 1180 est:
439 1131 877 1192 „Misericordiam
895 1131 1036 1189 volo,
1051 1132 1217 1176 etnon

313 1201 612 1247 sacrificium
620 1198 707 1246 P.“
775 1199 894 1244 Non
931 1198 1064 1244 enim
1094 1196 1219 1242 veni

309 1281 499 1315 vocare
514 1267 699 1327 justos,
723 1266 814 1313 sed
830 1267 1141 1323 peccatores.

379 1337 460 1382 14.
498 1337 642 1382 Tunc
661 1334 986 1381 accesserunt
1013 1331 1076 1378 ad
1103 1343 1219 1377 eum

314 1402 546 1461 discipuli
554 1402 785 1460 Ioannis,
808 1401 1055 1446 dicentes:
1079 1400 1216 1451 Qua-

311 1484 371 1517 re
389 1482 512 1528 nos,
534 1470 587 1514 et
611 1467 902 1526 Pharisaei,
927 1467 1216 1524 jeJunamus

312 1537 632 1594 frequentet-3
673 1533 906 1592 discipuli
941 1536 1107 1579 autem
1141 1532 1219 1578 tui

312 1616 420 1650 non
435 1602 700 1661 jejunant?

380 1673 462 1717 15.
495 1670 563 1716 Et
581 1670 652 1717 ait
669 1668 770 1715 illis
782 1669 928 1714 Jesus
942 1679 954 1713 :
968 1665 1217 1722 Numquid

310 1739 526 1798 possunt
541 1738 632 1784 filii
651 1736 826 1795 sponsi
835 1735 1028 1794 lugere,
1041 1747 1218 1791 quam-

313 1807 399 1854 diu
419 1819 531 1853 cum
548 1804 650 1852 illis
678 1806 756 1852 est
773 1803 1021 1862 sponsus?
1057 1801 1217 1848 Veni-

313 1877 402 1922 ent
418 1875 584 1920 autem
604 1872 727 1932 dies,
749 1885 860 1918 cum
879 1871 1137 1917 auferetur
1155 1871 1218 1916 ab

313 1941 388 1989 eis
407 1953 651 2000 sponsus;
673 1943 724 1988 et
740 1940 859 1986 tunc
874 1938 1193 1997 jejunabunt.

379 2028 460 2071 16.
494 2026 656 2072 Nemo
669 2026 834 2069 autem
845 2022 1066 2067 immittit
1077 2034 1217 2067 com-

311 2093 578 2139 missuram
613 2090 770 2148 panni
803 2088 944 2133 rudis
973 2089 1026 2133 in
1057 2088 1219 2134 vesti-

310 2158 534 2205 mentum
551 2158 725 2214 vetus3
745 2154 880 2200 tollit
899 2154 1032 2200 enim
1050 2154 1219 2215 pleni-

313 2224 538 2272 tudinem
557 2223 666 2281 ejus
686 2236 717 2267 a
730 2222 1054 2282 vestimento,
1066 2224 1117 2269 et
1126 2235 1219 2279 pe-

310 2293 398 2350 jor
417 2289 636 2337 scissura
655 2290 723 2336 fit.

381 2360 462 2404 17.
495 2358 671 2414 Neque
688 2356 891 2401 mittunt
918 2356 1093 2402 vinum
1118 2370 1218 2402 no-

312 2438 433 2474 vum
460 2424 514 2472 in
548 2427 688 2471 utres
725 2425 954 2482 veteres3
993 2424 1220 2481 alioquin

310 2494 610 2553 rumpuntur
629 2494 785 2549 utres,
799 2492 850 2537 et
862 2490 1034 2537 vinum
1053 2492 1219 2538 effun-

314 2562 464 2621 ditur,
485 2561 682 2607 etutres
693 2560 924 2617 pereunt,
941 2559 1031 2605 sed
1044 2560 1220 2605 vinum

312 2642 503 2676 novum
521 2624 577 2674 in
593 2630 731 2675 utres
750 2637 918 2671 novos
935 2626 1155 2687 mittunt,
1169 2628 1221 2672 et

315 2698 459 2743 ambo
481 2695 864 2743 conservantur.

382 2764 464 2807 18.
497 2768 521 2805 9
529 2764 668 2811 Haec
677 2760 768 2808 illo
782 2758 1023 2819 loquente
1034 2758 1098 2804 ad
1109 2771 1217 2818 eos,

317 2826 459 2875 ecce!
487 2830 724 2888 princeps
749 2840 881 2875 unus
906 2827 1147 2885 accessit,
1169 2827 1222 2873 et

315 2895 558 2941 adorabat
584 2910 724 2955 eum,
746 2896 944 2942 dicens:
980 2894 1219 2953 Domine,

315 2962 420 3009 filia
436 2974 549 3007 mea
573 2962 723 3007 modo
746 2961 980 3009 defuncta
999 2964 1100 3009 est:
1131 2961 1223 3007 sed

315 3028 456 3089 veni,
475 3028 678 3086 impone
696 3040 897 3076 manum
914 3032 1052 3075 tuam
1069 3041 1222 3088 super

319 3110 445 3156 eam,
467 3096 520 3143 et
534 3095 693 3141 vivet.

365 3200 382 3220 ⁰
402 3204 437 3228 c.
455 3196 516 3234 11,
533 3195 592 3229 19.
613 3189 714 3229 Luc.
731 3192 792 3233 15,
809 3194 846 3228 2.
883 3195 943 3233 19,
961 3194 997 3229 7.
1059 3199 1084 3226 P
1104 3204 1139 3229 c.
1158 3196 1220 3237 12,

315 3244 352 3279 7.
380 3242 443 3281 23,
461 3242 520 3276 23.
551 3237 654 3273 Hos.
671 3240 710 3279 6,
729 3240 767 3273 6.
799 3240 822 3273 1
838 3236 898 3272 Re
925 3263 934 3273 .
953 3239 1014 3279 15,
1032 3239 1093 3273 22.
1141 3246 1158 3275 ⁴1
1177 3252 1219 3275 ν.

315 3287 480 3325 18—26.
507 3284 633 3321 Marc.
651 3285 868 3327 ⁵,22-4e-
935 3285 1220 3326 uc.8,4l—56.

809 157 1349 211 MATTHAEUS.
1421 156 1591 207 cAP.
1630 156 1679 207 9.

1350 259 1430 304 19.
1458 257 1527 303 Et
1536 271 1749 316 surgens
1759 259 1790 303 J
1790 271 1923 316 esus,
1937 261 2200 315 sequeba-

1282 327 1365 371 tur
1384 337 1514 383 eum,
1537 327 1590 370 et
1607 324 1839 382 discipuli
1856 325 1983 381 ejus.

1349 405 1431 449 20.
1464 403 1536 450 Et
1553 418 1671 451 ecce
1689 404 1897 463 mulier,
1919 417 2047 462 quae
2065 419 2199 451 san-

1283 471 1450 529 guinis
1478 473 1670 516 fluxum
1687 471 1967 528 patiebatur
1993 471 2197 518 duode-

1284 537 1381 584 cim
1399 538 1564 598 annis,
1585 539 1801 584 accessit
1815 541 1975 599 retro,
1998 542 2049 584 et
2064 540 2209 585 teti-·

1284 605 1358 664 git
1374 605 1617 652 fimbriam
1634 605 1925 652 vestimenti
1942 605 2067 662 ejus.

1349 686 1431 730 21.
1466 685 1679 732 Dicebat
1706 684 1841 731 enim
1867 685 2001 731 intra
2019 697 2103 733 se:
2135 687 2195 733 Si

1281 753 1500 811 tetigero
1570 754 1765 799 tantum
1833 752 2195 799 vestimentum

1284 820 1413 879 ejus,
1436 819 1580 866 salva
1600 833 1690 866 ero
1704 825 1741 865 r,

1349 889 1429 932 22.
1466 888 1532 933 At
1548 889 1580 932 J
1582 900 1696 933 esu
1718 899 2015 947 conversus,
2036 889 2086 934 et
2104 888 2189 933 vi-

1286 953 1409 1000 dens
1437 966 1564 1013 eam,
1603 953 1758 999 dixit:
1799 953 2023 1014 confide,
2060 954 2188 1000 filia!

1284 1021 1405 1068 fides
1424 1023 1511 1066 tua
1527 1024 1577 1066 te
1596 1020 1790 1066 salvam
1807 1021 1971 1068 fecit⁸.
2004 1021 2075 1067 Et
2084 1021 2189 1068 sal-

1284 1101 1352 1134 va
1370 1089 1503 1134 facta
1522 1090 1601 1134 est
1616 1087 1795 1134 mulier
1817 1099 1885 1134 ex
1901 1087 1990 1134 illa
2006 1088 2153 1136 hora.

1351 1173 1433 1217 23.
1468 1169 1538 1217 Et
1564 1186 1678 1218 cum
1703 1171 1931 1218 venisset
1955 1173 2103 1218 Jesus
2135 1173 2191 1218 in

1286 1239 1486 1285 domum
1503 1238 1764 1299 principis,
1778 1241 1829 1285 et
1838 1238 2049 1284 vidisset
2064 1239 2189 1286 tibi-

1286 1307 1425 1352 cines
1444 1305 1461 1335 t
1489 1308 1541 1352 et
1564 1308 1761 1354 turbam
1785 1305 2187 1366 tumultuantem,

1285 1373 1504 1420 dicebat:

1352 1442 1432 1486 24.
1467 1439 1729 1488 Recedite!
1775 1455 1882 1487 non
1926 1443 2005 1488 est
2050 1441 2189 1488 enim

1284 1509 1482 1554 mortua
1500 1508 1692 1567 puella,
1714 1509 1804 1555 sed
1820 1508 2052 1555 domitu.
2120 1509 2190 1554 Et

1286 1574 1580 1621 deridebant
1598 1589 1725 1622 eum.

1351 1644 1431 1688 25.
1465 1641 1535 1688 Et
1552 1657 1665 1689 cum
1684 1643 1846 1701 ejecta
1870 1643 2004 1689 esset
2019 1644 2187 1702 turba,

1284 1709 1520 1769 intravit,
1560 1713 1613 1756 et
1637 1709 1801 1756 tenuit
1826 1723 2026 1757 manum
2054 1711 2185 1770 eJus,

1285 1779 1337 1824 et
1354 1777 1580 1823 surrexit
1598 1777 1781 1835 puella.

1350 1846 1432 1890 26.
1466 1845 1534 1890 Et
1554 1844 1683 1890 exiit
1706 1845 1837 1890 fama
1854 1844 1979 1891 haec
1997 1844 2053 1890 in
2074 1845 2187 1891 uni-

1284 1924 1486 1958 versam
1502 1914 1687 1958 terram
1706 1911 1845 1957 illam
1855 1918 1893 1957 ν.

1351 1982 1432 2025 27.
1466 1980 1537 2025 Et
1560 1981 1853 2026 transeunte
1890 1979 2009 2026 inde
2045 1981 2188 2040 Jesu‚

1286 2046 1446 2092 secuti
1474 2049 1592 2092 sunt
1620 2060 1734 2092 eum
1760 2046 1859 2093 duo
1890 2047 2057 2105 caeci,
2080 2047 2187 2094 cla-

1283 2116 1478 2159 mantes
1491 2144 1505 2172 ,
1545 2116 1597 2159 et
1641 2113 1889 2161 dicentes:
1934 2114 2187 2161 Miserere

1284 2179 1467 2240 nostri,
1488 2180 1561 2226 fili
1577 2180 1763 2227 David!

1351 2249 1431 2295 28.
1470 2248 1594 2294 Cum
1632 2252 1797 2295 autem
1829 2248 2058 2296 venisset
2096 2249 2190 2295 do-

1284 2328 1442 2375 mum,
1474 2318 1797 2362 accesserunt
1821 2315 1885 2361 ad
1902 2330 2016 2362 eum
2036 2318 2191 2365 caeci.

1283 2382 1352 2427 Et
1370 2382 1493 2429 dicit
1510 2382 1583 2429 eis
1602 2384 1633 2428 J
1637 2396 1777 2429 esu:
1799 2383 2042 2443 Creditis,
2074 2384 2193 2441 quia

1283 2449 1381 2496 hoe
1401 2463 1607 2507 possum
1624 2450 1794 2497 facere
1813 2450 2195 2498 vobis‘ssDicunt

1286 2516 1359 2563 ei:
1380 2516 1581 2577 Utique,
1600 2516 1842 2564 Domine!

1350 2585 1433 2631 29.
1470 2585 1613 2631 Tunc
1623 2584 1789 2643 tetigit
1800 2584 1975 2631 oculos
1992 2598 2193 2646 eorum,

1286 2650 1483 2697 dicens:
1505 2652 1790 2699 Secundum
1806 2652 1953 2699 fidem
1972 2654 2197 2701 vestram

1285 2718 1371 2763 fiat
1387 2718 1551 2765 vobis.

1354 2786 1434 2831 30.
1462 2786 1829 2844 Etapertisunt
1839 2786 1975 2833 oculi
1985 2800 2193 2847 eorum3

1287 2853 1339 2898 et
1357 2853 1687 2903 comminatus
1708 2856 1785 2901 est
1801 2854 1903 2901 illis
1923 2855 1954 2899 J
1956 2867 2091 2916 esus,
2114 2855 2195 2901 di-

1287 2932 1433 2966 cens:
1453 2920 1652 2981 Videte,
1672 2936 1739 2969 ne
1758 2922 1867 2978 quis
1888 2922 2080 2967 sciatW.

1355 2988 1435 3033 31.
1469 2988 1552 3034 Illi
1569 2990 1736 3035 autem
1756 2990 2023 3049 exeuntes,
2044 2989 2195 3035 diffa-

1285 3058 1555 3101 maverunt
1572 3069 1681 3101 eum
1702 3056 1757 3101 in
1774 3058 1883 3103 tota
1898 3058 2041 3101 terra
2058 3056 2167 3103 illa.

1331 3156 1351 3175 ¹·
1370 3161 1404 3187 e.
1422 3153 1485 3192 14,
1505 3153 1564 3188 36.
1594 3152 1723 3187 Marc.
1740 3155 1779 3194 3,
1799 3156 1857 3189 10.
1889 3154 1927 3195 6,
1943 3154 2003 3189 56.
2034 3151 2139 3190 Luc.
2156 3157 2199 3196 6,

1286 3199 1347 3233 19.
1394 3201 1411 3221 ⁸
1427 3196 1531 3231 Luc.
1546 3200 1604 3240 17,
1622 3202 1681 3234 19.
1728 3199 1745 3223 t
1758 3201 1783 3232 2
1798 3198 1888 3235 Par.
1906 3200 1967 3238 35,
1984 3200 2044 3236 25.
2064 3197 2146 3235 Jer.
2158 3204 2201 3241 9,

1286 3246 1344 3280 17.
1409 3248 1433 3267 ²⁸
1452 3241 1541 3279 Joh.
1566 3246 1625 3287 11,
1652 3247 1709 3281 11.
1738 3254 1825 3291 sqq.
1888 3244 2026 3281 vLuo.
2061 3248 2099 3288 7,
2134 3250 2201 3282 17.

1286 3294 1321 3314 '⁹
1341 3300 1373 3325 c.
1389 3290 1430 3329 8,
1449 3290 1489 3326 4.

432 3429 548 3483 Cap.
587 3425 676 3470 lx.
744 3430 809 3467 12.
839 3426 1028 3467 medico.
1097 3430 1166 3468 18.
1203 3428 1357 3470 dicens
1394 3429 1825 3473 (omiss.Domine):
1876 3427 1984 3471 ibid.
2020 3441 2203 3471 manum

324 3486 466 3539 (deest
482 3485 645 3538 tuam).
696 3484 748 3523 27
753 3507 765 3520 ·
787 3480 888 3524 filii.
935 3484 1004 3523 28.
1026 3493 1212 3535 possum
1233 3482 1317 3525 hoe
1335 3483 1487 3527 facere
1510 3484 1650 3526 vobis.
1698 3487 1768 3526 30.
1792 3482 1909 3527 oculi
1926 3480 2125 3527 illorum.
