2376 3925
27 3616 234 3891 L

289 246 392 296 264
490 241 716 294 EPIST.
755 238 970 291 PAULI
1007 237 1104 288 AD
1141 231 1585 286 CORINTHIOS
1620 232 1663 281 Ι.
1701 229 1925 281 CAR-3.
1948 231 2001 279 4.

294 349 408 408 „vit
477 345 812 404 cogitationes
875 340 1195 400 sapientium,

295 415 572 475 „quoniam
589 424 752 458 vanae
774 408 926 455 sunt“
939 401 978 453 ὃ.

363 485 444 527 21.
477 482 636 526 Nemo
666 478 836 534 itaque
869 474 1115 535 glorietur
1141 471 1197 516 in

294 548 594 596 hominibus.

361 617 442 660 22.
477 613 660 660 Omnia
695 611 830 658 enim
865 610 1035 654 vestra
1063 605 1197 662 sunt,

295 683 406 730 sive
441 681 654 739 Paulus,
693 679 800 724 sive
836 673 1048 732 Apollo,
1087 671 1198 717 sive

297 750 520 808 cephas,
550 749 658 793 sive
676 743 915 800 mundus,
946 741 1056 786 sive
1078 738 1198 795 vita,

296 819 408 864 sive
425 829 587 873 mors,
615 813 724 859 sive
743 808 1059 868 praesentia,
1088 806 1199 851 sive

297 887 493 940 futura;
509 880 678 928 omnia
689 879 822 924 enim
834 879 1004 922 vestra
1022 875 1141 920 sunt
1149 880 1170 902 0
1184 886 1198 929 ;

365 953 445 997 23.
481 962 573 994 vos
605 948 772 992 autem
799 943 1014 1000 Christi;
1053 940 1199 988 chri-

299 1023 404 1065 stus
424 1019 588 1063 autem
604 1013 703 1059 Dei
711 1004 755 1057 ‘¹-

589 1131 760 1186 GAP.
817 1127 908 1183 lv.

299 1235 404 1279 Non
430 1240 598 1277 temere
620 1231 912 1288 judicandum
939 1232 1010 1272 est
1040 1226 1095 1269 de
1123 1225 1205 1268 mi-

299 1292 457 1335 nistris
493 1291 598 1333 Dei.
664 1288 924 1341 Arguuntur
961 1281 1205 1330 Corinthii,

302 1350 380 1402 qni
411 1349 468 1389 de
493 1347 625 1388 (lonis
649 1344 851 1397 acceptis
881 1340 1205 1394 gloriabantur.

303 1405 448 1446 Addit
464 1399 712 1458 apostolus,
731 1396 994 1440 Corinthum
1011 1409 1060 1438 se
1079 1394 1207 1436 brevi

629 1459 879 1496 venturum.

369 1554 419 1596 1.
455 1550 539 1596 Sic
559 1559 653 1594 nos
673 1545 930 1592 existimet
947 1543 1125 1602 homo,
1151 1543 1211 1587 ut

301 1617 564 1666 ministros
601 1613 834 1671 Christi‘,
866 1613 917 1657 et
943 1611 1209 1670 dispensa-

303 1689 444 1734 tores
461 1682 818 1744 mysteriorum
836 1679 946 1726 Dei.

373 1755 422 1800 2.
455 1753 552 1798 Hic
569 1752 672 1809 jam
681 1748 940 1806 quaeritur
958 1747 1093 1793 inter
1106 1745 1211 1791 dis-

305 1822 625 1881 pensatores,
646 1819 699 1864 ut
717 1807 923 1863 fideliss
931 1815 1044 1872 quis
1062 1814 1213 1860 inve-

303 1890 492 1936 niatur.

377 1959 423 2003 3.
443 1955 568 2003 Mihi
588 1956 754 2001 autem
771 1966 867 2012 pro
887 1951 1095 1997 minimo
1117 1950 1211 2007 est,

305 2026 365 2070 ut
382 2023 566 2069 avobis
582 2022 798 2079 judicer,
811 2022 897 2065 aut
911 2020 972 2064 ab
991 2019 1212 2063 humano

307 2089 416 2145 die3
447 2088 536 2133 sed
555 2100 720 2143 neque
745 2099 823 2132 me
843 2085 1004 2141 ipsum
1020 2083 1212 2140 judico.

375 2158 424 2199 4.
467 2153 608 2198 Nihil
650 2151 786 2197 enim
819 2150 943 2195 mihi
979 2150 1213 2195 conscius

307 2234 445 2277 sum,
474 2219 565 2264 sed
589 2231 698 2263 non
728 2218 781 2262 in
800 2217 900 2263 hoc
912 2217 1213 2273 justificatus

307 2292 458 2335 sume
470 2300 484 2343 ;
498 2285 584 2343 qui
602 2286 770 2331 autem
781 2283 977 2341 judicat
994 2297 1092 2343 me,
1104 2284 1215 2329 Do-

306 2356 474 2403 minus
494 2355 587 2399 est.

374 2421 423 2471 5.
460 2424 633 2479 ltaque
668 2418 830 2465 nolite
865 2420 984 2463 ante
1018 2422 1215 2475 tempus

302 2491 552 2549 judicare,
573 2488 896 2546 quoadusque
917 2486 1088 2531 veniat
1106 2487 1215 2530 Do-

307 2559 492 2615 minus,
506 2557 590 2614 qui
610 2557 661 2602 et
679 2552 981 2600 illuminabit
998 2555 1216 2598 abscon-

310 2618 450 2672 dita}l
477 2625 823 2679 tenebrarum,
845 2623 896 2667 et
922 2620 1216 2665 manifesta-

307 2692 383 2738 bit
401 2691 615 2739 consilia
630 2688 854 2737 cordium
869 2701 883 2744 ς
897 2687 949 2732 et
967 2688 1086 2732 tunc
1105 2686 1215 2731 laus

313 2758 412 2803 erit
429 2759 699 2815 unicuique
719 2770 749 2801 a
769 2756 896 2801 Deo.

379 2826 426 2867 6.
462 2825 600 2870 Haec
619 2826 804 2882 autem,
818 2816 1024 2869 fratres!
1045 2822 1216 2865 trans-

311 2890 526 2947 figuravi
553 2890 607 2935 in
632 2905 713 2937 me
752 2894 804 2937 et
831 2887 1014 2946 Apollo
1027 2882 1060 2946 1',
1091 2899 1215 2944 pro-

309 2960 423 3015 pter
445 2968 564 3013 νοις
588 2959 640 3000 ut
659 2956 712 3003 in
730 2956 879 3003 nobis
899 2954 1128 3013 discatis,
1149 2967 1216 2999 ne

311 3036 465 3082 supra
502 3035 648 3079 quam
683 3023 925 3081 scriptum
953 3024 1046 3081 est,
1087 3034 1215 3067 unus

356 3119 374 3146 ὅ
390 3120 459 3155 Ρσ.
477 3120 539 3161 93,
557 3122 616 3153 11.
664 3122 681 3142 θ
696 3116 815 3152 Rom.
833 3119 870 3160 8,
882 3118 1013 3155 28-38.
1034 3128 1090 3165 sq.
1138 3116 1161 3144 d
1179 3129 1215 3153 c.

308 3171 370 3210 11,
387 3170 426 3204 3.
474 3172 492 3191 θ
511 3176 545 3200 ο.
562 3168 608 3205 3,
625 3165 664 3200 5.
709 3160 737 3195 ἰ
753 3162 854 3198 Luc.
874 3166 920 3199 12
968 3166 1032 3199 42.
1058 3174 1144 3211 sqq.
1191 3168 1218 3199 ὅ

309 3213 380 3250 Ρ..
399 3214 459 3254 18,
478 3215 538 3249 13.
584 3207 606 3236 λ
622 3209 738 3247 nom.
754 3213 793 3252 2,
811 3212 870 3246 16.
916 3187 942 3235 l
952 3220 986 3246 ο.
1003 3214 1042 3253 3,
1059 3214 1098 3251 4.
1115 3214 1152 3248 ⁵.

428 3359 541 3413 cap.
569 3356 658 3400 ΠΙ.
717 3359 786 3396 20.
819 3356 1116 3407 cogitationes
1152 3358 1392 3401 hominum.
1448 3363 1518 3401 21.
1550 3361 1705 3413 itaque
1739 3373 1885 3403 nemo·

1268 337 1508 382 adversus
1520 334 1735 380 alterum
1746 333 1949 378 infletur
1960 345 2061 391 pro
2075 333 2212 379 alio.

1330 404 1378 448 ⁶1.
1425 401 1549 454 Quis
1606 400 1742 446 enim
1794 401 1846 444 te
1901 399 2199 445 discernit?

1266 469 1397 523 Quid
1416 472 1584 514 autem
1603 468 1777 525 habes,
1806 465 1944 523 quod
1960 479 2071 512 non
2090 481 2197 512 ac-

1266 536 1474 594 cepisti?
1500 535 1553 582 Si
1573 536 1739 580 autem
1758 533 2026 593 accepisti,
2061 533 2195 590 quid

1266 603 1523 662 gloriaris,
1544 601 1688 659 quasi
1704 614 1815 646 non
1834 602 2095 659 acceperis
2109 603 2137 646 ἓ

1334 674 1381 715 8.
1417 672 1529 716 Jam
1550 669 1763 716 saturati
1788 669 1913 715 estis
1928 700 1943 728 ,
1968 669 2076 726 jam
2104 668 2196 714 di-

1269 737 1398 784 vites
1431 737 1553 784 facti
1583 737 1732 793 esti-3
1754 735 1885 782 'sine
1914 737 2067 783 nobis
2094 749 2193 782 re-

1269 805 1461 864 gnatis3
1493 805 1546 850 et
1561 804 1753 849 utinam
1770 803 2005 861 regnetis
2017 835 2033 864 ,
2063 806 2117 849 nt
2136 806 2195 849 et

1268 885 1364 918 nos
1386 872 1646 917 vobiscum
1664 883 1956 928 regnemus.

1338 941 1384 984 9.
1420 940 1551 985 Puto
1574 937 1736 996 enim,
1770 937 1905 994 quod
1924 939 2069 983 Deus
2089 949 2191 982 nos

1270 1006 1547 1065 Apostolos
1592 1005 1899 1050 novissimos
1937 1005 2194 1062 ostendit,

1272 1078 1520 1130 tamquam
1548 1072 1703 1117 morti
1739 1070 2042 1128 destinatos3
2069 1071 2195 1128 quia

1272 1139 1612 1199 spectaculum
1638 1138 1762 1185 facti
1786 1149 1947 1184 sumus
1966 1137 2195 1197 mundo,

1274 1212 1325 1255 et
1343 1207 1571 1266 Angelis,
1595 1208 1646 1253 et
1662 1205 1965 1252 hominibus.

1342 1277 1423 1320 10.
1466 1275 1573 1320 Nos
1612 1272 1754 1319 stulti
1787 1276 1999 1330 propter
2036 1270 2194 1316 chri-

1276 1344 1433 1401 stum,
1474 1354 1567 1387 vos
1605 1342 1772 1386 autem
1814 1339 2092 1398 prudentes
2128 1339 2195 1384 in

1278 1410 1508 1466 Christ03
1536 1421 1634 1454 nos
1652 1407 1866 1467 infirmi,
1895 1420 1993 1452 vos
2022 1408 2195 1452 autem

1276 1479 1465 1534 fortes3
1508 1488 1602 1522 vos
1629 1473 1857 1534 nobiles,
1894 1487 1996 1520 nos
2025 1477 2193 1520 autem

1277 1543 1548 1604 ignobiles.

1345 1613 1425 1656 11.
1462 1611 1629 1667 Usque
1666 1609 1720 1655 in
1754 1608 1889 1655 hanc
1924 1609 2109 1655 horam
2143 1613 2193 1654 et

1280 1679 1527 1726 esurimus
1542 1709 1555 1736 ,
1577 1680 1628 1723 et
1646 1676 1840 1722 sitimus
1855 1708 1870 1735 ,
1893 1680 1946 1722 et
1964 1677 2088 1722 nudi
2108 1690 2191 1722 su-

1279 1759 1407 1804 mus,
1428 1748 1479 1792 et
1498 1745 1723 1802 colaphis
1744 1744 2023 1804 caedimur,
2045 1747 2097 1790 et
2112 1744 2193 1790 in-

1281 1813 1483 1861 stabiles
1504 1803 1726 1870 sumusk,

1351 1883 1431 1927 12.
1486 1881 1538 1926 et
1582 1880 1871 1926 laboramus
1918 1880 2193 1936 operantes

1281 1949 1509 1996 manibus
1540 1939 1759 1993 nostrisl
1771 1961 1785 2005 ς
1825 1945 2193 2006 maledicimur,

1284 2020 1335 2063 et
1352 2015 1767 2072 benedicimusm3
1786 2014 2196 2072 persecutionem

1282 2084 1521 2143 patimur,
1542 2085 1595 2128 et
1613 2083 1949 2141 sustinemus3

1350 2152 1431 2197 13.
1474 2150 1906 2209 blasphemamur,
1956 2153 2009 2195 et
2044 2150 2198 2195 obse-

1284 2231 1505 2277 cramus3
1564 2220 1818 2274 tamquam
1860 2220 2199 2275 purgamenta

1283 2286 1433 2344 hujus
1444 2284 1619 2331 mundi
1636 2284 1759 2331 facti
1771 2298 1963 2344 sumus,
1973 2284 2199 2331 omnium

1283 2353 1568 2411 peripsema
1586 2365 1745 2409 usque
1765 2352 1945 2398 adhuc.

1351 2422 1432 2465 14.
1476 2420 1595 2465 Non
1638 2421 1698 2465 ut
1734 2419 2043 2465 confundam
2082 2432 2197 2477 vos,

1282 2488 1408 2533 haec
1444 2486 1641 2546 scrib03
1680 2486 1768 2532 sed
1804 2488 1860 2532 ut
1892 2486 2025 2533 filios
2050 2500 2199 2533 meos

1285 2553 1607 2601 charissimos
1624 2567 1829 2599 moneo.

1352 2622 1432 2666 15.
1470 2622 1597 2666 Nam
1627 2621 1671 2667 si
1701 2620 1875 2667 decem
1890 2620 2052 2666 millia
2068 2633 2199 2678 pae-

1285 2688 1598 2745 dagogorum
1626 2687 1852 2734 habeatis
1889 2687 1947 2734 in
1975 2688 2197 2747 Christo,

1284 2755 1374 2801 sed
1399 2768 1505 2800 non
1532 2754 1717 2801 multos
1736 2756 1925 2813 patres.
1996 2756 2125 2801 Nam
2143 2755 2197 2800 in

1284 2822 1484 2868 Christo
1504 2822 1535 2867 J
1538 2836 1627 2868 esu
1637 2821 2076 2881 perEvangelium
2096 2835 2198 2880 ego

1284 2902 1376 2934 vos
1398 2889 1602 2947 genuin.

1352 2957 1432 3002 16.
1467 2957 1613 3013 Rogo
1636 2970 1760 3013 ergo
1776 2968 1889 3013 vos,
1911 2954 2200 3002 imitatores

1283 3024 1383 3069 mei
1403 3024 1584 3082 estote,
1606 3023 1738 3069 sicut
1756 3026 1807 3069 et
1826 3036 1925 3081 ego
1948 3022 2156 3070 Clu-isti.

1329 3116 1351 3145 k
1366 3122 1389 3155 2
1408 3119 1500 3154 Cor.
1519 3122 1579 3161 11,
1598 3123 1658 3155 27.
1706 3116 1720 3144 ¹
1739 3130 1773 3154 c.
1790 3122 1830 3159 9,
1848 3121 1887 3155 6.
1906 3130 1952 3166 sq

1282 3169 1320 3203 3.
1386 3172 1417 3191 ¹·
1433 3162 1582 3201 Manli.
1601 3168 1648 3208 5,
1666 3166 1733 3202 44.
1761 3174 1850 3212 sqq.
1914 3172 1939 3191 ¹·

1282 3210 1378 3249 Act.
1392 3214 1453 3254 18,
1473 3215 1618 3248 1—11.

1983 3144 1994 3153 .
2022 3117 2119 3157 Aet.
2141 3120 2201 3161 18,

1998 3164 2049 3203 tl.
2064 3168 2117 3209 4,
2140 3170 2201 3203 19.

2010 3358 2091 3401 IV.
2160 3366 2197 3401 3.

313 3427 458 3467 neque
485 3427 567 3466 ego
595 3424 664 3455 me
693 3411 856 3464 ipsum·
916 3415 956 3452 5.
989 3412 1299 3455 manifestavit
1326 3414 1452 3466 (cic).
1518 3419 1559 3458 ¹1.
1599 3417 1835 3470 acciperis.
1904 3420 1945 3458 8.
1986 3428 2197 3465 regnare·

311 3468 768 3532 tis—regnaremus.
835 3468 875 3507 9.
907 3478 990 3506 nos
1010 3466 1148 3507 Deus.
1220 3473 1287 3509 11.
1319 3470 1532 3513 cedimur.
1594 3475 1660 3513 13.
1694 3472 1956 3526 peripsima.
2018 3474 2083 3511 15.
2122 3473 2198 3511 mi·

315 3519 398 3561 ht·
458 3526 524 3565 16-
559 3522 733 3565 msam
751 3520 889 3563 verba
908 3520 1022 3561 sicut
1043 3525 1089 3562 et
1107 3535 1188 3572 ego
1214 3522 1397 3566 Christi.
