2376 3925
930 208 1218 261 LucAs.

382 316 427 360 3.
464 317 515 360 et
542 314 680 360 ibant
707 325 909 372 omnes,
935 313 993 358 ut
1008 314 1220 370 profite-

312 385 491 428 rentur
510 379 716 439 singuli,
729 379 783 425 in
794 393 936 426 suam
947 380 1219 426 civitatem.

381 451 428 494 4.
467 446 706 494 Ascendit
741 449 909 493 autem
936 449 988 492 et
1026 447 1221 504 Joseph

316 514 561 574 Galilaea,
583 513 643 560 de
665 515 869 561 civitate
886 515 1156 572 Nazareth,
1165 513 1219 559 in

313 582 581 640 Iudaeam,
622 581 676 628 in
716 582 969 628 civitatem
1003 580 1170 626 David
1180 588 1220 640 0,

314 663 443 706 quae
481 652 696 696 vocatur
740 640 1073 694 Bethlehem&
1082 663 1097 706 3
1156 661 1220 694 eo

314 717 480 774 quod⁶
518 720 654 764 esset
680 716 741 762 de
772 715 921 761 domo
952 717 1005 762 et
1029 714 1223 762 familia

311 784 497 844 David,

382 855 430 899 ὅ.
464 854 520 898 ut
555 851 877 909 profiteretur
914 864 1025 897 cum
1056 851 1224 897 Maria

316 919 621 1026 deronsata
630 917 727 964 sibi
744 929 912 964 uxore
930 931 1222 976 praegnan-

382 1055 429 1098 6.
462 1053 671 1100 Factum
689 1053 768 1098 est
784 1054 978 1113 autem,
1008 1067 1121 1100 cum
1140 1065 1224 1099 es-

314 1122 430 1168 sent
446 1121 534 1180 ibi,
554 1119 747 1178 impleti
766 1123 884 1167 sunt
902 1120 1037 1181 dies,
1057 1123 1116 1168 ut
1132 1133 1225 1179 pa-

316 1189 484 1245 reret3

311 213 377 264 9⁰

385 1257 431 1300 7.
470 1257 522 1302 et
537 1255 736 1313 peperit
762 1255 920 1303 filium
947 1269 1093 1302 suum
1116 1255 1226 1314 pri-

314 1323 647 1382 mogenitum,
686 1325 737 1369 et
771 1324 953 1381 pannis
993 1337 1107 1370 eum
1142 1323 1228 1368 in-

314 1390 500 1449 volvit,
516 1392 567 1435 et
585 1389 856 1436 reclinavit
866 1405 981 1437 enm
998 1391 1053 1436 in
1073 1403 1226 1447 prae-

314 1457 481 1515 sepia3
518 1457 636 1513 quia
654 1470 763 1503 non
782 1461 893 1503 erat
912 1457 985 1504 eis
1006 1457 1152 1504 loeus
1172 1457 1226 1502 in

314 1522 619 1570 diversorio.

383 1593 430 1636 8.
465 1591 534 1636 Et
577 1593 810 1648 pastores
857 1593 1004 1638 erant
1046 1592 1101 1638 in
1137 1605 1227 1638 re-

314 1659 470 1718 gione
512 1658 687 1705 eadem
714 1658 1015 1719 vigilantes,
1056 1661 1108 1706 et
1135 1673 1227 1707 cu-

317 1726 598 1774 stodientes
632 1726 838 1786 vigilias
868 1727 1035 1775 noctis
1074 1740 1228 1786 super

318 1809 527 1855 gregem
545 1807 705 1841 suum.

382 1866 430 1909 9.
464 1862 535 1908 Et
569 1861 713 1910 ecce!
757 1863 985 1923 Angelus
1022 1861 1230 1909 Domini

316 1930 455 1977 stetit
477 1931 630 1988 juxta
652 1931 801 1996 illos,
829 1934 883 1979 et
909 1931 1111 1979 claritas
1129 1929 1229 1977 Dei

316 1998 651 2045 circumfulsit
679 1999 799 2044 illos
811 2029 827 2058 ,
865 2001 917 2044 et
949 1999 1230 2045 timuerunt

314 2064 500 2111 timore
519 2077 722 2120 magno.

383 2130 464 2173 10.
498 2128 569 2175 Et
587 2128 718 2175 dixit
735 2129 836 2175 illis
848 2130 1101 2189 Angelus:
1116 2132 1227 2178 No·

316 2196 406 2242 lite
425 2195 632 2253 timere,
665 2195 806 2242 ecce!
837 2198 971 2243 enim
999 2211 1226 2257 evange-

316 2263 420 2309 lizo
487 2262 632 2309 vobis
684 2263 920 2322 gaudium
968 2279 1225 2328 magnum,

318 2330 452 2388 quod
474 2330 571 2376 erit
590 2329 729 2376 omni
747 2332 965 2389 populo:

389 2400 470 2444 11.
507 2396 625 2455 quia
640 2399 791 2445 natus
812 2401 890 2445 est
905 2400 1053 2447 vobis
1074 2400 1226 2447 hodie

319 2467 574 2525 Salvator,
595 2465 683 2524 qui
702 2467 780 2513 est
799 2465 1027 2513 Christus
1046 2467 1226 2514 Domi-

317 2547 413 2581 nus
432 2534 488 2580 in
508 2533 713 2580 civitate
731 2532 912 2580 David.

385 2604 467 2648 12.
502 2600 570 2647 Et
594 2602 694 2647 hoe
720 2601 870 2648 vobis
888 2601 1109 2659 signum:
1138 2604 1225 2648 In-

316 2670 536 2715 venietis
568 2670 817 2717 infantem
848 2667 1033 2726 pannis
1069 2670 1225 2715 invo-

316 2734 494 2794 lutum,
515 2738 567 2783 et
582 2737 802 2796 positum
821 2735 876 2782 in
894 2736 1179 2794 praesepio.

388 2801 469 2847 13.
504 2802 572 2849 Et
590 2806 756 2852 subito
776 2806 909 2851 facta
920 2804 998 2851 est
1008 2816 1119 2850 cum
1129 2816 1224 2849 an-

318 2868 435 2927 gelo
455 2869 722 2919 multitudo
745 2869 957 2919 militiae
986 2870 1224 2919 coelestis

316 2934 629 2981 laudantium
645 2938 828 3000 Deum,
859 2941 911 2987 et
925 2938 1223 2987 dicentium:

385 3004 466 3047 14.
504 3001 679 3049 Gloria
713 3004 769 3051 in
805 3006 1061 3054 altisssimi
1087 3005 1222 3054 Deo!

319 3072 371 3119 et
390 3070 593 3116 interra
609 3073 1048 3128 paxehominihus
1057 3077 1224 3123 bonae

319 3136 622 3185 voluntatis!

368 3221 422 3255 ⁰1
439 3214 540 3263 Reg.
565 3218 626 3258 16,
652 3222 690 3255 ι.
716 3220 755 3256 4.
802 3218 825 3246 d
840 3218 989 3257 Matth.
1012 3225 1051 3265 2,
1068 3224 1105 3261 ⁵.
1152 3230 1169 3249 e
1190 3235 1224 3261 c.

316 3269 353 3308 1,
370 3267 431 3301 27.
478 3261 506 3296 f
521 3262 669 3300 Mauh.
686 3268 723 3307 1,
741 3268 803 3304 18.
845 3272 872 3301 ε
886 3266 997 3315 Eph.
1011 3272 1050 3313 2,
1060 3271 1123 3307 14.
1135 3280 1223 3319 sqq.

1292 208 1463 260 CAP.
1503 211 1553 258 2.

1356 313 1437 358 15.
1472 311 1542 356 Et
1559 311 1747 357 factum
1765 313 1858 369 est,
1867 313 1926 357 ut
1944 312 2200 361 discesse-

1286 380 1406 425 runt
1441 380 1502 424 ab
1540 378 1614 424 eis
1650 378 1834 437 Angeli
1873 378 1929 424 in
1971 381 2198 440 coelnm3

1289 447 1518 504 pastores
1564 445 1902 502 loquebantur
1949 447 2014 493 ad
2058 448 2199 494 invi-

1290 525 1420 560 cem:
1453 514 1794 559 Transeamus
1811 527 1974 570 usque
1992 514 2200 562 Bethle-

1289 581 1430 639 hem,
1469 582 1521 625 et
1547 579 1806 626 videamus
1835 581 1936 627 hoc
1971 584 2204 643 verbnm,

1290 646 1425 704 quod
1443 647 1630 693 factum
1649 649 1753 706 est,
1789 648 1926 705 qnod
1953 648 2205 697 Dominus

1291 711 1516 761 ostendit
1531 714 1696 761 nobis.

1358 784 1440 828 16.
1473 781 1543 828 Et
1577 784 1831 830 venerunt
1873 784 2204 843 festinantes3

1291 852 1344 896 et
1360 849 1912 910 inveneruntMariam,
1933 855 1986 898 et
1994 854 2026 898 J
2028 853 2205 912 oseph,

1293 919 1344 964 et
1361 917 1608 964 infantem
1617 917 1838 974 positum
1851 918 1905 964 in
1917 921 2205 978 praesepio.

1361 986 1441 1030 17.
1474 984 1718 1030 videntes
1747 989 1914 1031 autem
1937 999 2208 1044 cognove-

1291 1053 1414 1098 runt
1431 1051 1493 1098 de
1511 1053 1673 1098 verbo
1685 1082 1700 1111 ,
1732 1053 1866 1110 qnod.
1884 1052 2072 1100 dictum
2100 1057 2212 1101 erat

1292 1119 1396 1166 illis
1417 1119 1478 1166 de
1496 1132 1656 1177 puero
1677 1120 1792 1167 hoc.

1362 1189 1444 1232 18.
1478 1185 1548 1232 Et
1576 1199 1778 1247 omnes,
1806 1187 1892 1246 qui
1915 1187 2210 1250 audierunt,

1293 1253 1464 1300 mirati
1482 1255 1628 1312 sunt3
1650 1257 1702 1300 et
1720 1255 1781 1301 de
1800 1255 1904 1314 his,
1925 1268 2050 1312 quae
2069 1255 2215 1303 dicta

1298 1323 1446 1369 erant
1466 1335 1497 1367 a
1514 1322 1800 1380 pastoribus
1821 1323 1883 1368 ad
1901 1323 2059 1381 ipsos.

1363 1391 1445 1434 19.
1479 1390 1644 1436 Maria
1655 1392 1820 1436 autem
1831 1385 2214 1437 conservabath

1297 1457 1469 1502 omnia
1486 1458 1647 1504 verba
1664 1458 1812 1516 haec,
1844 1459 2126 1505 conferens
2153 1458 2214 1504 in

1295 1524 1450 1570 corde
1469 1537 1581 1570 suo.

1362 1592 1444 1636 20.
1477 1590 1546 1637 Et
1573 1590 1766 1639 reversi
1795 1593 1912 1637 sunt
1946 1594 2211 1653 pastores,

1295 1657 1640 1717 glorificantes
1653 1690 1668 1719 ,
1689 1661 1741 1706 et
1757 1658 2023 1704 laudantes
2041 1659 2214 1707 Deum

1293 1725 1349 1771 in
1369 1726 1619 1786 omnibus,
1630 1739 1757 1785 quae
1775 1725 2043 1772 audierant
2065 1730 2118 1773 et
2126 1727 2210 1774 vi-

1297 1793 1491 1853 derant,
1513 1794 1642 1840 sicut
1661 1792 1846 1840 dictum
1865 1797 1942 1840 est
1960 1793 2024 1839 ad
2043 1794 2180 1841 illos.

1362 1863 1444 1908 21.
1477 1861 1547 1907 Et
1575 1863 1842 1919 postqum
1876 1863 2213 1908 consummati

1295 1931 1414 1976 sunt
1434 1926 1541 1977 dies
1563 1930 1680 1976 octo
1695 1958 1710 1988 ,
1739 1931 1797 1975 ut
1815 1928 2209 1977 circumcidere-

1295 1991 1406 2042 turi
1432 2010 1585 2056 puer,
1613 1988 1886 2043 vocatum*
1913 1999 1991 2044 est
2015 2008 2210 2043 nomen

1295 2062 1406 2121 ejus
1423 2065 1572 2110 Iesus
1585 2095 1599 2123 ,
1627 2064 1763 2121 quod
1789 2067 2027 2111 vocatum
2045 2066 2124 2110 est
2140 2067 2206 2111 ab

1291 2130 1492 2188 Ange-lo
1511 2132 1670 2191 prius,
1683 2144 1830 2189 quam
1847 2132 2061 2179 inutero
2075 2144 2208 2178 con-

1295 2198 1565 2257 ciperetur.

1362 2267 1442 2311 22.
1477 2264 1546 2311 Et
1576 2267 1840 2323 postquam
1865 2266 2060 2325 impleti
2086 2270 2211 2313 sunt

1295 2332 1402 2379 dies
1421 2332 1740 2391 purgationis
1760 2334 1872 2391 ejus
1903 2327 2210 2382 secundum²

1293 2399 1460 2458 legem
1487 2400 1684 2460 Moysi,
1722 2400 1949 2448 tulerunt
1977 2400 2122 2447 illum
2150 2402 2210 2447 in

1292 2467 1592 2526 Ierusalem,
1623 2470 1682 2513 ut
1699 2468 1942 2515 sisterent
1960 2482 2075 2515 eum
2092 2468 2210 2515 Du-

1359 2603 1442 2647 23.
1479 2601 1610 2650 sicut
1635 2602 1874 2661 scriptum
1902 2607 1982 2650 est
2005 2604 2058 2649 in
2087 2603 2211 2662 lege

1291 2668 1524 2715 Domini:
1573 2670 1744 2729 „Quia
1780 2684 1930 2717 omne
1965 2671 2210 2717 masculi-

1292 2749 1453 2796 „num
1482 2736 1782 2796 adaperiens
1811 2738 2042 2796 vulvam,
2084 2752 2212 2785 san-

1292 2806 1468 2864 „ctum
1485 2803 1706 2852 Domino
1725 2804 2048 2851 vocabitur.“
2061 2812 2103 2835 '¹⁸

1361 2873 1444 2918 24.
1478 2868 1547 2918 Et
1563 2875 1620 2918 ut
1640 2872 1818 2919 darent
1843 2872 2088 2931 hostiam,
2120 2886 2213 2919 se-

1294 2938 1511 2986 eundum
1530 2940 1664 2997 quod
1683 2940 1869 2986 dictum
1887 2942 1965 2985 est
1982 2940 2037 2985 in
2047 2938 2170 2999 lege
2183 2947 2216 2971 ¹⁸

1290 3006 1526 3067 Domini,
1559 3019 1649 3065 par
1666 3008 1921 3054 turturum
1934 3038 1950 3067 ,
1970 3009 2058 3054 aut
2075 3007 2215 3055 duos

1291 3074 1463 3133 pullos
1482 3074 1839 3122 columbarum.

1335 3177 1428 3215 les.
1463 3190 1504 3218 v.
1539 3182 1597 3218 ⁵1.
1659 3177 1729 3219 ἰιι.
1763 3184 1801 3224 1,
1836 3184 1897 3219 59.
1961 3179 2036 3218 rte.
2071 3186 2112 3224 1,
2150 3185 2221 3220 31.

1290 3222 1456 3261 tnevit.
1483 3228 1542 3268 12,
1569 3230 1608 3261 2.
1639 3236 1727 3275 sqq.
1805 3226 1989 3265 *Extul-
2015 3230 2078 3271 1³,
2107 3231 2145 3267 1.
2171 3233 2219 3265 2.

1291 3277 1312 3297 η
1328 3269 1462 3308 Ῑέπίιο
1479 3274 1540 3315 12,
1559 3274 1595 3311 8·

433 3374 547 3431 Cap.
576 3374 642 3418 11.
706 3380 751 3419 4.
788 3379 836 3420 in
865 3379 1088 3424 Judaeum
1115 3384 1371 3433 eivitatem3
1408 3384 1517 3429 ibid.
1544 3386 1795 3430 Bethleem.
1864 3392 1906 3430 5.
1939 3394 2218 3443 praegnate.

320 3433 362 3471 ’1.
392 3432 629 3487 praesipio
652 3431 880 3489 (senam).
939 3438 980 3477 8-
1012 3449 1150 3490 supra
1178 3451 1372 3490 gregem·
1434 3444 1502 3484 15.
1533 3440 1768 3493 Bethlem3
1797 3442 1908 3489 ibid·
1938 3442 2080 3497 quod·
2095 3444 2224 3489 feeit

320 3483 539 3529 Dominus
558 3490 607 3531 et
626 3488 825 3531 ostendit
842 3488 985 3532 nobis.
1044 3494 1112 3534 21.
1147 3492 1545 3541 circumcideretur
1572 3496 1722 3541 omiss.
1744 3510 1874 3555 puer·
1931 3502 2004 3541 24·
2034 3499 2088 3542 in
2107 3498 2222 3553 lese

321 3537 490 3589 (omns.
510 3542 727 3599 Domini).
