2376 3925
649 77 1199 161 coMMENTA'l’io
1254 117 1671 163 Isaeoelcn.
2018 121 2113 166 vn

227 254 282 307 ri
308 250 564 306 doctoris
591 247 914 323 evangelici
937 263 1175 302 munere
1209 263 1419 323 magno
1458 267 1589 304 cum
1610 248 1805 306 fructu
1826 249 2109 326 fungitur.

229 333 288 390 Is
321 331 496 388 homo
513 369 534 402 ‚
583 331 882 386 literarum
913 327 1373 405 theologicarum
1420 332 1605 386 cultor
1644 334 1902 389 sincerus
1917 373 1936 404 ,
1988 351 2113 389 rem

227 434 420 473 meam
442 414 635 471 sedulo
663 420 1045 488 accurateque
1069 414 1225 488 egit3
1266 422 1501 486 peracto
1526 423 1717 471 autem
1743 415 1959 486 labore,
1969 414 2108 472 Illu-

229 501 366 556 stris
393 495 587 573 Eques
611 493 985 564 BUNSEMUS,
1013 497 1112 570 qui
1139 493 1347 572 Legati
1371 493 1551 572 Regis
1574 493 1953 556 Borussorum
1978 499 2107 554 offi-

231 585 322 639 cia
347 580 498 656 apud
519 579 712 636 sedem
733 577 1024 652 pontificis
1051 575 1367 634 Romanam
1394 581 1659 652 injuncta
1684 590 1807 636 tum
1832 583 2107 655 temporis

227 665 506 734 habebat,
541 663 752 718 itinere
791 663 854 717 in
883 658 1251 716 Germaniam
1296 670 1558 736 suscepto
1576 703 1593 734 ‚
1630 661 1852 720 fructus
1888 664 2107 720 studio-

231 767 360 804 rum
395 748 570 802 amici
607 763 660 800 a.
687 741 1249 801 MDCCCXXXIV.
1278 741 1462 801 Roma
1496 747 1559 800 in
1584 747 1831 819 patriam
1857 756 2110 802 nostram

236 832 455 901 attulit,
492 838 552 884 et
578 824 860 884 Dresdam
893 827 1204 884 mittendos
1236 826 1381 884 mihi
1408 828 1683 885 benevole
1710 831 1951 886 curavit.
2036 830 2111 885 At

235 933 310 970 ne
331 915 418 970 sic
453 911 684 988 quidem
715 913 840 968 voti
876 912 1044 985 plene
1085 929 1313 985 compos
1349 930 1474 966 sum
1508 911 1712 968 factus.
1800 910 2113 986 Supererat

234 999 387 1052 enim
428 1013 562 1070 pars
593 994 870 1050 librorum
911 992 983 1048 N.
1023 991 1092 1048 T.
1107 1033 1126 1063 ‚
1165 1013 1407 1069 quorum
1442 995 1947 1072 comparandorum
1982 1013 2113 1050 cum

231 1079 432 1135 codice
456 1077 717 1134 defuerat
743 1079 926 1133 otium
959 1076 1235 1133 familiari
1266 1096 1394 1132 meo
1410 1118 1431 1148 ‚
1458 1079 1587 1152 qui,
1624 1076 1672 1134 F
1674 1077 1937 1134 lorentiis
1973 1079 2111 1134 reli-

233 1165 342 1218 ctis
380 1169 437 1216 et
479 1178 789 1217 conscensa
821 1161 958 1216 navi
981 1157 1357 1230 Livor-nensi,
1396 1159 1699 1235 Neapolim
1732 1179 1861 1217 cum
1904 1165 2022 1218 suis
2050 1181 2113 1218 se

233 1245 574 1302 contulerat.
657 1240 966 1320 Reliquum
1014 1243 1197 1318 igitur
1243 1253 1396 1314 erat,
1449 1245 1517 1298 'ut
1556 1253 1811 1317 peterem
1850 1245 2035 1300 literis
2078 1263 2113 1300 a

233 1326 468 1384 Clariss.
507 1341 626 1382 Dm.
663 1324 711 1382 F
716 1341 890 1396 ΗΜΛ,
927 1324 1309 1382 bibliothecae
1332 1325 1633 1398 Praeside‚
1669 1327 1819 1404 quod
1853 1326 1997 1383 mihi
2042 1327 2115 1382 ad

227 1413 466 1494 plenum
491 1419 826 1484 apparatum
868 1411 1134 1465 criticum
1171 1407 1537 1466 deerat.1d
1562 1412 1661 1466 ille
1687 1410 2115 1485 perhumaniter

230 1493 377 1550 mihi
408 1492 594 1564 dedit,
631 1510 876 1567 persona
912 1491 1249 1548 demandata
1284 1502 1343 1548 et
1376 1492 1545 1548 docta
1583 1502 1641 1550 et
1676 1496 1739 1549 in
1763 1492 1875 1550 hoc
1902 1510 2116 1569 genere

231 1577 555 1634 studiorum
581 1577 898 1632 exercitata
912 1615 931 1646 ‚
970 1575 1227 1673 mihique
1254 1578 1604 1646 transmisit,
1642 1595 1789 1652 quae
1816 1594 1989 1652 aegre
2017 1576 2117 1631 de-

231 1661 636 1717 sideraveram.
730 1656 920 1732 Hujus
971 1659 1196 1714 inventi
1248 1657 1506 1715 thesauri
1555 1660 1797 1733 primam
1847 1660 2119 1714 notitiam

233 1743 438 1817 aperui
481 1743 543 1797 in
575 1741 896 1798 Anecdotis
934 1743 1076 1796 meis
1108 1737 1172 1820 1)
1193 1780 1212 1811 ,
1262 1742 1393 1798 dato
1442 1744 1753 1815 specimine
1791 1742 2117 1796 collationis

237 1827 477 1882 criticae
505 1822 798 1900 evangelii
824 1819 1128 1878 Matthaei
1155 1829 1214 1876 et
1240 1823 1380 1879 libri
1394 1823 1625 1890 Tobiae,
1656 1843 1787 1879 cum
1812 1839 2119 1898 argumen-

231 1911 312 1966 tis
349 1905 424 1964 N.
453 1905 524 1962 T.
569 1907 1000 1983 antiquissimis.
1088 1903 1207 1960 Sed
1248 1903 1476 1961 Codicis
1514 1907 1673 1962 unici
1709 1906 1967 1982 gravitas
2003 1922 2121 1960 non

231 1996 483 2049 invitum
508 2010 629 2063 me,
653 1990 1013 2046 hortantibus
1039 1990 1269 2060 amicis,
1306 1990 1535 2063 impulit
1566 1986 1633 2069 2)
1654 2030 1673 2061 ‚
1710 1998 1777 2046 ut
1812 1989 2122 2045 editionem

231 2074 308 2132 N.
338 2071 410 2130 T.
437 2073 776 2143 meditarer,
814 2091 959 2148 quae
999 2080 1057 2127 et
1077 2074 1268 2127 lucem
1294 2072 1525 2128 afferret
1549 2073 1869 2128 rationibus
1899 2073 2118 2128 criticis

231 2158 669 2234 exegeticisque
695 2155 1002 2212 bibliorum
1026 2156 1311 2211 versionis
1336 2156 1551 2210 latinae
1575 2157 1878 2231 vulgatae,
1914 2163 1971 2211 et
2005 2156 2120 2210 arti

234 2243 415 2297 etiam
445 2242 683 2296 criticae
719 2240 784 2293 in
821 2256 1029 2315 graeco
1066 2246 1235 2293 textu
1270 2237 1618 2294 factitandae
1652 2240 1874 2314 insigni
1901 2240 2119 2294 auxilio

234 2333 405 2379 esset.
490 2320 560 2378 ld
593 2322 744 2399 quod
775 2321 840 2379 in
864 2329 1026 2376 tanta
1052 2320 1187 2375 libri
1211 2322 1553 2396 antiquitate
1580 2338 1744 2378 nemo
1773 2338 1890 2375 non
1916 2338 2120 2377 eonce-

235 2407 338 2463 det
353 2446 373 2477 ‚
400 2406 739 2481 praesertim
766 2406 817 2459 si
843 2422 1059 2459 memor
1081 2403 1261 2459 fuerit
1282 2405 1612 2479 regularum
1636 2402 1981 2479 Hieronymi
2008 2404 2121 2457 cri·-

232 2492 518 2559 ticarum‚
561 2490 659 2563 qui
696 2490 758 2543 in
797 2488 1132 2542 recensione
1169 2504 1273 2541 sua
1306 2494 1501 2543 textus
1538 2488 1707 2543 latini
1732 2494 2036 2562 sequutum
2062 2504 2124 2541 se

375 2708 431 2768 1)
469 2708 546 2753 Cf.
565 2706 624 2752 F.
643 2706 702 2753 F.
721 2706 910 2754 FLEcx
929 2707 1194 2755 Anco-dota
1212 2710 1498 2756 maximum
1511 2714 1727 2768 partem
1747 2720 1933 2767 sacra,
1967 2711 2021 2755 in
2040 2712 2122 2756 2⁹82·-

230 2776 449 2822 uen'bne
477 2775 682 2821 Italicis
711 2782 766 2821 et
799 2775 1016 2823 Gallicis
1045 2776 1282 2823 collecta.
1321 2776 1481 2835 (Lips.
1513 2776 1661 2820 1837.
1694 2774 1767 2835 8.)
1802 2776 2041 2836 Prolegg.
2074 2792 2121 2836 p.

231 2843 351 2891 xil.
383 2843 525 2889 xm.
555 2843 606 2887 et
627 2856 674 2899 p.
697 2844 996 2889 163—188.
1013 2874 1026 2901 ,
1056 2843 1209 2889 etiam
1228 2846 1318 2891 sub
1336 2842 1513 2888 titulo:
1550 2842 1949 2906 wiecemchaftl.
1970 2846 2125 2892 Reice

233 2912 338 2956 etc.
358 2912 423 2954 11.
444 2912 491 2955 3.
515 2908 598 2955 vel
619 2908 772 2955 theol.
795 2910 1158 2972 Ret'cefriichte
1178 2914 1273 2957 etc.
1294 2923 1411 2968 pars
1429 2909 1517 2954 111.
1583 2910 1748 2968 Hujus
1769 2914 1940 2970 operis
1960 2912 2123 2970 quod—

231 2977 321 3022 vis
347 2976 585 3022 volumen
606 2977 877 3034 separatim
894 2978 1130 3033 vend’tur
1151 2979 1291 3023 etita
1310 2978 1651 3035 comparatum
1670 2980 1764 3038 est,
1782 2982 1839 3026 ut
1852 2993 2123 3039 argumen-

233 3048 350 3089 tum
369 3043 563 3101 singuli
582 3043 699 3089 libri
719 3044 869 3089 etiam
889 3046 1074 3101 absque
1096 3045 1259 3090 altero
1280 3043 1429 3102 plene
1449 3043 1779 3104 intelligatur.

379 3126 435 3185 2)
471 3126 732 3185 Philologi
752 3127 1046 3186 saepissime
1058 3130 1144 3173 aut
1154 3127 1381 3173 codicum
1398 3128 1556 3174 multo
1571 3129 1821 3175 leviorum
1836 3131 1856 3186 j
1864 3129 2124 3175 uniorum-

231 3208 341 3252 que
371 3193 694 3252 adjumento,
723 3198 811 3241 aut
846 3195 958 3241 sine
987 3194 1126 3239 omni
1153 3206 1405 3241 novorum
1441 3195 1666 3242 codicum
1702 3195 1925 3241 subsidio
1964 3205 2125 3237 novas

235 3261 501 3309 editiones
521 3262 809 3307 conficiunt.
864 3262 1066 3315 Quanto
1085 3261 1274 3307 rectius
1292 3263 1389 3310 hoc
1410 3263 1473 3308 fit
1502 3262 1555 3307 in
1575 3262 1748 3309 Bibliis
1768 3262 1967 3315 latinis,
1998 3271 2125 3315 quae

231 3332 322 3375 tot
350 3328 640 3374 hominibus
667 3330 959 3377 necessaria
983 3331 1128 3389 sunt,
1165 3330 1467 3387 praesertim
1502 3329 1547 3375 si
1574 3329 1803 3387 primarii
1832 3323 2020 3371 codicis
2047 3327 2126 3371 fa-

233 3396 483 3443 cultatem
504 3394 678 3443 habes!
699 3420 766 3431 -
