2376 3925
331 196 430 248 ⁴⁰2

401 302 449 343 6.
481 297 550 343 Et
567 298 765 354 aperuit
783 309 841 342 os
861 295 1078 341 suumin
1097 294 1235 340 blas-

539 190 1118 245 APOCALYPSIS
1161 188 1533 241 JOANNIS.
1606 188 1773 239 CAP.
1810 188 2004 238 13.14.

1299 295 1442 353 stiae,
1466 292 1637 339 (licens
1655 291 1997 338 habitantibus
2026 292 2085 337 in
2108 296 2213 337 ter-

335 364 556 424 pbemias
575 364 638 409 ad
665 363 854 422 Deum,
889 362 1235 421 blasphemare
1300 374 1383 420 ra,
1414 363 1470 406 ut
1496 360 1687 405 faciant
1703 358 1977 417 imaginem
1996 359 2214 415 bestiae,

333 445 522 479 nomen
574 430 728 489 ejus,.
757 433 808 477 et
857 428 1235 476 tabernaculum

337 500 475 558 ejus,
505 500 556 543 et
583 510 699 556 eos,
728 498 815 555 qui
840 497 896 543 in
927 496 1072 544 coele
1090 495 1238 542 habi-

335 568 459 613 tant.

403 634 451 678 Ἰ.
485 630 553 677 Et
571 634 649 679 est
667 632 832 678 datum
849 630 929 677 illi
953 629 1138 677 bellum
1155 631 1235 675 fa-

338 712 454 747 cere
473 712 585 746 cum
603 699 790 745 sanctis
802 730 817 758 ,
839 701 890 745 et
907 698 1110 744 vincere
1129 709 1236 743 eos.

336 767 406 813 Et
415 767 529 812 data
549 769 624 813 est
643 766 718 811 illi
729 768 950 823 potestas
969 765 1024 809 in
1038 777 1237 809 omnem

336 834 547 892 tribum,
577 836 628 879 et
645 832 905 892 populum,
927 834 977 877 et
994 830 1235 890 linguam,

255 950 264 961 ,
342 904 393 947 et
416 903 632 959 gentem.

407 970 453 1013 8.
487 966 555 1013 Et
573 966 912 1012 adoraverunt
923 979 1032 1012 eam
1043 977 1235 1023 omnes,

339 1034 426 1092 qui
441 1033 723 1080 inhabitant
739 1028 953 1090 ten-auh
992 1045 1203 1089 quorum
1214 1036 1239 1074 ‘1

339 1114 446 1147 non
473 1103 592 1146 sunt
621 1099 808 1157 scripta
834 1099 1042 1146 nomina
1069 1099 1122 1144 in
1147 1098 1237 1143 Li-

337 1171 431 1215 bro
469 1167 602 1213 vitae
639 1166 789 1229 ligni,
826 1168 912 1225 qui
938 1166 1133 1213 occisus
1163 1168 1241 1211 est

340 1238 400 1283 ab
421 1234 619 1293 origine
637 1233 824 1280 mundi.

407 1306 453 1347 9.
475 1302 658 1358 Siquis
677 1301 828 1348 habet
845 1313 1034 1358 aurem,
1046 1295 1236 1345 audiat!

408 1370 490 1415 10.
536 1369 635 1422 Qui
675 1368 729 1414 in
768 1368 1106 1426 captivitatem
1145 1366 1239 1411 du-

339 1436 493 1495 xerit,
513 1436 568 1482 in
588 1434 930 1493 captivitatem
953 1433 1122 1490 vadet3
1155 1432 1241 1489 qui

339 1504 391 1550 in
417 1502 585 1561 gladie
607 1501 875 1559 occiderit,
905 1502 1108 1558 oportet
1126 1513 1240 1545 eum

340 1568 508 1627 gladio
539 1568 718 1614 occidi.
787 1568 882 1613 Hic
902 1569 979 1613 est
997 1566 1240 1625 patientia

339 1638 391 1683 et
408 1635 528 1682 fides
549 1636 864 1683 Sanctorum.

405 1704 486 1749 11.
521 1702 589 1748 Et
623 1702 730 1749 vidi
766 1702 917 1749 aliam
943 1701 1159 1749 ‘bestiam
1183 1714 1241 1747 a-

339 1770 662 1818 scendentem
681 1770 742 1817 de
761 1773 924 1831 terra,
953 1773 1005 1815 et
1028 1770 1243 1816 ‘habebat

341 1852 533 1885 cornua
551 1838 650 1883 duo
673 1838 856 1884 similia
874 1837 1056 1898 Agnis,
1083 1840 1135 1883 et
1158 1836 1243 1883 lo·

343 1908 606 1966 quebatur,
625 1906 756 1953 sicut
774 1906 943 1952 draco.

408 1975 488 2019 12.
522 1973 592 2019 Et
607 1976 936 2032 potestatem-³
951 1972 1137 2030 prioris
1152 1973 1243 2018 be·-

341 2041 466 2087 stiae
488 2054 686 2086 omnem
712 2041 928 2087 faciebat
953 2041 1007 2086 iu
1026 2052 1244 2095 conspe-

343 2111 427 2153 ctu
445 2107 582 2164 ejus3
604 2109 655 2152 et
672 2106 822 2153 fecit*
836 2109 1025 2152 terram
1036 2137 1051 2165 ‚
1081 2108 1134 2152 et
1149 2106 1245 2150 ha-

342 2174 560 2220 bitantes
593 2172 647 2216 in
676 2187 752 2231 ea,
789 2173 1004 2219 adorare
1034 2172 1246 2219 bestiam

341 2239 580 2298 primam,
620 2239 763 2297 cujus
792 2242 965 2286 curata
991 2241 1070 2286 est
1093 2239 1246 2298 plaga

341 2305 536 2352 mortis.

408 2375 489 2420 13.
523 2373 592 2420 Et
608 2373 731 2420 fecit
761 2373 907 2432 signa
925 2378 1160 2433 magna¹⁴‚
1188 2375 1246 2419 ut

343 2441 494 2488 etiam
529 2441 734 2500 ignem?
767 2443 960 2487 faceret
998 2440 1058 2486 de
1096 2439 1243 2487 coelo

345 2509 650 2556 descendere
677 2509 728 2554 in
749 2511 938 2555 terram
955 2508 1010 2554 in
1029 2521 1245 2566 conspe-

345 2579 428 2623 ctu
445 2577 716 2624 hominum.

411 2646 492 2690 14.
529 2643 598 2688 Et
631 2642 833 2690 seduxit
874 2641 1155 2688 habitantes
1191 2640 1246 2686 in

341 2713 485 2756 terra
520 2712 729 2768 propter
767 2710 930 2768 signa,
968 2721 1095 2765 quae
1132 2708 1247 2753 data

349 2780 466 2822 sunt
482 2775 558 2822 illi
587 2778 754 2824 facere
780 2777 836 2822 in
863 2777 1138 2834 conspectu
1157 2777 1246 2822 be-

393 2900 411 2927 s
432 2905 466 2928 c.
484 2897 552 2937 17,
569 2897 606 2930 8.
667 2901 686 2920 ‘¹’
703 2893 848 2932 Manli.
868 2897 910 2936 7,
929 2895 989 2932 15.
1053 2899 1069 2918 ¹
1089 2892 1138 2929 cf.
1155 2905 1195 2930 v.
1212 2896 1247 2930 2.

344 2941 385 2975 4.
403 2942 440 2976 5.
541 2941 561 2964 ¹*
579 2951 617 2974 v.
636 2943 695 2976 14.
717 2952 750 2976 c.
772 2945 838 2983 19,
856 2944 917 2978 20.
963 2947 986 2966 ¹³
1002 2943 1028 2975 2
1044 2938 1191 2975 Thess.
1210 2942 1247 2982 2,

345 2991 384 3070 ἓ
423 2996 446 3032 q
518 2983 639 3020 Deut.
659 2989 726 3030 13.
744 2991 779 3022 1.
797 2990 836 3022 2.
868 2985 1011 3024 Matun.
1031 2989 1101 3028 24,
1119 2989 1179 3023 24.
1227 2992 1248 3011 ν

460 2942 495 2976 7.

385 2998 448 3069 use.
464 3010 502 3073 4,
521 3033 581 3068 ⁵4.
611 3030 740 3066 Marc.
759 3035 796 3074 8,
813 3037 871 3069 11.
903 3031 1013 3067 Hiob
1032 3036 1068 3075 1,
1085 3035 1144 3070 16.

1302 441 1427 485 quae
1462 428 1615 473 habet
1648 426 1849 484 plagam
1884 425 2127 485 glannav,
2169 429 2218 471 et

1304 495 1447 542 vixit.

1369 566 1450 608 15.
1485 562 1555 607 Et
1572 562 1739 607 datum
1766 564 1846 607 est
1862 560 1944 606 illi
1956 590 1973 619 ,
1992 563 2051 606 ut
2070 560 2217 606 daret

1304 630 1533 687 spiritum
1561 628 1770 686 imagini
1805 628 2031 684 bestiae3
2070 629 2125 673 et
2162 631 2216 672 ut

1301 697 1539 754 loquatur
1556 697 1722 753 imago
1743 695 1939 741 bestiae
1952 709 1967 751 3
1981 698 2032 740 et
2042 694 2210 752 faciat,

1302 767 1359 810 ut
1392 764 1690 821 quicumque
1734 775 1843 807 non
1880 761 2214 807 adoraverint

1302 832 1573 889 imaginem
1589 829 1798 886 bestiae,
1821 828 2139 875 occidantur.

1369 899 1452 943 16.
1484 897 1555 943 Et
1578 897 1733 943 faciet
1768 908 1947 942 omnes
1980 895 2211 953 pusillos,

1304 968 1355 1011 et
1373 977 1613 1023 magnos,
1643 966 1696 1030 et
1716 963 1899 1009 divites
1912 994 1928 1023 ‚
1950 966 2004 1009 et
2020 976 2211 1020 paupe-

1302 1045 1404 1091 res,
1426 1034 1477 1078 et
1494 1031 1712 1090 liberos,
1743 1033 1795 1076 et
1814 1043 1995 1076 servos
2023 1030 2212 1076 habere

1304 1100 1645 1146 characterem
1694 1098 1750 1143 in
1804 1097 2019 1144 dextera
2061 1108 2210 1141 manu

1304 1179 1411 1225 sua,
1432 1168 1519 1213 aut
1534 1165 1589 1211 in
1606 1164 1861 1212 frontibus
1880 1165 2003 1210 suis.

1371 1235 1453 1279 Π.
1486 1234 1555 1279 Et
1581 1246 1647 1279 ne
1677 1232 1787 1288 quis
1824 1232 1992 1289 possit
2026 1242 2207 1286 emere,

1304 1303 1391 1346 aut
1410 1300 1647 1359 vendere,
1668 1300 1795 1357 nisi,
1818 1299 1905 1355 qui
1923 1298 2074 1345 habet
2090 1298 2205 1343 cba-

1304 1370 1569 1426 racterem,
1586 1370 1674 1412 aut
1689 1378 1878 1411 nomen
1900 1364 2110 1424 beffiae,
2126 1368 2207 1409 aut

1306 1448 1569 1481 numerum
1590 1433 1813 1479 nominis
1832 1432 1963 1491 ejas.

1373 1502 1453 1547 18.
1488 1502 1583 1547 Hic
1602 1500 1851 1558 sapientia
1870 1499 1969 1547 est!
2003 1497 2099 1552 Qui
2116 1498 2202 1543 ha-

1306 1572 1391 1616 bet
1408 1568 1735 1627 intellectum,
1758 1568 2016 1625 computet
2031 1579 2200 1611 nume-

1305 1642 1455 1682 rum-¹⁸
1504 1636 1711 1683 bestiae.
1780 1635 2031 1681 Numerus
2078 1633 2200 1679 enim

1306 1703 1527 1749 hominis
1564 1705 1670 1761 est3
1709 1705 1762 1749 et
1794 1714 2037 1749 numerus
2074 1701 2196 1757 ejus:

1309 1770 1539 1818 sexcenti
1555 1769 1823 1829 sexaginta
1840 1782 1952 1817 sex.

1574 1932 1745 1988 cAP.
1798 1932 1945 1986 XIV.

1308 2033 1547 2078 Israelitae
1585 2035 1752 2086 signati
1784 2047 1882 2077 cum
1912 2046 2026 2086 agno
2062 2035 2196 2078 stum

1310 2089 1590 2142 evangelium
1601 2090 1768 2145 ubique
1788 2091 2089 2144 praedicatur.
2116 2085 2199 2126 Ve-

1311 2148 1380 2188 nit
1408 2145 1519 2188 hera
1542 2145 1721 2198 judicii.
1780 2145 2027 2198 Babylonis
2053 2143 2199 2198 lapsus

1312 2202 1616 2258 praedicatur.
1674 2201 1825 2244 Terra
1847 2202 2048 2244 demessa
2068 2203 2136 2242 est
2159 2202 2199 2237 et

1615 2257 1909 2300 vindemiata.

1380 2353 1428 2396 1.
1460 2350 1529 2396 Et
1561 2350 1689 2409 vidi3
1730 2352 1783 2396 et
1819 2348 1960 2397 ecce!
1996 2351 2199 2406 Agnus!

1313 2419 1473 2464 stabat
1508 2431 1661 2475 supra
1692 2420 1918 2464 montem
1964 2417 2085 2464 Sion
2097 2446 2112 2474 ‚
2158 2414 2204 2458 et

1314 2499 1425 2531 cum
1443 2497 1506 2531 eo
1527 2488 1725 2532 centum
1744 2485 2068 2542 quadraginta
2086 2493 2200 2539 qua-

1312 2555 1428 2598 tuor
1438 2551 1595 2598 millia
1604 2557 1627 2580 ⁸
1638 2551 1879 2598 habentes
1888 2563 2071 2598 nomen
2082 2563 2110 2594 e
2106 2550 2200 2606 Jus,

1314 2620 1365 2665 et
1382 2631 1569 2666 nomen
1587 2619 1753 2664 Patris
1772 2620 1885 2677 ejus
1904 2618 2136 2676 scriptum
2154 2614 2201 2660 in

1312 2686 1563 2732 frontibus
1583 2686 1689 2732 suia
1702 2691 1743 2732 ⁰.

1380 2754 1429 2798 2.
1462 2752 1531 2799 Et
1558 2753 1730 2798 audivi
1759 2765 1940 2800 vocem
1968 2751 2027 2798 de
2045 2748 2198 2804 coelo,

1313 2822 1562 2878 tamquam
1578 2833 1757 2866 vocem
1778 2833 2015 2877 aquarum
2031 2817 2198 2862 multa-

1314 2901 1451 2947 rum,
1472 2890 1523 2934 et
1542 2889 1791 2944 tamquam
1812 2900 1988 2934 vocem
2003 2879 2199 2930 tonitrui

1359 2983 1664 3021 wcf.v.3.12.
1728 2985 1957 3024 =c.15.2
2020 2981 2197 3020 νει-ΒΘ-

1314 3035 1453 3069 10.17.
1500 3033 1683 3075 ⁸137,ss
1730 3032 1940 3074 ·c.3,12.

461 3179 572 3234 Cap.
602 3176 738 3219 XIII.
798 3181 839 3221 6.
868 3179 916 3220 in
941 3178 1241 3236 blasphemia.
1298 3184 1340 3224 7.
1369 3185 1418 3224 et
1444 3181 1596 3223 datum
1626 3182 1699 3222 est
1712 3177 1816 3230 illi3
1842 3177 1951 3221 ibid.
1972 3179 2018 3218 et
2031 3176 2197 3218 vincere

347 3234 457 3278 illes
475 3239 523 3277 et
543 3233 648 3276 data
668 3238 739 3275 est
757 3235 798 3275 ei
820 3238 1036 3287 potestas.
1096 3240 1136 3278 8.
1169 3239 1217 3278 et
1234 3237 1487 3280 adorabunt
1504 3248 1627 3285 eum3
1647 3233 1759 3278 ibid.
1768 3234 1845 3287 qui
1865 3232 2081 3275 habitant·
2134 3231 2195 3269 1⁰·

349 3291 478 3332 vadit
496 3291 544 3332 in
564 3289 885 3343 captivitatem.
946 3294 1011 3331 12.
1041 3290 1301 3334 habitantes
1318 3293 1367 3334 in
1385 3307 1498 3336 eam.
1558 3295 1625 3334 1³.
1653 3291 1703 3332 in
1722 3293 2022 3344 conspectum·
2080 3289 2139 3328 14·
2159 3287 2199 3324 et

353 3345 538 3387 seducet
557 3343 816 3386 habitantes
833 3347 1015 3386 terram.
1075 3351 1142 3388 15.
1172 3350 1224 3388 ut
1242 3352 1289 3390 et
1306 3347 1537 3400 loquatur3
1565 3345 1673 3389 ibid.
1700 3349 1750 3388 et
1783 3345 1933 3390 faciat
1956 3345 2199 3399 quicumque

353 3401 612 3454 (ἀοράτως
631 3399 742 3442 ibid.
763 3411 848 3440 non
869 3399 1137 3442 adoraverit.
1197 3405 1263 3444 16.
1294 3408 1497 3446 caracter
1521 3404 1570 3444 iu
1590 3401 1754 3444 dextra
1772 3413 1907 3442 manu
1936 3401 2075 3453 (deest
2092 3392 2197 3445 sua)-

355 3456 423 3494 1¹1.
453 3455 540 3494 nisi
569 3455 666 3506 quis
685 3453 834 3494 -babet
851 3457 1055 3496 caracter
1073 3457 1251 3498 nomine
1269 3458 1457 3500 bestiae.
1516 3463 1582 3501 18.
1613 3461 1663 3501 et
1679 3469 1891 3500 numerus
1916 3457 2015 3510 ejus
2034 3459 2101 3496 est
2116 3462 2198 3494 ses·

355 3509 475 3549 conti
494 3509 732 3560 sexaginta
751 3521 852 3550 sex·
964 3505 1098 3553 xlv.
1157 3514 1199 3553 1.
1228 3515 1276 3554 et
1294 3526 1389 3557 eum
1410 3513 1507 3557 illo.
