2376 3925
474 173 741 225 AGTUS
794 172 1446 224 APOSTOLORUM.

1747 104 1780 123 Ο

1505 175 1545 225 C
1557 175 1671 225 ΑΡ.
1711 178 1794 225 10.
1975 177 2075 227 203

270 279 349 321 12.
383 277 439 321 in
470 289 569 332 quo
608 279 755 321 erant
782 275 951 320 omnia
977 289 1101 331 qua·
1170 276 1306 333 cepit
1331 277 1566 332 hospitio.
1637 279 1880 334 Sequenti
1908 282 2075 324 autem

195 343 455 402 drupedia,
478 346 530 388 et
548 342 805 400 serpentia
822 344 1017 400 terrae,
1052 344 1103 388 et
1170 343 1269 401 die,
1307 356 1522 400 surgens
1559 347 1816 400 profectus
1854 349 1932 391 est
1963 359 2076 392 cum

196 411 427 456 volatilia
448 409 597 456 coeli.

1168 410 1300 466 illis3
1343 413 1392 455 et
1421 410 1621 466 quidam
1649 425 1716 458 ex
1743 413 1982 459 fratribus
2012 415 2074 459 ab

264 479 343 522 13.
380 477 448 522 Et
478 478 612 522 facta
640 478 717 522 est
744 489 849 522 vox
877 475 940 520 ad
961 487 1099 520 eum:
1166 477 1332 533 Joppe
1353 477 1576 522 comitati
1595 481 1711 522 sunt
1730 493 1858 524 eum.

195 547 379 602 Surge,
390 542 564 590 Petre!
580 543 769 599 occide,
781 545 833 588 et
840 543 1100 588 manduca.

263 615 343 656 14.
382 611 467 656 Ait
494 613 659 657 autem
694 611 900 656 Petrus:
940 610 1100 667 Absit,

192 677 437 724 Domine!
467 678 583 734 quia
610 691 863 734 nunquam
888 677 1100 722 mandu-

194 747 309 793 cavi
337 759 489 791 omne
518 758 779 790 commune
808 747 860 790 et
886 745 1101 790 immun-

194 813 329 858 dum.

264 881 345 925 15.
381 879 449 924 Et
468 893 573 926 vox
592 879 777 924 iterum
796 879 1019 925 sec-undo
1042 879 1103 923 ad

196 959 339 993 eum:
376 946 520 1000 Quod
548 947 697 992 DEUS
720 947 1028 1004 purificavit,
1050 949 1105 990 tu

198 1027 462 1060 commune
482 1028 547 1060 ne
568 1014 759 1059 dixeris
770 1019 810 1058 ¹⁶.

270 1083 351 1125 16.
382 1081 492 1126 Hoc
526 1083 693 1126 autem
712 1081 899 1126 factum
918 1080 997 1126 est
1013 1092 1105 1136 per

197 1152 304 1204 ter3
319 1151 368 1193 et
386 1148 551 1194 statim
568 1150 827 1205 receptum
847 1150 925 1193 est
942 1160 1031 1192 vas
1052 1147 1105 1192 in

200 1215 418 1262 coelum.

268 1284 351 1326 17.
388 1282 457 1328 Et
473 1282 585 1328 dum
603 1283 739 1328 intra
758 1295 813 1328 se
831 1282 1108 1328 haesitaret

197 1351 399 1408 Petrus,
412 1349 645 1406 quidnam
656 1353 791 1396 esset
801 1349 949 1408 visio,
960 1362 1107 1406 quam

200 1416 437 1474 vidisset,
481 1416 625 1463 ecce!
682 1417 805 1476 viri,
844 1417 931 1474 qui
965 1416 1107 1462 missi

198 1487 349 1530 erant
366 1497 395 1530 a
408 1484 666 1542 Cornelio,
679 1485 991 1541 inquirentes
1012 1483 1107 1528 do-

195 1565 335 1597 mum
364 1552 611 1610 Simonis,
644 1552 914 1598 astiterunt
937 1552 1001 1597 ad
1022 1552 1107 1608 ja-

196 1632 352 1664 nuam
372 1633 387 1676 ς

268 1687 349 1730 18.
387 1687 438 1730 et
457 1699 571 1730 cum
591 1685 873 1742 vocassent,
884 1685 1109 1729 interro-

198 1755 415 1812 gabant,
447 1752 492 1796 si
512 1751 687 1796 Simon
702 1781 715 1808 ‚
736 1751 821 1805 qui
846 1751 1110 1808 cognomi-

196 1823 350 1866 natur
370 1820 569 1876 Petrus,
586 1817 691 1862 illic
710 1817 918 1862 haberet
936 1816 1111 1873 hospi-

194 1889 341 1934 tium.

268 1956 353 2000 19.
390 1953 545 1998 Petro
579 1952 745 1997 autem
774 1949 1031 2008 cogitante
1052 1949 1111 1996 de

200 2022 433 2079 visione,
466 2020 594 2065 dixit
616 2019 831 2076 Spiritus
853 2019 926 2064 ei:
954 2016 1110 2064 Ecce!

200 2089 306 2135 viri
324 2092 429 2133 tres
449 2089 699 2144 quaerunt
715 2088 766 2132 te
778 2094 819 2131 ν.

270 2156 355 2200 20.
392 2156 555 2211 Surge
572 2154 760 2212 itaque,
782 2152 1047 2211 descende,
1062 2154 1113 2198 et

200 2222 336 2268 vade
356 2236 465 2267 cum
486 2222 576 2280 eis,
588 2221 717 2267 nihil
735 2222 984 2279 dubitans,
997 2220 1113 2277 quia

202 2302 308 2348 ego
328 2289 439 2334 misi
459 2288 592 2333 illos.

276 2356 357 2399 21.
392 2355 718 2401 Descendens
748 2356 915 2400 autem
931 2354 1112 2399 Petrus

201 2423 270 2469 ad
291 2422 458 2481 viros,
490 2422 642 2467 dixit:
672 2421 829 2468 Ecce!
858 2435 955 2479 ego
985 2434 1111 2479 sum,

200 2503 355 2547 quem
384 2489 648 2545 quaeritis:
689 2502 816 2545 quae
849 2502 999 2534 causa
1017 2490 1111 2547 est,

200 2557 417 2616 propter
436 2570 580 2613 quam
604 2556 811 2601 venistis
825 2556 847 2600 ’.δ

272 2625 355 2667 22.
410 2623 507 2676 Qui
543 2624 804 2669 dixerunt:
846 2622 1113 2668 Cornelius

203 2690 452 2736 Centurio
466 2722 481 2749 ,
522 2691 599 2736 vir
625 2692 810 2748 Justus,
852 2694 903 2735 et
930 2691 1112 2735 timens

200 2759 387 2815 Deum,
414 2760 465 2803 et
482 2758 823 2803 testimonium
840 2758 1031 2803 habens
1052 2758 1113 2802 ab

197 2825 448 2871 universa
484 2827 634 2881 gente
665 2824 989 2881 sudate-orum,
1026 2836 1113 2869 re-

200 2905 450 2948 sponsum
476 2890 671 2948 accepit
696 2893 755 2935 ab
774 2891 971 2947 Angelo
994 2903 1113 2934 san-

202 2963 311 3018 cto,
334 2959 586 3005 accersire
604 2960 655 3003 te
676 2958 729 3001 in
741 2957 941 3002 domum
955 2970 1112 3016 suam,

201 3029 258 3073 et
280 3026 457 3072 audire
479 3027 634 3071 verba
654 3026 742 3069 abs
762 3026 829 3069 te.

274 3094 355 3138 23.
391 3092 726 3138 Introducens
748 3104 871 3149 ergo
894 3102 1006 3149 eos,
1027 3104 1114 3137 re-

251 3176 273 3194 u
290 3166 440 3203 Matth.
462 3170 521 3209 15,
542 3172 599 3204 11.
619 3169 677 3204 15.
698 3176 785 3215 sqq.
831 3173 853 3192 v
870 3176 909 3205 v.
929 3170 965 3203 7.
984 3168 1019 3204 8.

1235 546 1316 588 24.
1353 544 1528 590 Altera
1553 546 1723 590 autem
1743 546 1822 591 die
1843 545 2078 591 introivit

1171 611 1486 656 Caesaream.
1557 612 1824 657 Cornelius
1835 625 1959 659 vero
1981 627 2076 659 ex-

1170 680 1427 735 spectabat
1461 678 1606 737 illos‚
1655 679 1948 724 convocatis
1987 693 2076 725 co-

1170 747 1336 806 gnatis
1357 746 1478 803 suis,
1493 748 1544 790 et
1562 746 1866 791 necessariis
1885 747 2076 792 amicis·

1237 815 1318 857 25.
1355 813 1422 857 Et
1431 815 1616 858 factum
1631 814 1723 871 est,
1735 827 1848 858 cum
1865 813 2078 858 introis-

1172 882 1249 925 set
1265 881 1462 938 Petrus,
1477 880 1654 926 obvius
1666 880 1805 925 venit
1824 881 1872 926 ei
1883 881 2078 925 Corne·-

1169 947 1269 992 lius
1285 977 1300 1005 ,
1331 949 1384 992 et
1408 947 1678 1004 procidens
1709 947 1769 992 ad
1795 947 1948 1004 pedes
1969 947 2079 1004 ejus

1172 1015 1422 1059 adoravit.

1241 1083 1320 1125 26.
1357 1082 1536 1127 Petrus
1559 1095 1682 1128 vero
1709 1081 1929 1127 elevavit
1948 1094 2078 1137 eum,

1174 1148 1372 1194 dicens:
1397 1149 1582 1206 Surge!
1611 1152 1661 1194 et
1679 1163 1776 1206 ego
1797 1149 1906 1206 ipse
1925 1149 2076 1193 homo

1174 1229 1285 1262 sum
1295 1220 1349 1259 W.

1241 1284 1323 1327 27.
1358 1283 1427 1327 Et
1442 1282 1656 1338 loquens
1677 1296 1788 1328 cum
1807 1281 1896 1326 illo
1921 1282 2081 1328 intra-

1176 1350 1266 1409 vit,
1289 1351 1338 1394 et
1358 1349 1554 1394 invenit
1571 1349 1772 1408 multos,
1787 1349 1871 1404 qui
1891 1361 2082 1394 conve-

1174 1419 1384 1474 nerant3

1244 1487 1324 1530 28.
1364 1483 1588 1540 dixitque
1609 1483 1669 1529 ad
1689 1482 1836 1529 illos:
1855 1484 1961 1528 Vos
1982 1483 2081 1529 sci-

1175 1553 1258 1610 tis,
1281 1551 1534 1609 quomodo
1554 1551 1894 1597 abominatum
1919 1551 1986 1596 sit
2005 1550 2081 1594 vi·-

1175 1633 1237 1665 ro
1257 1619 1453 1664 Judaeo
1473 1619 1718 1676 conjungi
1737 1621 1822 1663 aut
1842 1617 2084 1663 accedere

1178 1686 1240 1731 ad
1261 1685 1658 1742 alienigenam-”3
1673 1684 1760 1730 sed
1777 1684 1900 1730 mihi
1911 1686 2085 1730 osten-

1179 1752 1252 1797 dit
1286 1752 1442 1809 Deus,
1482 1751 1735 1796 neminem
1775 1764 2085 1796 communem

1180 1819 1266 1863 aut
1275 1817 1580 1862 immundum
1595 1817 1760 1862 dicere
1771 1817 2026 1862 hominem
2035 1822 2086 1874 νς

1248 1885 1329 1928 29.
1366 1886 1574 1940 propter
1596 1883 1730 1940 quod
1749 1884 1861 1928 sine
1889 1883 2086 1928 dubita-

1180 1953 1322 1999 tione
1345 1950 1464 1997 veni
1482 1950 1772 1997 accersitus.
1817 1951 2086 2007 Interrogo

1182 2032 1336 2077 ergo,
1367 2032 1514 2074 quam
1535 2021 1598 2065 ob
1628 2031 1828 2064 causam
1867 2018 2086 2064 accersi-

1181 2088 1272 2134 stis
1291 2101 1371 2131 me
1385 2086 1404 2130 ,ἲ

1251 2156 1330 2199 30.
1351 2154 1420 2198 Et
1431 2152 1700 2199 Cornelius
1711 2154 1782 2199 ait
1795 2154 1862 2199 :A
1877 2152 2087 2198 nudius-

1180 2224 1359 2279 quarta
1379 2221 1458 2267 die
1481 2234 1637 2278 usque
1655 2222 1718 2266 ad
1737 2222 1867 2267 hanc
1891 2221 2086 2278 horam,

1182 2302 1336 2334 orans
1370 2300 1508 2333 eram
1536 2289 1665 2333 hora
1693 2302 1832 2333 nona
1864 2288 1916 2333 in
1938 2288 2086 2331 domo

1179 2369 1318 2413 mea,
1351 2358 1402 2401 et
1420 2354 1561 2401 ecce!
1593 2355 1672 2401 vir
1704 2356 1844 2401 stetit
1872 2357 1990 2399 ante
2007 2367 2088 2398 me

1180 2424 1236 2468 in
1259 2425 1396 2468 veste
1417 2422 1676 2479 candidaz,
1699 2425 1749 2467 et
1770 2422 1864 2466 ait:

1249 2492 1328 2535 31.
1367 2488 1596 2535 Corneli!
1619 2487 1855 2534 exaudita
1874 2488 1951 2532 est
1969 2500 2086 2532 ora-

1180 2556 1254 2602 tio
1277 2559 1378 2615 tua,
1393 2559 1442 2601 et
1455 2556 1809 2614 eleemosynae
1820 2557 1936 2599 tuae
1949 2567 2087 2598 com-

1179 2627 1487 2669 memoratae
1540 2625 1658 2668 sunt
1707 2623 1760 2667 in
1815 2624 2088 2677 conspectu

1180 2690 1294 2737 Dei.

1251 2760 1330 2803 32.
1368 2758 1514 2802 Mitte
1547 2768 1670 2812 ergo
1702 2753 1754 2799 in
1783 2754 2008 2813 Joppen,
2038 2757 2089 2801 et

1182 2825 1376 2870 accersi
1407 2825 1686 2878 Simonem,
1719 2821 1804 2876 qui
1824 2823 2087 2879 cognomi-

1181 2893 1332 2936 natur
1360 2892 1568 2945 Petrus3
1605 2888 1687 2933 hic
1721 2888 2002 2946 hospitatur
2033 2890 2086 2935 in

1182 2959 1332 3004 domo
1397 2955 1618 3002 Simonis
1679 2956 1884 3002 coriarii
1939 2956 2087 3014 juxta

1180 3038 1338 3071 mare.

1227 3128 1261 3147 ψ
1282 3134 1316 3156 c.
1336 3121 1398 3162 14,
1416 3122 1478 3155 14.
1503 3118 1631 3165 Apoc.
1651 3122 1711 3161 19,
1731 3124 1789 3157 10.
1840 3126 1867 3145 θ
1882 3117 1971 3155 Joh.
1989 3122 2028 3160 4,
2047 3122 2086 3155 9.

1180 3175 1206 3203 5
1222 3179 1265 3204 v.
1284 3169 1342 3204 15.
1390 3172 1408 3191 ³
1424 3164 1570 3203 Matth.
1589 3169 1650 3209 28,
1666 3170 1703 3202 3.

321 3274 436 3328 Cap.
467 3271 529 3313 X.
590 3277 657 3315 15.
688 3286 801 3325 quae
820 3275 959 3316 Deus.
1020 3278 1089 3315 20.
1120 3275 1274 3327 itaque
1295 3278 1342 3315 et
1359 3274 1585 3315 discende.
1651 3278 1721 3314 22.
1753 3272 1968 3314 arcessire
1987 3271 2086 3321 (sic,

196 3334 282 3374 sed
308 3343 452 3385 supra
480 3333 651 3370 notata
677 3334 745 3370 ent
772 3330 976 3383 vulgaris
993 3329 1202 3385 forma).

1279 3334 1346 3371 23.
1380 3344 1474 3370 cum
1504 3330 1584 3371 eis.
1662 3333 1730 3370 25.
1763 3328 1898 3369 Deest
1945 3328 2084 3368 venit·

196 3390 275 3429 26.
296 3385 472 3427 levavit
492 3396 606 3423 eum.
666 3388 732 3426 28.
753 3388 799 3425 et
810 3385 933 3427 mihi·
993 3388 1062 3427 29.
1084 3386 1350 3434 arcessitus3
1371 3384 1476 3427 ibid.
1499 3385 1766 3427 arcessistis.
1825 3387 1894 3423 30.
1925 3382 2088 3423 nudius

198 3438 454 3496 qua'rtana3
485 3437 592 3480 ibid.
625 3453 763 3495 usque
790 3440 851 3481 in·
919 3444 986 3483 32.
1018 3446 1065 3485 et
1092 3442 1262 3483 arcessi
1292 3444 1390 3496 (sed
1411 3446 1460 3483 et
1485 3440 1558 3481 hic
1585 3454 1608 3481 e
1635 3453 1775 3493 snpra
1795 3453 1837 3486 r,
1866 3452 1890 3477 r
1908 3451 2046 3493 snpra
2065 3454 2088 3481 s

195 3497 425 3553 scriptum
445 3496 549 3549 est).
