2376 3925
474 157 741 210 AcTUS
794 155 1439 208 APOSTOLORUM.
1496 157 1663 207 CAP.
1705 158 1823 209 5.6.

292 264 369 306 28.
390 261 560 306 dicens
575 258 961 315 :praecipiendo
976 271 1125 315 prae-

220 329 442 386 cepimus
481 327 644 384 vobis,
683 340 749 371 ne
786 325 1035 371 doceretis
1071 325 1125 370 in

220 396 428 442 nomine
448 393 603 449 isto‘3
644 396 694 438 et
714 391 852 438 ecce!
890 391 1123 449 replestis

219 462 497 508 Ierusalem
550 459 778 506 doctrina
824 462 1021 516 vestra3
1076 461 1127 504 et

222 529 375 574 vultis
413 527 654 573 inducere
692 539 842 584 super
876 539 973 572 nos
1005 539 1123 571 san-

220 597 465 654 guinemu
483 593 695 639 hominis
715 594 875 638 istius.

288 665 370 707 29.
408 660 735 717 Respondens
762 663 927 705 autem
944 660 1124 705 Petrus

220 735 269 775 et
308 728 560 786 Apostoli,
599 727 858 774 dixerunt:
908 727 1124 772 Obedire

221 799 428 853 oportet
446 795 555 840 Deo
574 794 733 852 magis
746 824 761 851 ,
791 807 939 850 quam
959 793 1123 838 homi-

219 865 367 909 nibus
377 869 418 906 ν.

292 932 368 974 30.
421 930 558 974 Deus
604 930 799 984 patrum
834 928 1125 972 nostrorum

221 997 482 1042 suscitavit
491 996 524 1040 J
526 1008 679 1052 esum,
692 1008 838 1051 quem
852 1005 945 1038 vos
963 993 1123 1038 inter-

223 1064 434 1122 emistis,
455 1061 819 1119 suspendentes
836 1060 891 1105 in
909 1060 1079 1117 lign03

292 1145 371 1188 31.
406 1143 537 1188 hunc
566 1141 844 1199 principem
870 1143 923 1185 et
958 1139 1122 1185 salva-

221 1215 385 1256 torem
394 1210 529 1255 Deus
542 1207 787 1254 exaltavit
796 1207 1004 1252 dextera
1015 1219 1121 1264 sua,

220 1278 284 1322 ad
305 1275 517 1320 dandam
544 1274 908 1332 poenitentiam
925 1273 1121 1331 Israeli,

219 1349 269 1389 et
291 1343 639 1389 remissionem
658 1344 979 1399 peccatorum
988 1346 1041 1385 W.

288 1413 371 1454 32.
408 1409 475 1454 Et
490 1422 583 1454 nos
597 1423 764 1454 sumus
776 1410 930 1455 testes
943 1409 1123 1453 horum

220 1479 491 1522 verborum
529 1479 579 1521 et
608 1477 822 1533 Spiritus
865 1477 1065 1521 sanctus
1077 1481 1119 1533 ³,

216 1558 365 1601 quem
388 1543 520 1590 dedit
538 1543 673 1588 Deus
694 1543 922 1588 omnibus
946 1541 1121 1588 obedi-

216 1612 417 1656 entibus
437 1610 546 1655 sibi.

284 1678 365 1722 33.
402 1678 538 1721 Haec
565 1689 674 1720 cum
704 1675 986 1732 audissent,
1019 1675 1122 1719 dis-

214 1747 543 1798 secabantur,
576 1745 626 1786 et
659 1741 946 1796 cogitabant
964 1741 1122 1786 inter-

214 1815 368 1858 ficere
398 1808 533 1853 illos.

283 1880 367 1924 34.
407 1877 631 1931 Surgens
661 1877 825 1918 autem
854 1873 1051 1930 quidam
1068 1872 1123 1918 in

216 1944 443 1993 concilio
463 1941 781 2000 Pharisaeus,
802 1940 1008 1987 nomine
1020 1941 1121 1987 Ga-

216 2012 448 2068 maliely,
482 2009 789 2067 legisdoctor
807 2008 1120 2055 honorabilis

214 2081 487 2125 universae
518 2076 677 2135 plebi,
710 2076 862 2133 J'ussit
886 2078 1025 2123 foras
1058 2076 1121 2121 ad

214 2152 376 2193 breve
394 2145 623 2191 homines
644 2144 769 2202 fieri,

286 2215 367 2258 35.
389 2212 611 2268 dixitque
621 2211 682 2256 ad
700 2211 817 2257 illos
830 2210 965 2277 3Viri
984 2211 1116 2256 lsra-

214 2280 389 2326 elitae!
420 2278 659 2325 attendite
688 2278 832 2325 vobis
853 2291 1003 2334 super
1022 2278 1117 2323 ho-

210 2348 433 2393 minibus
452 2347 578 2405 istis,
599 2345 714 2403 quid
734 2344 895 2391 acturi
913 2344 1049 2402 sitis3

284 2429 365 2472 36.
401 2430 515 2472 ante
544 2426 637 2471 hos
666 2426 797 2471 enim
825 2425 930 2471 dies
950 2424 1118 2471 extitit

214 2492 470 2551 Theodas,
484 2493 653 2539 dicens
674 2506 727 2538 se
748 2506 859 2537 esse
880 2492 1111 2551 aliquem,

211 2562 299 2607 cui
338 2561 593 2606 consensit
628 2572 862 2605 numerus
889 2559 1113 2605 virorum

212 2628 421 2674 circiter
473 2627 975 2684 quadringentorum,
1029 2624 1115 2682 qui

212 2695 416 2740 occisus
444 2697 546 2750 est3
577 2696 627 2739 et
652 2707 851 2750 omnes,
882 2692 966 2749 qui
1000 2706 1112 2738 cre-

210 2764 402 2807 debant
440 2762 503 2818 ei,
533 2760 759 2817 dissipati
776 2762 893 2805 sunt
925 2761 977 2805 et
992 2758 1111 2805 red-

208 2829 315 2873 acti
336 2827 397 2872 ad
417 2827 640 2873 nihilum.

282 2896 365 2940 37.
407 2895 529 2939 Post
574 2894 705 2939 bunc
752 2892 918 2937 extitit
958 2891 1112 2937 Judas

262 3008 279 3027 e
298 3016 333 3038 c.
353 3006 391 3044 4,
412 3005 467 3039 18.
516 3009 538 3027 '⁶
556 3000 699 3037 Matth.
718 3003 779 3041 27,
800 3001 856 3035 25.

208 3058 245 3075 Ψ
266 3062 300 3084 c.
319 3053 356 3090 2,
374 3052 436 3086 32.
453 3051 511 3087 38.
559 3054 586 3071 ²
601 3046 692 3082 Joh.
710 3049 768 3088 15,
788 3048 848 3081 26.
896 3052 919 3078 Υ
938 3055 970 3081 c.
988 3048 1056 3086 22,
1074 3048 1111 3083 3.

906 3005 926 3023 ⁹
946 3010 976 3033 c.
996 3001 1036 3040 4,
1056 3002 1111 3035 19.
1180 3004 1215 3036 1.
1245 3010 1330 3045 sqq.

1993 159 2092 209 193

1195 257 1448 302 Galilaeus
1458 264 1479 286 ¹·
1491 259 1542 304 in
1557 259 1726 306 diebus
1738 263 2092 318 professionis,

1193 327 1245 370 et
1281 325 1464 370 avertit
1499 327 1737 382 populum
1775 330 1890 384 post
1924 343 2003 387 se,
2042 332 2093 376 et

1193 391 1301 448 ipse
1329 391 1507 448 periit3
1549 395 1599 437 et
1625 406 1816 452 omnes,
1847 399 2092 452 quotquot

1194 461 1562 504 consenserunt
1581 459 1644 516 ei,
1667 460 1878 518 dispersi
1897 467 2028 509 sunt.

1261 525 1340 569 38.
1375 524 1445 568 Et
1461 538 1595 570 nunc
1615 525 1780 582 itaque
1802 529 1912 574 dico
1927 531 2088 587 vobis,

1195 591 1435 637 discedite
1465 593 1524 638 ab
1553 591 1834 640 hominibus
1863 596 2000 654 istis,
2042 601 2092 642 et

1193 657 1341 704 sinite
1378 657 1520 715 illos;
1563 660 1798 715 quoniam
1835 662 1878 707 si
1915 669 1990 707 est
2026 679 2092 710 ex

1193 724 1477 771 hominibus
1540 726 1806 772 consilium
1857 729 1954 775 hoc
2007 736 2092 775 aut

1195 804 1338 850 opus,
1359 792 1662 838 dissolvetur
1675 799 1726 850 ‘⁸3

1262 859 1341 902 39.
1378 859 1421 904 si
1453 872 1577 904 vero
1609 873 1676 906 ex
1701 860 1812 906 Deo
1845 864 1950 920 est,
1987 877 2090 909 non

1193 925 1422 982 poteritis
1474 926 1751 974 dissolvere
1799 923 1977 987 illudb3
2027 945 2092 976 ne

1193 993 1324 1038 forte
1348 995 1397 1038 et
1413 992 1523 1038 Deo
1553 1007 1837 1052 repugnare
1857 996 2090 1043 invenia-

1191 1059 1329 1104 mini.
1400 1060 1780 1107 Gonsenserunt
1797 1065 1962 1108 autem
1982 1065 2072 1110 illi.

1258 1127 1338 1170 40.
1358 1125 1425 1172 Et
1444 1130 1783 1174 convocantes
1798 1131 2089 1191 Apostolos,

1194 1192 1385 1238 caesisc
1423 1192 1880 1254 denunciaverunt,
1927 1212 1992 1244 ne
2031 1212 2090 1244 o-

1191 1259 1364 1304 mnino
1376 1259 1493 1315 loqu
1501 1262 1704 1305 crentur
1723 1262 1776 1307 in
1787 1264 1992 1310 nomine
2003 1267 2032 1310 J
2037 1281 2090 1310 e-

1193 1339 1252 1371 su
1262 1318 1306 1384 ⁶¹,
1329 1326 1379 1370 et
1399 1325 1692 1373 dimiserunt
1711 1341 1816 1373 eos.

1258 1393 1339 1437 41.
1375 1392 1442 1436 Et
1469 1392 1543 1438 illi
1577 1393 1773 1450 quidem
1799 1396 1938 1442 ibant
1966 1412 2088 1456 gau-

1193 1459 1364 1505 dentes
1428 1471 1456 1504 a
1523 1465 1791 1518 conspectu
1867 1466 2087 1524 concilii,

1190 1528 1424 1582 quoniam
1464 1527 1602 1585 digni
1645 1528 1800 1576 habiti
1839 1535 1958 1577 sunt
1993 1547 2086 1590 pro

1190 1594 1393 1640 nomine
1413 1595 1442 1638 J
1446 1608 1534 1639 esu
1555 1597 1904 1643 contumeliam
1923 1601 2025 1656 pati
2037 1606 2070 1643 ⁶.

1257 1662 1337 1704 42.
1373 1661 1522 1705 Omni
1551 1665 1715 1707 autem
1743 1664 1822 1708 die
1853 1679 1958 1710 non
1977 1681 2086 1712 ces-

1191 1728 1391 1784 sabant,
1413 1727 1465 1770 in
1485 1728 1670 1785 templo
1694 1733 1743 1773 et
1763 1731 1894 1776 circa
1915 1732 2087 1778 domos

1194 1790 1448 1849 docentes,
1462 1796 1512 1838 et
1523 1796 1928 1852 evangelizantes
1942 1799 2086 1845 Chri--

1193 1860 1322 1903 stum
1340 1861 1369 1904 J
1373 1871 1524 1904 esum.

1481 2033 1646 2083 CAP.
1703 2035 1792 2087 vl.

1187 2132 1258 2173 De
1304 2130 1521 2174 electione
1569 2139 1741 2188 septem
1781 2135 2076 2179 diaconorum.

1184 2186 1463 2240 Stephanum
1480 2190 1646 2231 virtute
1673 2203 1724 2233 ac
1742 2192 1959 2245 prodigiis
1988 2193 2079 2235 cla·

1184 2257 1280 2284 rum
1299 2244 1504 2285 nituntur
1522 2244 1686 2287 Judaei
1719 2249 1971 2301 opprimere
1991 2248 2079 2289 fal-

1489 2301 1550 2341 sis
1569 2303 1773 2343 testibus-

1252 2394 1298 2436 1.
1333 2394 1391 2437 In
1419 2392 1588 2439 diebus
1618 2397 1780 2439 autem
1807 2394 1935 2452 illis,
1966 2410 2077 2441 cre-

1182 2461 1354 2505 scente
1373 2473 1583 2505 numero
1605 2460 1977 2520 discipulorum,
1999 2464 2076 2507 fa-

1182 2528 1312 2571 ctum
1333 2528 1409 2571 est
1426 2539 1646 2572 murmur
1667 2527 1970 2573 Graecorum
1989 2529 2077 2573 ad-

1181 2605 1358 2637 versus
1377 2594 1652 2652 Hebraeos,
1675 2607 1735 2638 eo
1757 2594 1888 2650 quod
1910 2594 2075 2651 despi-

1182 2661 1416 2704 cerentur
1436 2660 1488 2704 in
1517 2660 1797 2706 ministerio
1827 2662 2073 2716 quotidia-

1180 2739 1246 2771 no
1270 2726 1448 2773 viduae
1469 2740 1660 2772 eorum.

1247 2795 1293 2837 2.
1331 2794 1683 2837 convocantes
1704 2794 1866 2839 autem
1886 2795 2073 2843 duode-

1181 2859 1277 2905 cim
1315 2858 1680 2905 multitudinem
1721 2859 2072 2920 discipulorum

1227 2961 1243 2977 τ
1264 2964 1296 2989 c.
1315 2956 1381 2995 21,
1399 2956 1460 2990 38.
1507 2959 1530 2979 ⁸
1545 2954 1690 2991 Malu..
1716 2960 1784 3001 15,
1809 2962 1867 2996 13.
1916 2959 1933 2986 ὅ
1948 2960 2014 2997 Ps.
2036 2965 2072 3003 2,

1403 3006 1419 3023 θ
1435 2998 1580 3037 ΜιῑῐΙι.
1607 3005 1675 3044 10,
1704 3007 1758 3041 17.
1838 3005 1860 3033 ἆ
1877 3018 1912 3041 c.
1939 3009 1985 3048 4,
2011 3009 2071 3043 18.

1178 3053 1195 3071 ⁸
1213 3044 1354 3082 Matth.
1373 3049 1409 3087 5,
1429 3050 1592 3084 10—12.
1617 3052 1640 3085 2
1660 3049 1747 3087 Cor.
1763 3052 1802 3093 4,
1819 3054 1964 3089 8-10.

328 3194 443 3247 Cap.
476 3193 532 3233 V.
590 3197 658 3235 28.
692 3193 1018 3245 praecipium„
1038 3192 1144 3235 ibid.
1166 3191 1368 3247 repletis.
1426 3197 1493 3237 31.
1543 3194 1656 3237 hunc
1681 3198 1805 3240 Deus
1824 3200 2069 3253 principem

209 3258 260 3291 et
288 3248 562 3292 salvatorem
588 3246 811 3289 exaltavit
838 3248 1044 3289 dextera.
1111 3250 1180 3288 32.
1213 3254 1351 3291 testes
1379 3264 1539 3291 snmus·
1606 3254 1674 3293 34.
1716 3252 1942 3307 apostolos
1971 3256 2066 3295 fieri

209 3304 394 3359 (gravis
422 3301 593 3356 lectio).

661 3306 730 3344 36.
771 3308 873 3344 ante
902 3304 1017 3345 enim
1046 3302 1127 3343 hos
1158 3303 1277 3352 ‹lies3
1304 3304 1411 3348 ibid.
1439 3318 1538 3347 esse
1566 3319 1639 3355 se;
1667 3307 1773 3349 ibici.
1799 3312 1846 3349 et
1864 3309 2070 3349 redactus

210 3368 285 3401 est
322 3361 381 3403 ad
422 3355 609 3401 nibilum
642 3358 765 3411 (sic).
821 3361 890 3399 39.
921 3364 969 3399 et
1006 3357 1248 3400 dissolvere
1287 3374 1362 3402 eos
1401 3360 1523 3413 (sic).
1581 3366 1652 3403 40.
1683 3362 1840 3405 Deest:
1879 3364 2068 3403 omniuo.

208 3420 285 3457 42.
320 3416 395 3459 die
415 3416 463 3457 in
483 3411 651 3466 templo
672 3418 720 3455 et
738 3414 855 3455 circa
875 3413 1024 3455 domos
1042 3428 1131 3455 non
1150 3416 1388 3458 cessabant
1409 3417 1643 3466 docentes3
1663 3416 1928 3459 ibid-Jesum
1944 3417 2071 3461 Clu-i-

210 3476 349 3513 stum.

466 3466 549 3509 VI.
609 3472 646 3508 1.
680 3469 1003 3523 ‹lispicorentur
1024 3468 1141 3522 (sic).

1643 3528 1668 3574 l
