2376 3925
780 151 1127 210 MARCUS.
1203 163 1370 214 CAP.
1409 168 1595 220 1213.

236 249 437 310 ipsum,
464 253 631 309 majus
654 257 735 300 est
752 257 981 305 omnibus
998 261 1151 308 holo-

234 319 609 366 cautomatibus
630 323 683 366 et
700 324 972 373 sacrificiis.
1001 366 1011 376 .

2061 189 2127 238 '77

1223 278 1362 327 suos,
1383 269 1454 315 ait
1469 271 1572 318 illis
1586 287 1598 318 ε
1625 276 1788 324 Amen
1821 281 1932 329 dico
1957 289 2123 348 vobis,

1221 335 1458 389 quoniam
1470 339 1620 386 vidua
1631 342 1756 392 haec
1765 360 1958 407 pauper
1971 353 2084 411 plus
2097 351 2125 386 ὅ

302 402 385 446 34.
422 404 575 450 Jesus
605 407 769 452 autem
795 408 992 470 videns,
1015 412 1149 469 quod
1219 402 1451 448 ⁰¹¹¹¹¹ib¹¹⁸
1479 406 1640 467 mffits
1679 414 1762 468 ‘lui
1791 416 2041 467 misserunt
2067 423 2122 469 in

231 469 498 526 sapienter
516 473 879 536 respondisset,
892 477 1023 524 dixit
1040 479 1145 526 illi:
1217 469 1650 530 gflZOPhYlsscium·

228 536 354 582 Non
384 551 443 582 es
475 537 630 598 longe
656 554 687 586 a
712 555 876 601 regno
894 544 1009 592 Dei.
1078 547 1149 594 Et

225 616 383 650 nemo
413 605 525 662 jam
552 607 764 655 audebat
784 624 898 658 eum
916 613 1143 661 interro-.-

226 684 369 729 gare.

294 739 378 785 35.
414 739 520 786 ‘Et
542 744 862 800 respondens
882 748 1030 804 Iesus
1062 749 1142 796 di-

225 808 401 866 cebat,
432 807 624 855 docens
652 811 709 856 in
738 814 951 872 templo:
998 818 1141 870 Quo-

224 873 381 919 modo
411 874 590 922 dicunt
615 879 850 940 Scribae,
885 883 1141 931 Christum

224 939 384 986 filium
402 955 515 990 esse
532 943 732 992 David?

295 1009 373 1054 36.
407 1011 523 1068 Ipse
552 1013 687 1058 enim
722 1015 888 1062 David
928 1017 1049 1065 dicit
1082 1020 1138 1066 in

226 1073 419 1133 Spiritu
439 1082 643 1126 sancto:
672 1079 860 1141 „Dixit
886 1083 1134 1134 Dominus

221 1141 485 1201 „Domino
522 1160 666 1207 meo,
714 1149 833 1196 sede
871 1164 902 1197 a
939 1152 1133 1200 dextris

218 1211 385 1269 „meis
401 1243 419 1272 ,
470 1212 630 1261 donec
665 1229 853 1275 ponam
896 1217 1131 1268 inimicos

217 1280 375 1336 „tuos
441 1281 711 1330 scabellum
770 1285 953 1342 pedum
1010 1290 1130 1336 tuo-

215 1344 429 1404 „rum.“
442 1353 468 1376 a

285 1414 367 1459 37.
402 1413 519 1473 Ipse
540 1429 663 1474 ergo
683 1418 851 1466 David
874 1421 995 1470 dicit
1014 1438 1127 1470 eum

212 1481 507 1542 Dominum,
521 1485 573 1529 et
590 1485 723 1530 unde
743 1490 822 1533 est
839 1488 969 1536 filius
982 1493 1029 1549 ej
1037 1494 1125 1538 us?

211 1547 285 1594 Et
300 1549 459 1595 multa
484 1552 635 1598 turba
663 1567 777 1600 eum
794 1555 1012 1604 libenter
1032 1573 1125 1606 au-

212 1615 359 1661 divit.

286 1683 367 1728 38.
402 1675 497 1730 bnt
516 1685 711 1733 dicebat
721 1689 794 1736 eis
814 1689 869 1736 in
890 1691 1123 1740 doctrina

210 1762 335 1796 sua:
359 1751 544 1798 Cavete
562 1767 591 1799 a
610 1755 817 1816 Scribis,
836 1758 921 1814 qui
939 1761 1125 1807 volunt

206 1817 270 1862 in
290 1817 439 1864 stolis
460 1821 709 1870 ambulare
721 1855 736 1883 ,
768 1826 821 1870 et
838 1825 1049 1874 salutari
1066 1828 1122 1875 in

206 1885 355 1931 foro:
412 1930 419 1934 .

278 1953 359 1999 39.
399 1955 521 2003 etin
548 1958 723 2015 primis
753 1961 1004 2009 cathedris
1036 1978 1119 2011 se-

206 2020 326 2068 dere
347 2022 403 2067 in
422 2028 718 2087 synagogis,
732 2031 783 2075 et
802 2030 993 2087 primos
1014 2032 1117 2079 dis-

206 2090 400 2137 cubitus
418 2091 475 2137 in
496 2094 700 2153 coenis3

268 2176 351 2219 40.
384 2175 472 2232 qui
484 2176 735 2225 devorant
747 2180 923 2229 domos
934 2184 1115 2239 vidua-

202 2253 316 2287 rum
344 2245 437 2289 snb
470 2246 683 2292 obtentu
720 2248 957 2305 prolixae
996 2265 1115 2298 ora-

200 2308 385 2368 tionis3
416 2310 473 2359 hi
488 2312 742 2371 accipient
755 2316 1012 2373 prolixius
1026 2320 1114 2379 ju-

206 2374 406 2431 dicium.

266 2444 349 2489 41.
384 2445 485 2493 cEt
520 2447 703 2495 sedens
738 2445 889 2499 Jesus
934 2458 1115 2502 contra

198 2510 638 2577 gazophylacium,
660 2518 959 2582 aspiciebat,
981 2537 1112 2581 quo-

196 2578 353 2623 modo
373 2582 519 2628 turba
532 2583 751 2640 ,iactaret
771 2600 857 2634 aes
876 2589 931 2634 in
950 2604 1110 2649 gazo-

194 2645 503 2708 phylacium,
515 2651 566 2696 et
582 2650 726 2699 multi
747 2654 927 2703 divites
944 2658 1109 2715 Jacta-

196 2715 326 2758 bant
341 2714 511 2762 multa.

266 2781 348 2825 42.
387 2782 509 2829 Cum
528 2788 760 2835 venisset
774 2792 943 2838 autem
953 2792 1108 2839 vidua

190 2860 297 2893 una
326 2861 519 2909 pauper
532 2882 546 2911 ,
578 2854 717 2901 misit
752 2857 851 2903 duo
892 2859 1105 2922 minuta,

193 2916 329 2971 quod
349 2920 428 2963 est
448 2919 722 2975 quadrans:

256 2984 341 3031 43.
375 2984 448 3031 Et
486 3000 781 3037 convocans
828 2992 1103 3053 discipulos

234 3098 255 3117 ι
270 3102 310 3131 vs
328 3096 499 3133 35²⁸·37·
538 3096 687 3137 Mfiuh.
704 3104 767 3143 22,
784 3104 958 3141 41⁸·-ffi0
998 3103 1103 3141 Luc·

185 3142 249 3180 m,
267 3142 449 3177 41-Μο
504 3149 527 3169 ι
542 3144 612 3183 PB·
632 3150 717 3188 lm,
735 3152 768 3185 1·
832 3148 850 3176 δ
865 3161 905 3187 Vs
931 3153 1102 3190 ae—m·

181 3183 286 3222 Luc.
306 3188 371 3230 20.
386 3190 562 3228 45—47.
592 3192 743 3229 Matth.
761 3198 869 3238 23,1.
892 3207 979 3245 sqq.
1028 3204 1046 3223 ⁰
1062 3210 1102 3234 v.

181 3232 364 3270 41—44.
393 3234 497 3273 Luc.
514 3240 575 3279 21,
596 3242 719 3276 1—-4,

1281 538 1363 582 44.
1401 539 1590 586 Omnes
1615 545 1749 592 enim
1777 563 1844 597 ex
1863 567 1954 615 eo,
1985 559 2121 614 quod

1214 605 1499 653 abundabat
1525 607 1653 669 illis,
1683 614 1955 679 miserunt3
1993 623 2120 674 baec

1211 683 1340 717 vero
1361 672 1422 719 de
1441 678 1656 732 penuria
1674 693 1766 728 sua
1785 687 1970 750 omnia,
1991 705 2118 748 quae

1209 736 1400 800 habuit,
1415 742 1554 789 misit
1571 747 1734 793 totum
1754 750 1939 800 vietum
1959 769 2116 806 suum.

1473 932 1642 985 CAP.
1708 937 1849 990 xm.

1205 1023 1391 1081 Templi
1427 1031 1602 1075 ruinam
1649 1043 1942 1090 praenuntiat
1982 1043 2111 1089 Chri-

1205 1085 1300 1123 stus
1312 1098 1323 1122 z
1335 1089 1655 1136 quaerentibus
1673 1092 1728 1134 ‹le
1739 1092 1824 1136 hae
1839 1111 1888 1139 re
1909 1099 2109 1157 discipu-

1201 1133 1262 1178 lis
1281 1139 1462 1193 copiose
1479 1147 1742 1198 respondet.
1776 1149 1962 1208 Templi
1981 1169 2110 1202 ever-

1219 1193 1362 1237 sionis
1382 1199 1516 1252 stque
1534 1199 1684 1246 ultimi
1700 1205 1924 1252 adventus
1943 1211 2085 1265 signa.

1269 1287 1316 1332 1.
1351 1285 1450 1334 0Et
1501 1305 1612 1339 cum
1664 1299 1992 1355 egrederetur
2045 1309 2106 1356 de

1197 1351 1404 1413 templo,
1427 1356 1500 1402 ait
1513 1359 1591 1406 illi
1607 1375 1738 1411 unus
1759 1379 1827 1414 ex
1848 1369 2106 1431 discipulis

1197 1420 1326 1467 suis:
1347 1423 1612 1482 Magister!
1634 1433 1820 1496 aspice,
1834 1440 2006 1495 quales
2025 1441 2104 1490 la—

1195 1487 1356 1549 pides,
1379 1493 1430 1536 et
1447 1494 1622 1550 quales
1643 1501 1948 1554 structurae!

1261 1557 1308 1601 2.
1341 1557 1412 1604 Et
1426 1566 1744 1620 respondens
1761 1571 1930 1634 Iesus,
1943 1577 2018 1623 ait
2033 1578 2100 1624 il-

1192 1621 1256 1668 li:
1285 1623 1439 1672 Vides
1468 1628 1558 1676 has
1586 1645 1762 1682 omnes
1779 1652 1989 1698 magnas
2009 1658 2098 1691 ae-

1195 1689 1504 1740 dificationes
1516 1697 1540 1741 ’.ὃ
1585 1699 1704 1746 Νοιι
1737 1704 2098 1764 relinqueturf

1192 1754 1320 1813 lapis
1341 1771 1492 1817 super
1511 1762 1755 1829 lapidem,
1775 1773 1860 1828 qui
1879 1787 1986 1820 non
2005 1777 2095 1824 de-

1193 1824 1430 1872 struatur.

1259 1891 1306 1936 3.
1341 1891 1410 1937 Et
1433 1909 1558 1956 *cum
1595 1899 1798 1950 sederet
1829 1905 1885 1952 in
1919 1914 2093 1958 monte

1193 1956 1456 2009 Olivarum
1466 1967 1646 2014 contra
1663 1970 1918 2035 templum,
1931 1976 2092 2027 inter·-

1186 2028 1440 2084 rogabant
1465 2045 1578 2079 eum
1606 2040 1876 2095 separatim
1893 2044 2092 2107 Petrus,

1188 2096 1240 2139 et
1267 2096 1516 2160 Jacobus,
1549 2105 1601 2148 et
1625 2105 1879 2171 Ioannes,
1907 2115 1960 2159 et
1984 2116 2093 2161 An-

1186 2160 1360 2209 dreas:

1249 2232 1299 2277 4.
1333 2231 1604 2298 Dienobis,
1617 2242 1814 2297 quando
1835 2246 2092 2297 istafient?

1185 2298 1238 2343 et
1256 2299 1390 2355 quod
1406 2302 1604 2361 signum
1623 2309 1738 2368 erit,
1752 2316 1952 2367 quando
1964 2317 2090 2365 haec

1184 2366 1355 2411 omnia
1373 2366 1618 2428 incipient
1638 2384 2008 2429 consummari?

1253 2435 1300 2479 5.
1335 2434 1728 2498 Etrespondens
1739 2444 1772 2489 J
1773 2460 1906 2507 eus,
1920 2451 2094 2509 coepit

1182 2498 1352 2547 dicere
1371 2502 1499 2550 illis:
1530 2507 1738 2570 Videte,
1765 2526 1834 2559 ne
1863 2516 1972 2571 quis
1993 2530 2089 2565 vos

1181 2566 1412 2615 seducat!

1247 2637 1294 2682 6.
1333 2637 1484 2685 Multi
1512 2642 1646 2689 enim
1672 2646 1886 2693 venient
1911 2649 1966 2696 in
1985 2664 2086 2698 no-

1176 2702 1315 2749 mine
1350 2718 1466 2751 meo
1480 2737 1495 2765 ‚
1534 2708 1787 2771 dicentes,
1834 2716 1950 2772 qnia
1987 2734 2084 2779 ego

1176 2781 1314 2829 sum;
1338 2775 1390 2817 et
1405 2774 1590 2820 multos
1611 2777 1868 2828 seducent.

1245 2839 1293 2883 7.
1331 2840 1456 2885 Cum
1475 2842 1735 2890 audieritis
1747 2850 1914 2897 autem
1933 2855 2083 2916 bella,

1176 2905 1229 2949 et
1248 2904 1518 2961 opiniones
1537 2908 1801 2975 bellorum,
1814 2930 1880 2965 ne
1899 2922 2084 2969 timue-

1173 2970 1286 3017 ritis
1299 2986 1314 3029 ς
1325 2975 1531 3029 oportet
1549 2978 1682 3025 enim
1699 2981 1825 3031 haec
1843 2988 1954 3035 fieri
1965 3004 1980 3047 3
1993 2991 2084 3037 sed

1172 3039 1399 3085 nondum
1415 3040 1546 3088 finis.

1241 3107 1288 3151 8.
1316 3106 1580 3169 Exsurget
1600 3115 1736 3163 enim
1753 3131 1880 3177 gens
1901 3124 2080 3168 contra

1219 3200 1240 3228 d
1255 3205 1280 3237 2
1299 3200 1390 3240 Cor.
1407 3207 1446 3248 8,
1464 3210 1525 3244 12.
1581 3216 1598 3235 θ
1613 3220 1654 3247 v.
1672 3215 1818 3253 1—37.
1849 3215 1996 3253 Matth.
2013 3220 2078 3261 24,

1170 3251 1316 3287 1-36.
1347 3250 1449 3289 Luc.
1467 3257 1529 3297 21,
1547 3258 1692 3294 5—36.
1737 3256 1767 3291 f
1779 3259 1882 3298 Luc.
1901 3266 1960 3305 19,
1977 3265 2042 3301 44.

299 3378 418 3436 Cap·
450 3379 565 3427 XII.
638 3390 709 3429 33.
741 3386 1214 3439 holocaustomatibus.
1291 3402 1360 3442 39.
1391 3401 1544 3445 caenis
1563 3402 1652 3455 (sic
1667 3418 1840 3461 semper
1857 3414 1904 3451 et
1919 3408 2079 3453 simili-

189 3438 263 3475 ter
284 3439 525 3489 paenuria,
546 3440 722 3486 caelum
751 3444 852 3501 aL).

184 3490 305 3533 enim
324 3493 442 3535 fieri.

956 3448 1094 3493 xm.
1162 3456 1207 3494 3.
1245 3454 1293 3495 in
1320 3460 1516 3499 montem
1536 3457 1767 3501 olivarum.
1826 3464 1869 3503 Ἰ.
1901 3472 2080 3519 oportet
