2376 3925
416 173 685 227 Ac'rUS
736 171 1394 226 APOSTOLORUM.
1453 175 1621 226 cAP.
1659 177 1743 227 19.
1767 179 1849 227 20.

1985 180 2085 228 221

202 279 456 334 Quoniam
472 291 581 325 non
600 279 717 324 sunt
736 277 821 337 dii,
842 277 928 335 qui
944 277 1108 324 mani—
1180 291 1292 324 esse
1321 290 1534 335 magnae
1561 279 1758 325 Dianae
1771 286 1811 338 ν,
1841 281 1872 325 J
1875 280 2086 336 ovisque

198 348 453 394 busfiunh

266 415 351 459 27.
386 415 507 459 Non
518 411 683 458 solum
695 413 859 458 autem
874 411 998 457 haec
1016 424 1107 469 pe-

196 480 504 528 riclitabitur
530 479 677 526 nobis
704 492 822 537 pars
850 479 905 524 in
930 479 1109 525 redar-

198 549 465 608 gutionem
486 547 662 593 venire
675 551 712 605 r,
724 546 812 593 sed
826 548 879 592 et
895 559 1108 604 magnae

196 617 400 662 Dianae
436 613 675 671 templum
701 614 757 659 in
783 613 996 660 nihilum
1020 627 1107 660 re-

197 683 486 742 putabitur,
518 681 605 726 sed
625 683 674 727 ct
693 681 885 726 destrui
902 681 1112 739 incipiet

198 751 443 809 majestas
481 749 607 808 ejus,
645 761 792 806 quam
826 751 935 794 tota
970 749 1109 807 Asia,

202 821 255 865 et
272 817 413 864 orbis
434 815 570 862 colit.

272 887 352 929 28.
387 884 479 929 His
518 882 727 942 auditis,
772 881 957 940 repleti
994 885 1113 927 sunt

202 953 285 998 ira
321 953 371 997 et
404 950 821 996 exclamaverunt
858 949 1109 995 dicentes:

202 1021 393 1076 Magna
408 1019 573 1063 Diana
590 1015 952 1075 Ephesiorum!

277 1104 357 1147 29.
388 1101 457 1147 Et
474 1100 679 1160 impleta
700 1103 776 1146 est
789 1100 965 1145 civitas
986 1112 1111 1145 con-

204 1170 427 1228 fusione,
442 1171 491 1215 et
504 1169 742 1226 impetum
757 1168 989 1214 fecerunt
1008 1178 1110 1211 uno

203 1237 379 1282 animo
399 1237 453 1282 in
471 1237 717 1282 theatrum
729 1266 743 1294 ,
765 1237 912 1293 rapto
934 1234 1061 1292 Gaj0
1073 1239 1110 1293 ⁸,

204 1307 257 1350 et
274 1302 599 1350 Aristarcho*
616 1303 997 1362 Macedonibus,
1020 1314 1111 1347 co-

200 1371 410 1418 mitibus
428 1371 583 1416 Pauli.

277 1440 357 1483 30.
392 1438 549 1484 Paulo
590 1439 753 1484 autem
794 1437 999 1483 volente
1029 1436 1113 1481 in-

200 1510 345 1552 trare
366 1505 418 1550 in
438 1505 703 1565 populum,
730 1517 839 1551 non
866 1505 1113 1563 permise-

201 1577 327 1619 runt
346 1573 595 1630 discipuli.

275 1641 355 1685 31.
395 1640 609 1692 Quidam
628 1641 795 1684 autem
815 1639 866 1683 et
885 1637 945 1682 de
964 1638 1115 1683 Asiae

200 1708 539 1767 principibus,
552 1704 638 1761 qui
658 1707 804 1750 erant
820 1704 969 1748 amici
987 1704 1116 1761 ejus,

200 1775 459 1821 miserunt
494 1773 557 1816 ad
586 1784 716 1829 eum,
752 1771 1013 1828 rogantes,
1053 1784 1118 1815 ne

203 1857 259 1889 se
282 1842 435 1887 daret
451 1839 505 1884 in
524 1838 792 1883 theatrum.

275 1923 359 1969 32.
406 1917 511 1967 Alii
557 1919 723 1965 autem
759 1913 896 1964 aliud
934 1916 1119 1962 clama-

202 1992 346 2039 bant.
400 1988 528 2033 Erat
548 1988 681 2033 enim
702 1984 918 2032 ecclesia
938 1987 1119 2031 confu-

205 2073 294 2117 sa,
326 2058 379 2103 et
394 2055 565 2114 plures
587 2055 904 2113 nesciebant,
936 2066 1033 2111 qua
1052 2066 1119 2099 ex

208 2138 365 2173 causa
385 2124 759 2169 convenissent.

278 2210 362 2254 33.
396 2208 473 2253 De
502 2209 649 2253 turba
680 2207 851 2253 autem
880 2204 1117 2252 detraxe·

205 2279 334 2323 runt
351 2275 693 2321 Alexandrum
704 2279 730 2301 u
737 2304 753 2333 ,
780 2271 1118 2330 propellenti-

206 2349 308 2391 bus
359 2356 470 2388 eum
520 2342 550 2387 J
556 2340 741 2387 udaeis.
828 2339 1119 2385 Alexander

208 2414 381 2457 autem
416 2422 565 2455 manu
603 2407 807 2454 silentio
843 2406 1117 2465 postulato,

209 2478 419 2524 volebat
427 2476 639 2523 reddere
648 2475 895 2521 rationem
910 2474 1117 2532 populo.

281 2562 363 2606 34.
402 2560 563 2612 Quem
579 2562 635 2605 ut
656 2561 1009 2617 cognoverunt
1024 2558 1119 2603 Ju-

210 2630 395 2674 daeum
426 2640 566 2686 esse,
602 2640 709 2673 vox
738 2628 871 2673 facta
912 2640 1015 2672 una
1042 2627 1120 2671 est

210 2695 462 2753 omnium,
500 2694 643 2752 quasi
678 2707 769 2752 per
806 2694 957 2739 horas
996 2693 1119 2739 duas

211 2762 538 2810 clamantium
550 2774 563 2806 :
575 2762 763 2819 Magna
771 2760 937 2807 Diana
944 2760 1117 2816 Ephe-

210 2828 432 2877 siorum!

282 2899 365 2943 35.
400 2896 467 2941 Et
520 2908 632 2941 cum
684 2895 909 2940 sedasset
956 2892 1121 2939 scriba

212 2966 414 3023 turbas,
446 2963 597 3011 dixit:
626 2961 736 3007 Viri
753 2959 983 3017 Ephesii!
1010 2960 1119 3016 quis

214 3033 351 3080 enim
383 3032 461 3077 est
489 3029 773 3087 hominum,
812 3028 897 3085 qui
929 3026 1122 3072 nesciat

213 3099 559 3159 Ephesiorum
584 3096 836 3143 civitatem
863 3094 1121 3141 cultricem

260 3216 279 3233 ⁷
300 3220 333 3244 c.
352 3210 413 3249 16,
434 3210 495 3244 19.
544 3212 560 3230 ⁸
577 3210 598 3242 1
618 3204 707 3241 Cor.
726 3209 761 3247 1,
771 3206 831 3242 14.
879 3206 899 3230 ²
916 3202 1121 3246 coh-4510.

210 3262 233 3279 ¹·
250 3258 275 3289 2
293 3253 400 3290 Tim.
419 3255 459 3295 4,
479 3254 538 3289 14.

1177 344 1372 404 prolis?
1903 372 1910 376 -

1245 413 1324 457 36.
1363 413 1400 458 C
1407 426 1488 458 um
1523 425 1646 470 ergo
1681 412 1763 460 his
1806 415 2084 460 contradici

1175 491 1284 524 non
1310 479 1497 538 possit,
1529 481 1732 536 oportet
1759 495 1852 526 vos
1882 483 2082 528 sedatos

1176 559 1307 604 esse,
1329 547 1382 591 et
1397 546 1524 592 nihil
1543 548 1732 592 temere
1752 561 1918 606 agere.

1245 615 1324 658 37.
1361 613 1652 660 Adduxistis
1689 614 1822 660 enim
1852 615 2081 663 homines

1176 679 1303 726 istos
1317 711 1330 738 ‚
1370 694 1535 738 neque
1572 681 1879 741 sacrilegos,
1916 696 2081 740 neque

1176 747 1579 804 blasphemantes
1601 748 1743 794 deam
1763 751 1996 794 vestram.

1247 816 1326 860 38.
1366 815 1512 867 Quod
1532 815 1576 860 si
1596 814 1908 876 Demetrius,
1929 822 1981 862 et
1999 817 2084 873 qui

1181 895 1292 927 cum
1315 896 1376 927 eo
1399 885 1516 927 sunt
1533 883 1766 942 artifices,
1789 883 1974 930 habent
1994 884 2083 929 ad·-

1183 961 1358 994 versus
1381 949 1595 1007 aliquem
1617 963 1834 1010 causam,
1857 964 2084 996 conven-

1180 1019 1260 1062 tus
1281 1018 1514 1062 forenses
1535 1020 1769 1077 aguntur,
1793 1020 1844 1064 et
1861 1031 2084 1076 procon-

1182 1083 1318 1128 sules
1339 1086 1472 1143 sunt,
1495 1088 1733 1130 accusent
1750 1085 1984 1131 invicem.

1249 1151 1328 1194 39.
1367 1150 1558 1208 Siquid
1588 1153 1754 1196 autem
1782 1152 1989 1198 alterius
2010 1154 2085 1199 rei

1182 1217 1447 1274 quaeritis,
1501 1218 1555 1261 in
1608 1218 1834 1276 legitima
1871 1221 2086 1265 ecclesia

1180 1285 1370 1342 poterit
1388 1283 1597 1330 absolvi.

1246 1352 1328 1397 40.
1364 1352 1492 1396 Nam
1511 1354 1562 1396 et
1578 1351 1924 1409 periclitamur
1943 1353 2087 1410 argui

1180 1419 1448 1465 seditionis
1467 1418 1744 1465 hodiernae
1761 1434 1774 1478 ;
1789 1431 1900 1465 cum
1917 1420 2086 1465 nullus

1183 1485 1436 1533 obnoxius
1474 1485 1541 1532 sit
1578 1485 1662 1546 (de
1699 1500 1798 1544 quo
1835 1487 2088 1545 possimus

1182 1553 1396 1600 reddere
1462 1553 1742 1614 rationem)
1810 1567 2088 1600 concursus

1184 1621 1346 1666 istius.
1414 1620 1484 1665 Et
1502 1634 1613 1666 cum
1631 1621 1756 1667 haec
1769 1621 1996 1681 dixisset,
2012 1621 2090 1666 di-

1182 1688 1323 1732 misit
1342 1686 1620 1733 ecclesiam.

1471 1868 1514 1916 C
1525 1866 1637 1917 ΑΡ.
1695 1867 1814 1916 ΧΧ.

1190 1964 1373 2007 Troade
1401 1964 1632 2018 Eutychus
1655 1967 1777 2017 gravi
1807 1980 1910 2008 casu
1941 1972 2089 2011 tactus

1186 2025 1386 2063 mortuus
1406 2022 1517 2064 vivit
1590 2022 1890 2074 Presbytero:
1910 2022 2091 2077 Epheso

1185 2081 1371 2119 vocatos
1390 2075 1562 2119 Paulus
1580 2078 1766 2120 fortiter
1781 2081 1832 2121 et
1850 2080 1992 2121 amice
2011 2090 2093 2134 ap-

1186 2131 1346 2189 pellat,
1366 2133 1650 2187 praedicens,
1673 2134 1789 2187 quod
1818 2148 1908 2176 non
1939 2141 2093 2178 essent

1426 2188 1550 2231 ultra
1577 2204 1677 2233 eum
1697 2191 1850 2233 visuri.

1255 2283 1302 2327 1.
1353 2282 1624 2339 Postquam
1669 2285 1834 2329 autem
1875 2286 2093 2331 cessavit

1186 2348 1443 2409 tumultus,
1483 2350 1677 2396 vocatis
1713 2351 1900 2396 Paulus
1940 2352 2091 2397 disci-

1185 2416 1344 2476 pulis,
1375 2420 1426 2463 et
1444 2418 1740 2463 exhortatus
1761 2429 1876 2475 eos,
1899 2417 2093 2463 valedi-

1186 2484 1291 2542 xit,
1331 2486 1383 2529 et
1408 2486 1667 2541 profectus
1699 2485 1802 2541 est,
1838 2486 1896 2529 ut
1922 2484 2022 2530 iret
2038 2484 2093 2530 in

1186 2551 1598 2596 MacedoniamW.

1254 2619 1302 2663 2.
1340 2619 1464 2663 Cum
1499 2620 1665 2663 autem
1699 2616 2094 2674 perambulasset

1186 2688 1356 2743 partes
1392 2684 1534 2745 illas,
1577 2686 1628 2730 et
1665 2684 1962 2730 exhortatus
2001 2700 2091 2733 eos

1186 2753 1367 2799 fuisset
1393 2752 1551 2798 multo
1579 2763 1842 2809 sermone,
1873 2752 2013 2800 venit
2029 2754 2092 2799 ad

1191 2820 1478 2875 Graeciam3

1257 2887 1304 2931 3.
1337 2885 1426 2932 ubi
1479 2897 1590 2929 cum
1642 2882 1849 2931 fecisset
1891 2901 2091 2934 menses

1186 2955 1310 3011 tres,
1350 2952 1514 2997 factae
1552 2953 1670 2996 sunt
1705 2951 1782 2998 illi
1815 2952 2031 3001 insidiae
2061 2968 2092 2999 a

1187 3019 1396 3065 Judaeis
1431 3017 1734 3075 navigaturo
1771 3019 1825 3066 in
1863 3023 2088 3081 Syriam3

1190 3083 1462 3141 habuitque
1483 3086 1766 3146 consilium,
1785 3089 1843 3134 ut
1857 3090 2090 3135 reverte-

1187 3156 1329 3199 retur
1347 3166 1440 3211 per
1457 3154 1823 3199 Macedoniam.

1235 3256 1256 3274 θ
1271 3260 1314 3284 v.
1332 3252 1393 3287 27.
1441 3255 1474 3274 Ψ
1491 3252 1512 3285 1
1532 3248 1638 3287 Tim.
1657 3254 1694 3292 1,
1709 3253 1746 3287 3.

332 3400 450 3454 Cap.
480 3394 617 3439 XIX.
674 3403 744 3441 2¹1.
777 3398 1080 3453 deputabitur.
1156 3400 1226 3439 33.
1265 3396 1530 3440 Alexander
1565 3412 1694 3451 er303
1732 3395 1841 3439 ibid.
1873 3397 2091 3439 rationem

212 3458 424 3499 reddere.
502 3457 570 3495 34.
614 3460 685 3497 est
707 3468 821 3505 una3
850 3453 956 3497 ibid.
976 3456 1151 3497 Deana.
1227 3456 1296 3496 38.
1337 3466 1428 3509 pro
1449 3452 1790 3507 proconsulibus
1809 3454 2094 3495 emendatum

216 3513 387 3569 legitur
406 3509 727 3567 proconsules-⁶
826 3508 939 3550 XX.

998 3514 1038 3552 3.
1067 3511 1145 3552 ubi
1164 3523 1263 3551 cum
1282 3509 1460 3551 fuisset.
