<?xml version="1.0" encoding="UTF-8"?>
<!DOCTYPE html PUBLIC "-//W3C//DTD XHTML 1.0 Transitional//EN"
    "http://www.w3.org/TR/xhtml1/DTD/xhtml1-transitional.dtd">
<html xmlns="http://www.w3.org/1999/xhtml" xml:lang="en" lang="en">
 <head>
  <title>
</title>
<meta http-equiv="Content-Type" content="text/html;charset=utf-8" />
  <meta name='ocr-system' content='tesseract 3.04.00' />
  <meta name='ocr-capabilities' content='ocr_page ocr_carea ocr_par ocr_line ocrx_word'/>
</head>
<body>
  <div class='ocr_page' id='page_1' title='image "./novumtestamentu01flecgoog_0405.png"; bbox 0 0 2376 3925; ppageno 0'>
   <div class='ocr_carea' id='block_1_1' title="bbox 318 150 1834 207">
    <p class='ocr_par' dir='ltr' id='par_1_1' title="bbox 318 150 1834 207">
     <span class='ocr_line' id='line_1_1' title="bbox 318 150 1834 207; baseline 0.002 -6"><span class='ocrx_word' id='word_1_1' title='bbox 318 150 545 204; x_wconf 69' lang='lat' dir='ltr'>Epls&#39;r.</span> <span class='ocrx_word' id='word_1_2' title='bbox 581 151 796 203; x_wconf 79' lang='lat' dir='ltr'><strong>PAULI</strong></span> <span class='ocrx_word' id='word_1_3' title='bbox 827 151 923 204; x_wconf 81' lang='lat' dir='ltr'>AD</span> <span class='ocrx_word' id='word_1_4' title='bbox 958 151 1405 203; x_wconf 79' lang='lat' dir='ltr'><strong>TIMOTHEUM</strong></span> <span class='ocrx_word' id='word_1_5' title='bbox 1438 154 1503 205; x_wconf 92' lang='lat'><strong>11.</strong></span> <span class='ocrx_word' id='word_1_6' title='bbox 1544 154 1693 205; x_wconf 82' lang='lat' dir='ltr'><strong>CAP.</strong></span> <span class='ocrx_word' id='word_1_7' title='bbox 1714 156 1764 205; x_wconf 83' lang='lat'><strong>2.</strong></span> <span class='ocrx_word' id='word_1_8' title='bbox 1786 155 1834 207; x_wconf 77' lang='lat'><strong>3.</strong></span> 
     </span>
    </p>
   </div>
   <div class='ocr_carea' id='block_1_2' title="bbox 135 252 1056 635">
    <p class='ocr_par' dir='ltr' id='par_1_2' title="bbox 135 252 1056 635">
     <span class='ocr_line' id='line_1_2' title="bbox 143 252 1053 333; baseline 0 -33"><span class='ocrx_word' id='word_1_9' title='bbox 143 255 246 333; x_wconf 68' lang='lat' dir='ltr'>est,</span> <span class='ocrx_word' id='word_1_10' title='bbox 259 252 368 299; x_wconf 88' lang='lat' dir='ltr'>nisi</span> <span class='ocrx_word' id='word_1_11' title='bbox 379 254 438 299; x_wconf 84' lang='lat' dir='ltr'>ad</span> <span class='ocrx_word' id='word_1_12' title='bbox 457 255 837 301; x_wconf 76' lang='lat' dir='ltr'>subversionem</span> <span class='ocrx_word' id='word_1_13' title='bbox 845 254 1053 300; x_wconf 87' lang='lat' dir='ltr'>audien-</span> 
     </span>
     <span class='ocr_line' id='line_1_3' title="bbox 140 324 1055 446; baseline -0.001 -13"><span class='ocrx_word' id='word_1_14' title='bbox 140 324 298 433; x_wconf 48' lang='lat' dir='ltr'>tina..</span> <span class='ocrx_word' id='word_1_15' title='bbox 326 387 539 435; x_wconf 81' lang='lat' dir='ltr'><strong>solicite</strong></span> <span class='ocrx_word' id='word_1_16' title='bbox 550 400 670 435; x_wconf 87' lang='lat' dir='ltr'>cura</span> <span class='ocrx_word' id='word_1_17' title='bbox 686 389 737 433; x_wconf 92' lang='lat' dir='ltr'>te</span> <span class='ocrx_word' id='word_1_18' title='bbox 755 387 916 446; x_wconf 89' lang='lat' dir='ltr'>ipsum</span> <span class='ocrx_word' id='word_1_19' title='bbox 933 400 1055 445; x_wconf 89' lang='lat' dir='ltr'>pro-</span> 
     </span>
     <span class='ocr_line' id='line_1_4' title="bbox 140 454 1056 515; baseline -0.001 -15"><span class='ocrx_word' id='word_1_20' title='bbox 140 454 371 501; x_wconf 84' lang='lat' dir='ltr'>babilem</span> <span class='ocrx_word' id='word_1_21' title='bbox 401 454 640 501; x_wconf 82' lang='lat' dir='ltr'>exhibere</span> <span class='ocrx_word' id='word_1_22' title='bbox 667 455 806 515; x_wconf 89' lang='lat' dir='ltr'>Deo,</span> <span class='ocrx_word' id='word_1_23' title='bbox 827 454 1056 513; x_wconf 84' lang='lat' dir='ltr'>operari-</span> 
     </span>
     <span class='ocr_line' id='line_1_5' title="bbox 135 521 1054 581; baseline -0.001 -14"><span class='ocrx_word' id='word_1_24' title='bbox 135 536 227 567; x_wconf 89' lang='lat' dir='ltr'>um</span> <span class='ocrx_word' id='word_1_25' title='bbox 237 521 672 581; x_wconf 72' lang='lat' dir='ltr'>inconfusibilem,</span> <span class='ocrx_word' id='word_1_26' title='bbox 684 524 821 569; x_wconf 86' lang='lat' dir='ltr'>recte</span> <span class='ocrx_word' id='word_1_27' title='bbox 831 524 1054 569; x_wconf 85' lang='lat' dir='ltr'>tractan-</span> 
     </span>
     <span class='ocr_line' id='line_1_6' title="bbox 136 589 739 635; baseline 0.002 -1"><span class='ocrx_word' id='word_1_28' title='bbox 136 591 242 635; x_wconf 86' lang='lat' dir='ltr'>tem</span> <span class='ocrx_word' id='word_1_29' title='bbox 263 591 483 635; x_wconf 89' lang='lat' dir='ltr'>verbum</span> <span class='ocrx_word' id='word_1_30' title='bbox 502 589 739 635; x_wconf 83' lang='lat' dir='ltr'>veritatis.</span> 
     </span>
    </p>
   </div>
   <div class='ocr_carea' id='block_1_3' title="bbox 135 671 1052 1068">
    <p class='ocr_par' dir='ltr' id='par_1_3' title="bbox 138 671 1052 865">
     <span class='ocr_line' id='line_1_7' title="bbox 209 671 1052 733; baseline -0.001 -15"><span class='ocrx_word' id='word_1_31' title='bbox 209 675 297 718; x_wconf 84' lang='lat'><strong>16.</strong></span> <span class='ocrx_word' id='word_1_32' title='bbox 337 674 563 719; x_wconf 77' lang='lat' dir='ltr'>Profana</span> <span class='ocrx_word' id='word_1_33' title='bbox 579 674 761 733; x_wconf 85' lang='lat' dir='ltr'>autem,</span> <span class='ocrx_word' id='word_1_34' title='bbox 783 674 835 718; x_wconf 94' lang='lat' dir='ltr'>et</span> <span class='ocrx_word' id='word_1_35' title='bbox 855 671 1052 717; x_wconf 85' lang='lat' dir='ltr'>vanilo-</span> 
     </span>
     <span class='ocr_line' id='line_1_8' title="bbox 139 738 1051 799; baseline -0.001 -13"><span class='ocrx_word' id='word_1_36' title='bbox 139 741 262 797; x_wconf 88' lang='lat' dir='ltr'>quia</span> <span class='ocrx_word' id='word_1_37' title='bbox 285 738 483 787; x_wconf 84' lang='lat' dir='ltr'>devita!</span> <span class='ocrx_word' id='word_1_38' title='bbox 512 740 718 787; x_wconf 89' lang='lat' dir='ltr'>multum</span> <span class='ocrx_word' id='word_1_39' title='bbox 746 740 878 785; x_wconf 87' lang='lat' dir='ltr'>enim</span> <span class='ocrx_word' id='word_1_40' title='bbox 896 740 1051 799; x_wconf 83' lang='lat' dir='ltr'>profi-</span> 
     </span>
     <span class='ocr_line' id='line_1_9' title="bbox 138 806 720 865; baseline 0.002 -13"><span class='ocrx_word' id='word_1_41' title='bbox 138 808 286 854; x_wconf 86' lang='lat' dir='ltr'>ciunt</span> <span class='ocrx_word' id='word_1_42' title='bbox 306 806 375 853; x_wconf 87' lang='lat' dir='ltr'>ad</span> <span class='ocrx_word' id='word_1_43' title='bbox 393 806 720 865; x_wconf 85' lang='lat' dir='ltr'>impietatem;</span> 
     </span>
    </p>

    <p class='ocr_par' dir='ltr' id='par_1_4' title="bbox 135 875 1052 1068">
     <span class='ocr_line' id='line_1_10' title="bbox 207 875 1052 921; baseline -0.001 -2"><span class='ocrx_word' id='word_1_44' title='bbox 207 876 294 920; x_wconf 74' lang='grc'>17.</span> <span class='ocrx_word' id='word_1_45' title='bbox 337 876 393 920; x_wconf 91' lang='lat' dir='ltr'>et</span> <span class='ocrx_word' id='word_1_46' title='bbox 411 887 575 921; x_wconf 89' lang='lat' dir='ltr'>sermo</span> <span class='ocrx_word' id='word_1_47' title='bbox 605 888 779 921; x_wconf 89' lang='lat' dir='ltr'>eorum</span> <span class='ocrx_word' id='word_1_48' title='bbox 797 875 854 920; x_wconf 90' lang='lat' dir='ltr'>ut</span> <span class='ocrx_word' id='word_1_49' title='bbox 871 885 1052 919; x_wconf 87' lang='lat' dir='ltr'>cancer</span> 
     </span>
     <span class='ocr_line' id='line_1_11' title="bbox 137 942 1052 1001; baseline -0.002 -14"><span class='ocrx_word' id='word_1_50' title='bbox 137 942 332 999; x_wconf 80' lang='lat' dir='ltr'>serpit3</span> <span class='ocrx_word' id='word_1_51' title='bbox 365 954 434 987; x_wconf 83' lang='lat' dir='ltr'>ex</span> <span class='ocrx_word' id='word_1_52' title='bbox 459 942 635 998; x_wconf 85' lang='lat' dir='ltr'>quibus</span> <span class='ocrx_word' id='word_1_53' title='bbox 665 944 742 988; x_wconf 84' lang='lat' dir='ltr'>est</span> <span class='ocrx_word' id='word_1_54' title='bbox 766 942 1052 1001; x_wconf 83' lang='lat' dir='ltr'>Hymenae-</span> 
     </span>
     <span class='ocr_line' id='line_1_12' title="bbox 135 1008 608 1068; baseline 0 -14"><span class='ocrx_word' id='word_1_55' title='bbox 135 1022 195 1054; x_wconf 89' lang='lat' dir='ltr'>us</span> <span class='ocrx_word' id='word_1_56' title='bbox 207 1014 261 1068; x_wconf 74' lang='lat' dir='ltr'>J,</span> <span class='ocrx_word' id='word_1_57' title='bbox 286 1011 344 1056; x_wconf 90' lang='lat' dir='ltr'>et</span> <span class='ocrx_word' id='word_1_58' title='bbox 362 1008 608 1067; x_wconf 86' lang='lat' dir='ltr'>Philetus,</span> 
     </span>
    </p>
   </div>
   <div class='ocr_carea' id='block_1_4' title="bbox 135 1090 1055 2087">
    <p class='ocr_par' dir='ltr' id='par_1_5' title="bbox 135 1090 1053 1339">
     <span class='ocr_line' id='line_1_13' title="bbox 205 1090 1052 1151; baseline 0.002 -16"><span class='ocrx_word' id='word_1_59' title='bbox 205 1094 289 1136; x_wconf 89' lang='lat'>18.</span> <span class='ocrx_word' id='word_1_60' title='bbox 330 1091 421 1147; x_wconf 91' lang='lat' dir='ltr'>qui</span> <span class='ocrx_word' id='word_1_61' title='bbox 438 1105 468 1137; x_wconf 88' lang='lat' dir='ltr'>a</span> <span class='ocrx_word' id='word_1_62' title='bbox 497 1092 712 1137; x_wconf 86' lang='lat' dir='ltr'>veritate</span> <span class='ocrx_word' id='word_1_63' title='bbox 740 1090 1052 1151; x_wconf 86' lang='lat' dir='ltr'>exciderunt,</span> 
     </span>
     <span class='ocr_line' id='line_1_14' title="bbox 137 1158 1053 1215; baseline 0.002 -13"><span class='ocrx_word' id='word_1_64' title='bbox 137 1158 374 1205; x_wconf 85' lang='lat' dir='ltr'>dicentes</span> <span class='ocrx_word' id='word_1_65' title='bbox 386 1159 813 1204; x_wconf 76' lang='lat' dir='ltr'>resurrectionem</span> <span class='ocrx_word' id='word_1_66' title='bbox 823 1170 934 1204; x_wconf 85' lang='lat' dir='ltr'>esse</span> <span class='ocrx_word' id='word_1_67' title='bbox 948 1158 1053 1215; x_wconf 83' lang='lat' dir='ltr'>jam</span> 
     </span>
     <span class='ocr_line' id='line_1_15' title="bbox 135 1226 1052 1284; baseline 0.001 -13"><span class='ocrx_word' id='word_1_68' title='bbox 135 1227 346 1284; x_wconf 80' lang='lat' dir='ltr'>factam,</span> <span class='ocrx_word' id='word_1_69' title='bbox 370 1226 424 1271; x_wconf 85' lang='lat' dir='ltr'>et</span> <span class='ocrx_word' id='word_1_70' title='bbox 442 1227 796 1271; x_wconf 87' lang='lat' dir='ltr'>subverterunt</span> <span class='ocrx_word' id='word_1_71' title='bbox 813 1238 1052 1282; x_wconf 88' lang='lat' dir='ltr'>quorum-</span> 
     </span>
     <span class='ocr_line' id='line_1_16' title="bbox 138 1292 726 1339; baseline 0.005 -3"><span class='ocrx_word' id='word_1_72' title='bbox 138 1292 252 1338; x_wconf 91' lang='lat' dir='ltr'>dam</span> <span class='ocrx_word' id='word_1_73' title='bbox 271 1293 444 1339; x_wconf 85' lang='lat' dir='ltr'>fidem.</span> <span class='ocrx_word' id='word_1_74' title='bbox 721 1294 726 1301; x_wconf 83' lang='lat'><strong><em>&#39;</em></strong></span> 
     </span>
    </p>

    <p class='ocr_par' dir='ltr' id='par_1_6' title="bbox 136 1357 1052 1741">
     <span class='ocr_line' id='line_1_17' title="bbox 206 1357 1052 1423; baseline 0.001 -19"><span class='ocrx_word' id='word_1_75' title='bbox 206 1361 290 1405; x_wconf 88' lang='lat'><strong>19.</strong></span> <span class='ocrx_word' id='word_1_76' title='bbox 333 1359 436 1406; x_wconf 85' lang='lat' dir='ltr'>Sed</span> <span class='ocrx_word' id='word_1_77' title='bbox 455 1361 646 1406; x_wconf 86' lang='lat' dir='ltr'>firmum</span> <span class='ocrx_word' id='word_1_78' title='bbox 677 1357 1052 1423; x_wconf 75' lang='lat' dir='ltr'>fundamentum</span> 
     </span>
     <span class='ocr_line' id='line_1_18' title="bbox 136 1426 1048 1487; baseline 0.001 -16"><span class='ocrx_word' id='word_1_79' title='bbox 136 1427 235 1473; x_wconf 89' lang='lat' dir='ltr'>Dei</span> <span class='ocrx_word' id='word_1_80' title='bbox 293 1428 404 1473; x_wconf 87' lang='lat' dir='ltr'>stat</span> <span class='ocrx_word' id='word_1_81' title='bbox 421 1457 436 1487; x_wconf 86' lang='lat'>‚</span> <span class='ocrx_word' id='word_1_82' title='bbox 499 1426 687 1473; x_wconf 84' lang='lat' dir='ltr'>habens</span> <span class='ocrx_word' id='word_1_83' title='bbox 739 1426 1048 1485; x_wconf 77' lang='lat' dir='ltr'>signaculum</span> 
     </span>
     <span class='ocr_line' id='line_1_19' title="bbox 137 1493 1052 1553; baseline 0.002 -15"><span class='ocrx_word' id='word_1_84' title='bbox 137 1494 260 1541; x_wconf 90' lang='lat' dir='ltr'>hoc:</span> <span class='ocrx_word' id='word_1_85' title='bbox 286 1493 818 1553; x_wconf 82' lang='lat' dir='ltr'>CognovitDominus,</span> <span class='ocrx_word' id='word_1_86' title='bbox 831 1494 914 1551; x_wconf 83' lang='lat' dir='ltr'>qui</span> <span class='ocrx_word' id='word_1_87' title='bbox 935 1496 1052 1540; x_wconf 87' lang='lat' dir='ltr'>sunt</span> 
     </span>
     <span class='ocr_line' id='line_1_20' title="bbox 138 1561 1050 1619; baseline 0.001 -13"><span class='ocrx_word' id='word_1_88' title='bbox 138 1562 314 1619; x_wconf 75' lang='lat' dir='ltr'>ejus⁸;</span> <span class='ocrx_word' id='word_1_89' title='bbox 339 1564 414 1608; x_wconf 88' lang='lat' dir='ltr'>et:</span> <span class='ocrx_word' id='word_1_90' title='bbox 443 1562 682 1609; x_wconf 87' lang='lat' dir='ltr'>Discedat</span> <span class='ocrx_word' id='word_1_91' title='bbox 709 1564 769 1607; x_wconf 85' lang='lat' dir='ltr'>ab</span> <span class='ocrx_word' id='word_1_92' title='bbox 786 1561 1050 1617; x_wconf 81' lang='lat' dir='ltr'>iniquitate</span> 
     </span>
     <span class='ocr_line' id='line_1_21' title="bbox 136 1628 1049 1687; baseline 0 -14"><span class='ocrx_word' id='word_1_93' title='bbox 136 1628 337 1687; x_wconf 84' lang='lat' dir='ltr'>omnis,</span> <span class='ocrx_word' id='word_1_94' title='bbox 370 1628 455 1685; x_wconf 92' lang='lat' dir='ltr'>qui</span> <span class='ocrx_word' id='word_1_95' title='bbox 482 1628 709 1673; x_wconf 87' lang='lat' dir='ltr'>nominat</span> <span class='ocrx_word' id='word_1_96' title='bbox 738 1640 924 1673; x_wconf 89' lang='lat' dir='ltr'>nomen</span> <span class='ocrx_word' id='word_1_97' title='bbox 941 1628 1049 1673; x_wconf 90' lang='lat' dir='ltr'>Do-</span> 
     </span>
     <span class='ocr_line' id='line_1_22' title="bbox 136 1694 286 1741; baseline 0 0"><span class='ocrx_word' id='word_1_98' title='bbox 136 1694 286 1741; x_wconf 86' lang='lat' dir='ltr'>mini!</span> 
     </span>
    </p>

    <p class='ocr_par' dir='ltr' id='par_1_7' title="bbox 138 1760 1055 2087">
     <span class='ocr_line' id='line_1_23' title="bbox 205 1760 1053 1817; baseline -0.002 -10"><span class='ocrx_word' id='word_1_99' title='bbox 205 1764 293 1807; x_wconf 87' lang='lat'><strong>20.</strong></span> <span class='ocrx_word' id='word_1_100' title='bbox 314 1762 378 1805; x_wconf 89' lang='lat' dir='ltr'>In</span> <span class='ocrx_word' id='word_1_101' title='bbox 396 1772 577 1817; x_wconf 81' lang='lat' dir='ltr'>magna</span> <span class='ocrx_word' id='word_1_102' title='bbox 596 1761 760 1805; x_wconf 87' lang='lat' dir='ltr'>autem</span> <span class='ocrx_word' id='word_1_103' title='bbox 780 1760 927 1804; x_wconf 90' lang='lat' dir='ltr'>domo</span> <span class='ocrx_word' id='word_1_104' title='bbox 947 1773 1053 1805; x_wconf 88' lang='lat' dir='ltr'>non</span> 
     </span>
     <span class='ocr_line' id='line_1_24' title="bbox 138 1826 1053 1883; baseline -0.004 -9"><span class='ocrx_word' id='word_1_105' title='bbox 138 1830 314 1874; x_wconf 88' lang='lat' dir='ltr'>solum</span> <span class='ocrx_word' id='word_1_106' title='bbox 335 1830 456 1872; x_wconf 87' lang='lat' dir='ltr'>sunt</span> <span class='ocrx_word' id='word_1_107' title='bbox 483 1839 606 1871; x_wconf 87' lang='lat' dir='ltr'>vasa</span> <span class='ocrx_word' id='word_1_108' title='bbox 623 1838 777 1872; x_wconf 87' lang='lat' dir='ltr'>aurea</span> <span class='ocrx_word' id='word_1_109' title='bbox 796 1826 848 1871; x_wconf 87' lang='lat' dir='ltr'>et</span> <span class='ocrx_word' id='word_1_110' title='bbox 867 1839 1053 1883; x_wconf 83' lang='lat' dir='ltr'>argen-</span> 
     </span>
     <span class='ocr_line' id='line_1_25' title="bbox 139 1892 1055 1954; baseline -0.002 -13"><span class='ocrx_word' id='word_1_111' title='bbox 139 1900 250 1954; x_wconf 85' lang='lat' dir='ltr'>tea,</span> <span class='ocrx_word' id='word_1_112' title='bbox 288 1892 384 1939; x_wconf 85' lang='lat' dir='ltr'>sed</span> <span class='ocrx_word' id='word_1_113' title='bbox 415 1896 466 1939; x_wconf 89' lang='lat' dir='ltr'>et</span> <span class='ocrx_word' id='word_1_114' title='bbox 483 1892 653 1951; x_wconf 85' lang='lat' dir='ltr'>lignea</span> <span class='ocrx_word' id='word_1_115' title='bbox 673 1897 722 1940; x_wconf 90' lang='lat' dir='ltr'>et</span> <span class='ocrx_word' id='word_1_116' title='bbox 741 1892 972 1950; x_wconf 67' lang='lat' dir='ltr'>flemina,</span> <span class='ocrx_word' id='word_1_117' title='bbox 1005 1895 1055 1939; x_wconf 89' lang='lat' dir='ltr'>et</span> 
     </span>
     <span class='ocr_line' id='line_1_26' title="bbox 141 1960 1050 2020; baseline -0.006 -10"><span class='ocrx_word' id='word_1_118' title='bbox 141 1961 395 2019; x_wconf 76' lang='lat' dir='ltr'>quaedam</span> <span class='ocrx_word' id='word_1_119' title='bbox 440 1960 633 2019; x_wconf 84' lang='lat' dir='ltr'>quidem</span> <span class='ocrx_word' id='word_1_120' title='bbox 681 1960 734 2006; x_wconf 92' lang='lat' dir='ltr'>in</span> <span class='ocrx_word' id='word_1_121' title='bbox 788 1960 1050 2020; x_wconf 86' lang='lat' dir='ltr'>honorem,</span> 
     </span>
     <span class='ocr_line' id='line_1_27' title="bbox 143 2028 1050 2087; baseline -0.004 -10"><span class='ocrx_word' id='word_1_122' title='bbox 143 2030 396 2087; x_wconf 76' lang='lat' dir='ltr'>quaedam</span> <span class='ocrx_word' id='word_1_123' title='bbox 413 2031 584 2075; x_wconf 85' lang='lat' dir='ltr'>autem</span> <span class='ocrx_word' id='word_1_124' title='bbox 600 2029 655 2075; x_wconf 90' lang='lat' dir='ltr'>in</span> <span class='ocrx_word' id='word_1_125' title='bbox 684 2028 1050 2074; x_wconf 85' lang='lat' dir='ltr'>contumeliam.</span> 
     </span>
    </p>
   </div>
   <div class='ocr_carea' id='block_1_5' title="bbox 146 2110 1054 2372">
    <p class='ocr_par' dir='ltr' id='par_1_8' title="bbox 146 2110 1054 2372">
     <span class='ocr_line' id='line_1_28' title="bbox 211 2110 1054 2170; baseline -0.002 -10"><span class='ocrx_word' id='word_1_126' title='bbox 211 2116 296 2160; x_wconf 87' lang='grc'>21.</span> <span class='ocrx_word' id='word_1_127' title='bbox 337 2113 394 2160; x_wconf 88' lang='lat' dir='ltr'>Si</span> <span class='ocrx_word' id='word_1_128' title='bbox 425 2113 534 2170; x_wconf 86' lang='lat' dir='ltr'>quis</span> <span class='ocrx_word' id='word_1_129' title='bbox 563 2125 686 2170; x_wconf 81' lang='lat' dir='ltr'>ergo</span> <span class='ocrx_word' id='word_1_130' title='bbox 708 2110 1054 2159; x_wconf 76' lang='lat' dir='ltr'>emundaverit</span> 
     </span>
     <span class='ocr_line' id='line_1_29' title="bbox 146 2178 1052 2238; baseline -0.001 -13"><span class='ocrx_word' id='word_1_131' title='bbox 146 2193 199 2226; x_wconf 90' lang='lat' dir='ltr'>se</span> <span class='ocrx_word' id='word_1_132' title='bbox 219 2184 282 2228; x_wconf 87' lang='lat' dir='ltr'>ab</span> <span class='ocrx_word' id='word_1_133' title='bbox 303 2180 445 2238; x_wconf 88' lang='lat' dir='ltr'>istis,</span> <span class='ocrx_word' id='word_1_134' title='bbox 477 2180 573 2226; x_wconf 84' lang='lat' dir='ltr'>erit</span> <span class='ocrx_word' id='word_1_135' title='bbox 604 2192 688 2226; x_wconf 90' lang='lat' dir='ltr'>vas</span> <span class='ocrx_word' id='word_1_136' title='bbox 721 2180 776 2224; x_wconf 88' lang='lat' dir='ltr'>in</span> <span class='ocrx_word' id='word_1_137' title='bbox 805 2178 1052 2225; x_wconf 86' lang='lat' dir='ltr'>honorem</span> 
     </span>
     <span class='ocr_line' id='line_1_30' title="bbox 147 2246 1050 2306; baseline 0 -14"><span class='ocrx_word' id='word_1_138' title='bbox 147 2248 527 2306; x_wconf 81' lang='lat' dir='ltr'>sanctificatum,</span> <span class='ocrx_word' id='word_1_139' title='bbox 566 2249 616 2293; x_wconf 88' lang='lat' dir='ltr'>et</span> <span class='ocrx_word' id='word_1_140' title='bbox 653 2246 776 2293; x_wconf 81' lang='lat' dir='ltr'>utile</span> <span class='ocrx_word' id='word_1_141' title='bbox 811 2247 1050 2306; x_wconf 87' lang='lat' dir='ltr'>Domino,</span> 
     </span>
     <span class='ocr_line' id='line_1_31' title="bbox 149 2315 992 2372; baseline 0 -14"><span class='ocrx_word' id='word_1_142' title='bbox 149 2316 210 2361; x_wconf 85' lang='lat' dir='ltr'>ad</span> <span class='ocrx_word' id='word_1_143' title='bbox 229 2329 384 2362; x_wconf 87' lang='lat' dir='ltr'>omne</span> <span class='ocrx_word' id='word_1_144' title='bbox 403 2327 530 2372; x_wconf 87' lang='lat' dir='ltr'>opus</span> <span class='ocrx_word' id='word_1_145' title='bbox 549 2316 734 2361; x_wconf 88' lang='lat' dir='ltr'>bonum</span> <span class='ocrx_word' id='word_1_146' title='bbox 750 2315 992 2371; x_wconf 82' lang='lat' dir='ltr'>paratum.</span> 
     </span>
    </p>
   </div>
   <div class='ocr_carea' id='block_1_6' title="bbox 150 2395 1054 2724">
    <p class='ocr_par' dir='ltr' id='par_1_9' title="bbox 150 2395 1054 2724">
     <span class='ocr_line' id='line_1_32' title="bbox 214 2395 1052 2445; baseline -0.005 0"><span class='ocrx_word' id='word_1_147' title='bbox 214 2401 298 2445; x_wconf 88' lang='grc'>22.</span> <span class='ocrx_word' id='word_1_148' title='bbox 333 2397 594 2444; x_wconf 84' lang='lat' dir='ltr'>Juvenilia</span> <span class='ocrx_word' id='word_1_149' title='bbox 621 2399 783 2443; x_wconf 89' lang='lat' dir='ltr'>autem</span> <span class='ocrx_word' id='word_1_150' title='bbox 805 2395 1052 2443; x_wconf 88' lang='lat' dir='ltr'>desideria</span> 
     </span>
     <span class='ocr_line' id='line_1_33' title="bbox 150 2463 1052 2526; baseline -0.002 -17"><span class='ocrx_word' id='word_1_151' title='bbox 150 2466 294 2526; x_wconf 77' lang='lat' dir='ltr'>fuge,</span> <span class='ocrx_word' id='word_1_152' title='bbox 325 2467 523 2513; x_wconf 86' lang='lat' dir='ltr'>sectare</span> <span class='ocrx_word' id='word_1_153' title='bbox 553 2477 675 2510; x_wconf 84' lang='lat' dir='ltr'>vero</span> <span class='ocrx_word' id='word_1_154' title='bbox 700 2463 972 2522; x_wconf 82' lang='lat' dir='ltr'>justitiam,</span> <span class='ocrx_word' id='word_1_155' title='bbox 991 2464 1052 2508; x_wconf 82' lang='lat' dir='ltr'>fi-</span> 
     </span>
     <span class='ocr_line' id='line_1_34' title="bbox 153 2531 1053 2593; baseline 0 -17"><span class='ocrx_word' id='word_1_156' title='bbox 153 2531 279 2593; x_wconf 88' lang='lat' dir='ltr'>dem,</span> <span class='ocrx_word' id='word_1_157' title='bbox 301 2547 462 2592; x_wconf 86' lang='lat' dir='ltr'>spem,</span> <span class='ocrx_word' id='word_1_158' title='bbox 484 2531 791 2591; x_wconf 85' lang='lat' dir='ltr'>charitatem,</span> <span class='ocrx_word' id='word_1_159' title='bbox 813 2533 863 2577; x_wconf 87' lang='lat' dir='ltr'>et</span> <span class='ocrx_word' id='word_1_160' title='bbox 879 2543 1053 2589; x_wconf 76' lang='lat' dir='ltr'>pacem</span> 
     </span>
     <span class='ocr_line' id='line_1_35' title="bbox 153 2598 1054 2660; baseline -0.001 -16"><span class='ocrx_word' id='word_1_161' title='bbox 153 2614 262 2645; x_wconf 86' lang='lat' dir='ltr'>cum</span> <span class='ocrx_word' id='word_1_162' title='bbox 287 2601 380 2660; x_wconf 86' lang='lat' dir='ltr'>iis,</span> <span class='ocrx_word' id='word_1_163' title='bbox 413 2599 498 2656; x_wconf 89' lang='lat' dir='ltr'>qui</span> <span class='ocrx_word' id='word_1_164' title='bbox 524 2599 764 2645; x_wconf 80' lang='lat' dir='ltr'>invocant</span> <span class='ocrx_word' id='word_1_165' title='bbox 783 2598 1054 2644; x_wconf 88' lang='lat' dir='ltr'>Dominum</span> 
     </span>
     <span class='ocr_line' id='line_1_36' title="bbox 159 2665 554 2724; baseline 0.008 -15"><span class='ocrx_word' id='word_1_166' title='bbox 159 2665 216 2712; x_wconf 87' lang='lat' dir='ltr'>de</span> <span class='ocrx_word' id='word_1_167' title='bbox 235 2668 390 2714; x_wconf 89' lang='lat' dir='ltr'>corde</span> <span class='ocrx_word' id='word_1_168' title='bbox 409 2679 554 2724; x_wconf 86' lang='lat' dir='ltr'>puro.</span> 
     </span>
    </p>
   </div>
   <div class='ocr_carea' id='block_1_7' title="bbox 159 2747 1054 2998">
    <p class='ocr_par' dir='ltr' id='par_1_10' title="bbox 159 2747 1053 2940">
     <span class='ocr_line' id='line_1_37' title="bbox 220 2747 1053 2798; baseline -0.001 -4"><span class='ocrx_word' id='word_1_169' title='bbox 220 2751 300 2796; x_wconf 80' lang='lat'><strong>23.</strong></span> <span class='ocrx_word' id='word_1_170' title='bbox 339 2749 528 2798; x_wconf 86' lang='lat' dir='ltr'>Stultas</span> <span class='ocrx_word' id='word_1_171' title='bbox 559 2753 723 2795; x_wconf 87' lang='lat' dir='ltr'>autem</span> <span class='ocrx_word' id='word_1_172' title='bbox 751 2751 802 2795; x_wconf 90' lang='lat' dir='ltr'>et</span> <span class='ocrx_word' id='word_1_173' title='bbox 837 2750 947 2795; x_wconf 91' lang='lat' dir='ltr'>sine</span> <span class='ocrx_word' id='word_1_174' title='bbox 975 2747 1053 2793; x_wconf 89' lang='lat' dir='ltr'>di-</span> 
     </span>
     <span class='ocr_line' id='line_1_38' title="bbox 159 2809 1052 2875; baseline 0.001 -16"><span class='ocrx_word' id='word_1_175' title='bbox 159 2817 368 2875; x_wconf 84' lang='lat' dir='ltr'>sciplina</span> <span class='ocrx_word' id='word_1_176' title='bbox 437 2809 788 2872; x_wconf 71' lang='lat' dir='ltr'>quaestionesb</span> <span class='ocrx_word' id='word_1_177' title='bbox 855 2815 1052 2872; x_wconf 79' lang='lat' dir='ltr'>devita3</span> 
     </span>
     <span class='ocr_line' id='line_1_39' title="bbox 160 2882 870 2940; baseline 0.001 -14"><span class='ocrx_word' id='word_1_178' title='bbox 160 2883 320 2930; x_wconf 88' lang='lat' dir='ltr'>sciens</span> <span class='ocrx_word' id='word_1_179' title='bbox 343 2883 461 2940; x_wconf 83' lang='lat' dir='ltr'>quia</span> <span class='ocrx_word' id='word_1_180' title='bbox 479 2886 724 2940; x_wconf 83' lang='lat' dir='ltr'>generant</span> <span class='ocrx_word' id='word_1_181' title='bbox 739 2882 870 2928; x_wconf 85' lang='lat' dir='ltr'>lites.</span> 
     </span>
    </p>

    <p class='ocr_par' dir='ltr' id='par_1_11' title="bbox 223 2948 1054 2998">
     <span class='ocr_line' id='line_1_40' title="bbox 223 2948 1054 2998; baseline -0.004 -2"><span class='ocrx_word' id='word_1_182' title='bbox 223 2953 303 2996; x_wconf 74' lang='lat'><strong>24.</strong></span> <span class='ocrx_word' id='word_1_183' title='bbox 327 2953 540 2998; x_wconf 86' lang='lat' dir='ltr'>Servum</span> <span class='ocrx_word' id='word_1_184' title='bbox 559 2950 724 2994; x_wconf 86' lang='lat' dir='ltr'>autem</span> <span class='ocrx_word' id='word_1_185' title='bbox 733 2948 937 2994; x_wconf 84' lang='lat' dir='ltr'>Domini</span> <span class='ocrx_word' id='word_1_186' title='bbox 949 2961 1054 2993; x_wconf 89' lang='lat' dir='ltr'>non</span> 
     </span>
    </p>
   </div>
   <div class='ocr_carea' id='block_1_8' title="bbox 161 3053 1053 3145">
    <p class='ocr_par' dir='ltr' id='par_1_12' title="bbox 161 3053 1053 3145">
     <span class='ocr_line' id='line_1_41' title="bbox 202 3053 1053 3102; baseline -0.004 -7"><span class='ocrx_word' id='word_1_187' title='bbox 202 3067 224 3091; x_wconf 74' lang='grc'><strong><em>7</em></strong></span> <span class='ocrx_word' id='word_1_188' title='bbox 242 3064 260 3095; x_wconf 88' lang='lat'>1</span> <span class='ocrx_word' id='word_1_189' title='bbox 283 3059 388 3096; x_wconf 82' lang='lat' dir='ltr'>Tim.</span> <span class='ocrx_word' id='word_1_190' title='bbox 405 3064 440 3102; x_wconf 87' lang='lat'>1,</span> <span class='ocrx_word' id='word_1_191' title='bbox 459 3063 518 3096; x_wconf 79' lang='lat'><strong>20.</strong></span> <span class='ocrx_word' id='word_1_192' title='bbox 567 3065 584 3082; x_wconf 77' lang='lat'><em>²</em></span> <span class='ocrx_word' id='word_1_193' title='bbox 600 3057 690 3094; x_wconf 77' lang='lat' dir='ltr'><strong>Joh.</strong></span> <span class='ocrx_word' id='word_1_194' title='bbox 709 3062 768 3097; x_wconf 87' lang='lat'>10,</span> <span class='ocrx_word' id='word_1_195' title='bbox 786 3060 824 3093; x_wconf 83' lang='grc'>4.</span> <span class='ocrx_word' id='word_1_196' title='bbox 870 3063 893 3082; x_wconf 81' lang='lat'>⁸</span> <span class='ocrx_word' id='word_1_197' title='bbox 909 3053 1053 3092; x_wconf 67' lang='lat' dir='ltr'>Mittin.</span> 
     </span>
     <span class='ocr_line' id='line_1_42' title="bbox 161 3101 952 3145; baseline -0.009 -1"><span class='ocrx_word' id='word_1_198' title='bbox 161 3108 225 3143; x_wconf 73' lang='lat'>13,</span> <span class='ocrx_word' id='word_1_199' title='bbox 251 3108 422 3143; x_wconf 78' lang='lat'><strong>24—30.</strong></span> <span class='ocrx_word' id='word_1_200' title='bbox 442 3107 613 3142; x_wconf 76' lang='lat'>47—-49,</span> <span class='ocrx_word' id='word_1_201' title='bbox 660 3103 676 3129; x_wconf 61' lang='grc' dir='ltr'><strong>ὃ</strong></span> <span class='ocrx_word' id='word_1_202' title='bbox 694 3109 714 3140; x_wconf 83' lang='lat'><em>1</em></span> <span class='ocrx_word' id='word_1_203' title='bbox 736 3101 838 3139; x_wconf 69' lang='lat' dir='ltr'>Tim.</span> <span class='ocrx_word' id='word_1_204' title='bbox 858 3106 895 3145; x_wconf 82' lang='lat' dir='ltr'>l,</span> <span class='ocrx_word' id='word_1_205' title='bbox 911 3106 952 3138; x_wconf 75' lang='lat'><strong>4.</strong></span> 
     </span>
    </p>
   </div>
   <div class='ocr_carea' id='block_1_9' title="bbox 273 3250 478 3306">
    <p class='ocr_par' dir='ltr' id='par_1_13' title="bbox 273 3250 478 3306">
     <span class='ocr_line' id='line_1_43' title="bbox 273 3250 478 3306; baseline 0.01 -14"><span class='ocrx_word' id='word_1_206' title='bbox 273 3250 385 3306; x_wconf 84' lang='lat' dir='ltr'>Cap.</span> <span class='ocrx_word' id='word_1_207' title='bbox 415 3251 478 3294; x_wconf 84' lang='grc' dir='ltr'>ΙΙ.</span> 
     </span>
    </p>
   </div>
   <div class='ocr_carea' id='block_1_10' title="bbox 167 3306 352 3360">
    <p class='ocr_par' dir='ltr' id='par_1_14' title="bbox 167 3306 352 3360">
     <span class='ocr_line' id='line_1_44' title="bbox 167 3306 352 3360; baseline 0.005 -16"><span class='ocrx_word' id='word_1_208' title='bbox 167 3311 211 3346; x_wconf 61' lang='lat' dir='ltr'>et</span> <span class='ocrx_word' id='word_1_209' title='bbox 226 3306 352 3360; x_wconf 66' lang='lat' dir='ltr'>nin).</span> 
     </span>
    </p>
   </div>
   <div class='ocr_carea' id='block_1_11' title="bbox 1918 154 2017 209">
    <p class='ocr_par' dir='ltr' id='par_1_15' title="bbox 1918 154 2017 209">
     <span class='ocr_line' id='line_1_45' title="bbox 1918 154 2017 209; baseline 0.01 -3"><span class='ocrx_word' id='word_1_210' title='bbox 1918 154 2017 209; x_wconf 75' lang='lat'>337</span> 
     </span>
    </p>
   </div>
   <div class='ocr_carea' id='block_1_12' title="bbox 1117 255 2019 985">
    <p class='ocr_par' dir='ltr' id='par_1_16' title="bbox 1121 255 2017 419">
     <span class='ocr_line' id='line_1_46' title="bbox 1121 255 2017 314; baseline 0.004 -14"><span class='ocrx_word' id='word_1_211' title='bbox 1121 258 1324 313; x_wconf 80' lang='lat' dir='ltr'>oportet</span> <span class='ocrx_word' id='word_1_212' title='bbox 1342 255 1565 314; x_wconf 75' lang='lat' dir='ltr'>litigare3</span> <span class='ocrx_word' id='word_1_213' title='bbox 1598 256 1690 303; x_wconf 87' lang='lat' dir='ltr'>sed</span> <span class='ocrx_word' id='word_1_214' title='bbox 1707 261 2017 304; x_wconf 83' lang='lat' dir='ltr'>mansuetum</span> 
     </span>
     <span class='ocr_line' id='line_1_47' title="bbox 1121 322 2016 385; baseline 0.003 -17"><span class='ocrx_word' id='word_1_215' title='bbox 1121 335 1233 369; x_wconf 87' lang='lat' dir='ltr'>esse</span> <span class='ocrx_word' id='word_1_216' title='bbox 1252 322 1315 369; x_wconf 85' lang='lat' dir='ltr'>ad</span> <span class='ocrx_word' id='word_1_217' title='bbox 1326 336 1517 383; x_wconf 89' lang='lat' dir='ltr'>omnes,</span> <span class='ocrx_word' id='word_1_218' title='bbox 1526 323 1807 385; x_wconf 87' lang='lat' dir='ltr'>docibilem,</span> <span class='ocrx_word' id='word_1_219' title='bbox 1818 324 2016 383; x_wconf 83' lang='lat' dir='ltr'>patien-</span> 
     </span>
     <span class='ocr_line' id='line_1_48' title="bbox 1230 396 1251 419; baseline 0 0"><span class='ocrx_word' id='word_1_220' title='bbox 1230 396 1251 419; x_wconf 77' lang='lat'><em>0</em></span> 
     </span>
    </p>

    <p class='ocr_par' dir='ltr' id='par_1_17' title="bbox 1117 392 2019 985">
     <span class='ocr_line' id='line_1_49' title="bbox 1120 392 2016 518; baseline 0.007 -17"><span class='ocrx_word' id='word_1_221' title='bbox 1120 392 1268 502; x_wconf 46' lang='lat'>“31353</span> <span class='ocrx_word' id='word_1_222' title='bbox 1304 470 1415 504; x_wconf 88' lang='lat' dir='ltr'>cum</span> <span class='ocrx_word' id='word_1_223' title='bbox 1447 428 1693 504; x_wconf 81' lang='lat' dir='ltr'>modestia</span> <span class='ocrx_word' id='word_1_224' title='bbox 1732 459 2016 518; x_wconf 81' lang='lat' dir='ltr'>corripien-</span> 
     </span>
     <span class='ocr_line' id='line_1_50' title="bbox 1119 524 2014 586; baseline 0.007 -17"><span class='ocrx_word' id='word_1_225' title='bbox 1119 525 1220 569; x_wconf 89' lang='lat' dir='ltr'>tem</span> <span class='ocrx_word' id='word_1_226' title='bbox 1249 537 1366 583; x_wconf 87' lang='lat' dir='ltr'>eos,</span> <span class='ocrx_word' id='word_1_227' title='bbox 1402 524 1489 582; x_wconf 88' lang='lat' dir='ltr'>qui</span> <span class='ocrx_word' id='word_1_228' title='bbox 1514 525 1757 572; x_wconf 88' lang='lat' dir='ltr'>resistunt</span> <span class='ocrx_word' id='word_1_229' title='bbox 1786 528 2014 586; x_wconf 84' lang='lat' dir='ltr'>veritati;</span> 
     </span>
     <span class='ocr_line' id='line_1_51' title="bbox 1117 584 2017 652; baseline 0.007 -16"><span class='ocrx_word' id='word_1_230' title='bbox 1117 604 1183 637; x_wconf 89' lang='lat' dir='ltr'>ne</span> <span class='ocrx_word' id='word_1_231' title='bbox 1204 591 1401 647; x_wconf 88' lang='lat' dir='ltr'>quando</span> <span class='ocrx_word' id='word_1_232' title='bbox 1421 584 1598 639; x_wconf 70' lang='lat' dir='ltr'>Deusd</span> <span class='ocrx_word' id='word_1_233' title='bbox 1616 592 1699 638; x_wconf 91' lang='lat' dir='ltr'>det</span> <span class='ocrx_word' id='word_1_234' title='bbox 1716 593 1817 639; x_wconf 90' lang='lat' dir='ltr'>illis</span> <span class='ocrx_word' id='word_1_235' title='bbox 1834 594 2017 652; x_wconf 85' lang='lat' dir='ltr'>poeni-</span> 
     </span>
     <span class='ocr_line' id='line_1_52' title="bbox 1117 658 2014 718; baseline 0.004 -15"><span class='ocrx_word' id='word_1_236' title='bbox 1117 658 1327 705; x_wconf 85' lang='lat' dir='ltr'>tentiam</span> <span class='ocrx_word' id='word_1_237' title='bbox 1352 659 1415 705; x_wconf 87' lang='lat' dir='ltr'>ad</span> <span class='ocrx_word' id='word_1_238' title='bbox 1443 660 1843 718; x_wconf 76' lang='lat' dir='ltr'>cognoscendam</span> <span class='ocrx_word' id='word_1_239' title='bbox 1878 662 2014 709; x_wconf 86' lang='lat' dir='ltr'>veri-</span> 
     </span>
     <span class='ocr_line' id='line_1_53' title="bbox 1117 726 2016 851; baseline 0.004 -14"><span class='ocrx_word' id='word_1_240' title='bbox 1117 726 1269 838; x_wconf 43' lang='lat' dir='ltr'>tatggf</span> <span class='ocrx_word' id='word_1_241' title='bbox 1284 759 1354 839; x_wconf 68' lang='lat' dir='ltr'>’et</span> <span class='ocrx_word' id='word_1_242' title='bbox 1369 793 1668 851; x_wconf 85' lang='lat' dir='ltr'>resipiscant</span> <span class='ocrx_word' id='word_1_243' title='bbox 1686 806 1717 840; x_wconf 86' lang='lat' dir='ltr'>a</span> <span class='ocrx_word' id='word_1_244' title='bbox 1735 793 1921 841; x_wconf 87' lang='lat' dir='ltr'>diaboli</span> <span class='ocrx_word' id='word_1_245' title='bbox 1938 796 2016 841; x_wconf 83' lang='lat' dir='ltr'>la-</span> 
     </span>
     <span class='ocr_line' id='line_1_54' title="bbox 1119 859 2019 920; baseline 0.002 -15"><span class='ocrx_word' id='word_1_246' title='bbox 1119 859 1285 920; x_wconf 85' lang='lat' dir='ltr'>queis,</span> <span class='ocrx_word' id='word_1_247' title='bbox 1314 872 1344 905; x_wconf 89' lang='lat' dir='ltr'>a</span> <span class='ocrx_word' id='word_1_248' title='bbox 1363 874 1461 917; x_wconf 87' lang='lat' dir='ltr'>quo</span> <span class='ocrx_word' id='word_1_249' title='bbox 1490 861 1675 919; x_wconf 84' lang='lat' dir='ltr'>captivi</span> <span class='ocrx_word' id='word_1_250' title='bbox 1700 863 1937 909; x_wconf 86' lang='lat' dir='ltr'>tenentur</span> <span class='ocrx_word' id='word_1_251' title='bbox 1956 862 2019 908; x_wconf 85' lang='lat' dir='ltr'>ad</span> 
     </span>
     <span class='ocr_line' id='line_1_55' title="bbox 1117 925 1617 985; baseline 0 -12"><span class='ocrx_word' id='word_1_252' title='bbox 1117 925 1275 985; x_wconf 85' lang='lat' dir='ltr'>ipsius</span> <span class='ocrx_word' id='word_1_253' title='bbox 1295 926 1617 975; x_wconf 85' lang='lat' dir='ltr'>voluntatem.</span> 
     </span>
    </p>
   </div>
   <div class='ocr_carea' id='block_1_13' title="bbox 1416 1047 1715 1101">
    <p class='ocr_par' dir='ltr' id='par_1_18' title="bbox 1416 1047 1715 1101">
     <span class='ocr_line' id='line_1_56' title="bbox 1416 1047 1715 1101; baseline 0.003 -3"><span class='ocrx_word' id='word_1_254' title='bbox 1416 1047 1584 1099; x_wconf 85' lang='lat' dir='ltr'><strong>CAP.</strong></span> <span class='ocrx_word' id='word_1_255' title='bbox 1622 1050 1715 1101; x_wconf 89' lang='lat'><strong>111.</strong></span> 
     </span>
    </p>
   </div>
   <div class='ocr_carea' id='block_1_14' title="bbox 1116 1137 2016 1349">
    <p class='ocr_par' dir='ltr' id='par_1_19' title="bbox 1116 1137 2014 1188">
     <span class='ocr_line' id='line_1_57' title="bbox 1116 1137 2014 1188; baseline 0.007 -9"><span class='ocrx_word' id='word_1_256' title='bbox 1116 1138 1378 1188; x_wconf 71' lang='lat' dir='ltr'>Praefficit,</span> <span class='ocrx_word' id='word_1_257' title='bbox 1399 1137 1599 1183; x_wconf 85' lang='lat' dir='ltr'>homines</span> <span class='ocrx_word' id='word_1_258' title='bbox 1626 1142 1761 1185; x_wconf 83' lang='lat' dir='ltr'>variis</span> <span class='ocrx_word' id='word_1_259' title='bbox 1789 1141 2014 1185; x_wconf 77' lang='lat' dir='ltr'>involutos</span> 
     </span>
    </p>

    <p class='ocr_par' dir='ltr' id='par_1_20' title="bbox 1117 1194 2015 1248">
     <span class='ocr_line' id='line_1_58' title="bbox 1117 1194 2015 1248; baseline 0.006 -13"><span class='ocrx_word' id='word_1_260' title='bbox 1117 1194 1217 1237; x_wconf 84' lang='lat' dir='ltr'>fore</span> <span class='ocrx_word' id='word_1_261' title='bbox 1237 1195 1452 1248; x_wconf 75' lang='lat' dir='ltr'>peccatis.</span> <span class='ocrx_word' id='word_1_262' title='bbox 1511 1196 1729 1239; x_wconf 78' lang='lat' dir='ltr'>Hortatur</span> <span class='ocrx_word' id='word_1_263' title='bbox 1748 1198 1806 1239; x_wconf 85' lang='lat' dir='ltr'>ad</span> <span class='ocrx_word' id='word_1_264' title='bbox 1826 1199 2015 1240; x_wconf 77' lang='lat' dir='ltr'>virtutes</span> 
     </span>
    </p>

    <p class='ocr_par' dir='ltr' id='par_1_21' title="bbox 1117 1247 2016 1349">
     <span class='ocr_line' id='line_1_59' title="bbox 1117 1247 2016 1303; baseline 0.004 -12"><span class='ocrx_word' id='word_1_265' title='bbox 1117 1247 1469 1303; x_wconf 80' lang='lat' dir='ltr'>amplectendas.</span> <span class='ocrx_word' id='word_1_266' title='bbox 1538 1252 1609 1293; x_wconf 86' lang='lat' dir='ltr'>De</span> <span class='ocrx_word' id='word_1_267' title='bbox 1638 1250 1834 1295; x_wconf 84' lang='lat' dir='ltr'>utilitate</span> <span class='ocrx_word' id='word_1_268' title='bbox 1860 1252 2016 1295; x_wconf 83' lang='lat' dir='ltr'>litera-</span> 
     </span>
     <span class='ocr_line' id='line_1_60' title="bbox 1384 1318 1748 1349; baseline -0.003 -2"><span class='ocrx_word' id='word_1_269' title='bbox 1384 1318 1481 1347; x_wconf 79' lang='lat' dir='ltr'>rum</span> <span class='ocrx_word' id='word_1_270' title='bbox 1508 1318 1748 1349; x_wconf 79' lang='lat' dir='ltr'>sacrarum.</span> 
     </span>
    </p>
   </div>
   <div class='ocr_carea' id='block_1_15' title="bbox 1115 1390 2017 2924">
    <p class='ocr_par' dir='ltr' id='par_1_22' title="bbox 1115 1390 2017 1585">
     <span class='ocr_line' id='line_1_61' title="bbox 1183 1390 2017 1451; baseline 0.005 -16"><span class='ocrx_word' id='word_1_271' title='bbox 1183 1392 1231 1435; x_wconf 88' lang='lat'><strong>1.</strong></span> <span class='ocrx_word' id='word_1_272' title='bbox 1260 1390 1372 1437; x_wconf 84' lang='lat' dir='ltr'>Hoc</span> <span class='ocrx_word' id='word_1_273' title='bbox 1410 1392 1576 1437; x_wconf 86' lang='lat' dir='ltr'>autem</span> <span class='ocrx_word' id='word_1_274' title='bbox 1612 1390 1757 1451; x_wconf 88' lang='lat' dir='ltr'>scito,</span> <span class='ocrx_word' id='word_1_275' title='bbox 1795 1394 1927 1450; x_wconf 83' lang='lat' dir='ltr'>quod</span> <span class='ocrx_word' id='word_1_276' title='bbox 1962 1393 2017 1439; x_wconf 89' lang='lat' dir='ltr'>in</span> 
     </span>
     <span class='ocr_line' id='line_1_62' title="bbox 1115 1456 2016 1507; baseline 0.007 -5"><span class='ocrx_word' id='word_1_277' title='bbox 1115 1456 1405 1503; x_wconf 85' lang='lat' dir='ltr'>novissimis</span> <span class='ocrx_word' id='word_1_278' title='bbox 1427 1457 1596 1506; x_wconf 88' lang='lat' dir='ltr'>diebus</span> <span class='ocrx_word' id='word_1_279' title='bbox 1615 1458 1870 1507; x_wconf 84' lang='lat' dir='ltr'>instabunt</span> <span class='ocrx_word' id='word_1_280' title='bbox 1887 1462 2016 1507; x_wconf 90' lang='lat' dir='ltr'>tem-</span> 
     </span>
     <span class='ocr_line' id='line_1_63' title="bbox 1115 1524 1591 1585; baseline 0.004 -15"><span class='ocrx_word' id='word_1_281' title='bbox 1115 1538 1243 1585; x_wconf 85' lang='lat' dir='ltr'>pora</span> <span class='ocrx_word' id='word_1_282' title='bbox 1262 1524 1591 1582; x_wconf 67' lang='lat' dir='ltr'>periculosae.</span> 
     </span>
    </p>

    <p class='ocr_par' dir='ltr' id='par_1_23' title="bbox 1116 1592 2016 1853">
     <span class='ocr_line' id='line_1_64' title="bbox 1181 1592 2016 1653; baseline 0.007 -17"><span class='ocrx_word' id='word_1_283' title='bbox 1181 1593 1230 1636; x_wconf 87' lang='grc'>2.</span> <span class='ocrx_word' id='word_1_284' title='bbox 1265 1592 1427 1639; x_wconf 88' lang='lat' dir='ltr'>Erunt</span> <span class='ocrx_word' id='word_1_285' title='bbox 1454 1593 1682 1640; x_wconf 86' lang='lat' dir='ltr'>homines</span> <span class='ocrx_word' id='word_1_286' title='bbox 1711 1607 1765 1641; x_wconf 88' lang='lat' dir='ltr'>se</span> <span class='ocrx_word' id='word_1_287' title='bbox 1794 1596 1931 1653; x_wconf 88' lang='lat' dir='ltr'>ipsos</span> <span class='ocrx_word' id='word_1_288' title='bbox 1960 1609 2016 1641; x_wconf 91' lang='lat' dir='ltr'>a-</span> 
     </span>
     <span class='ocr_line' id='line_1_65' title="bbox 1116 1660 2015 1721; baseline 0.006 -18"><span class='ocrx_word' id='word_1_289' title='bbox 1116 1661 1334 1717; x_wconf 84' lang='lat' dir='ltr'>mantes,</span> <span class='ocrx_word' id='word_1_290' title='bbox 1374 1660 1565 1719; x_wconf 85' lang='lat' dir='ltr'>cupidi,</span> <span class='ocrx_word' id='word_1_291' title='bbox 1604 1660 1749 1721; x_wconf 83' lang='lat' dir='ltr'>elati,</span> <span class='ocrx_word' id='word_1_292' title='bbox 1796 1664 2015 1721; x_wconf 87' lang='lat' dir='ltr'>superbi,</span> 
     </span>
     <span class='ocr_line' id='line_1_66' title="bbox 1118 1725 2016 1785; baseline 0.004 -14"><span class='ocrx_word' id='word_1_293' title='bbox 1118 1725 1419 1785; x_wconf 86' lang='lat' dir='ltr'>blasphemi,</span> <span class='ocrx_word' id='word_1_294' title='bbox 1450 1726 1739 1782; x_wconf 84' lang='lat' dir='ltr'>parentibus</span> <span class='ocrx_word' id='word_1_295' title='bbox 1768 1741 1873 1774; x_wconf 86' lang='lat' dir='ltr'>non</span> <span class='ocrx_word' id='word_1_296' title='bbox 1894 1732 2016 1775; x_wconf 89' lang='lat' dir='ltr'>obe-</span> 
     </span>
     <span class='ocr_line' id='line_1_67' title="bbox 1120 1791 1791 1853; baseline 0.007 -18"><span class='ocrx_word' id='word_1_297' title='bbox 1120 1791 1331 1849; x_wconf 87' lang='lat' dir='ltr'>dientes,</span> <span class='ocrx_word' id='word_1_298' title='bbox 1350 1791 1552 1851; x_wconf 79' lang='lat' dir='ltr'>ingrati,</span> <span class='ocrx_word' id='word_1_299' title='bbox 1574 1792 1791 1853; x_wconf 87' lang='lat' dir='ltr'>scelesti,</span> 
     </span>
    </p>

    <p class='ocr_par' dir='ltr' id='par_1_24' title="bbox 1118 1849 2015 2055">
     <span class='ocr_line' id='line_1_68' title="bbox 1187 1849 2014 1922; baseline 0.007 -20"><span class='ocrx_word' id='word_1_300' title='bbox 1187 1858 1234 1902; x_wconf 89' lang='grc'>3.</span> <span class='ocrx_word' id='word_1_301' title='bbox 1269 1849 1305 1896; x_wconf 90' lang='lat' dir='ltr'><strong><em>s</em></strong></span> <span class='ocrx_word' id='word_1_302' title='bbox 1316 1858 1425 1904; x_wconf 86' lang='lat' dir='ltr'>sine</span> <span class='ocrx_word' id='word_1_303' title='bbox 1445 1858 1731 1919; x_wconf 77' lang='lat' dir='ltr'>affectione,</span> <span class='ocrx_word' id='word_1_304' title='bbox 1744 1860 1854 1907; x_wconf 83' lang='lat' dir='ltr'>sine</span> <span class='ocrx_word' id='word_1_305' title='bbox 1873 1874 2014 1922; x_wconf 87' lang='lat' dir='ltr'>pace,</span> 
     </span>
     <span class='ocr_line' id='line_1_69' title="bbox 1121 1923 2015 1989; baseline 0.007 -19"><span class='ocrx_word' id='word_1_306' title='bbox 1121 1923 1487 1986; x_wconf 79' lang='lat' dir='ltr'>crimInatores,</span> <span class='ocrx_word' id='word_1_307' title='bbox 1507 1925 1900 1989; x_wconf 84' lang='lat' dir='ltr'>incontinentes,</span> <span class='ocrx_word' id='word_1_308' title='bbox 1921 1928 2015 1975; x_wconf 89' lang='lat' dir='ltr'>im-</span> 
     </span>
     <span class='ocr_line' id='line_1_70' title="bbox 1118 1991 1759 2055; baseline 0.005 -18"><span class='ocrx_word' id='word_1_309' title='bbox 1118 1991 1283 2050; x_wconf 84' lang='lat' dir='ltr'>mites,</span> <span class='ocrx_word' id='word_1_310' title='bbox 1304 1992 1413 2039; x_wconf 87' lang='lat' dir='ltr'>sine</span> <span class='ocrx_word' id='word_1_311' title='bbox 1433 1993 1759 2055; x_wconf 82' lang='lat' dir='ltr'>benignitate,</span> 
     </span>
    </p>

    <p class='ocr_par' dir='ltr' id='par_1_25' title="bbox 1118 2059 2015 2254">
     <span class='ocr_line' id='line_1_71' title="bbox 1185 2059 2015 2123; baseline 0.01 -20"><span class='ocrx_word' id='word_1_312' title='bbox 1185 2062 1233 2104; x_wconf 81' lang='lat'><strong>4.</strong></span> <span class='ocrx_word' id='word_1_313' title='bbox 1269 2059 1571 2120; x_wconf 86' lang='lat' dir='ltr'>proditores,</span> <span class='ocrx_word' id='word_1_314' title='bbox 1593 2062 1845 2123; x_wconf 87' lang='lat' dir='ltr'>protervi,</span> <span class='ocrx_word' id='word_1_315' title='bbox 1864 2065 2015 2110; x_wconf 87' lang='lat' dir='ltr'>tumi-</span> 
     </span>
     <span class='ocr_line' id='line_1_72' title="bbox 1119 2126 2013 2186; baseline 0.009 -15"><span class='ocrx_word' id='word_1_316' title='bbox 1119 2126 1195 2185; x_wconf 90' lang='lat' dir='ltr'>di,</span> <span class='ocrx_word' id='word_1_317' title='bbox 1226 2128 1277 2172; x_wconf 87' lang='lat' dir='ltr'>et</span> <span class='ocrx_word' id='word_1_318' title='bbox 1297 2126 1605 2186; x_wconf 87' lang='lat' dir='ltr'>voluptatum</span> <span class='ocrx_word' id='word_1_319' title='bbox 1631 2132 1879 2178; x_wconf 85' lang='lat' dir='ltr'>amatores</span> <span class='ocrx_word' id='word_1_320' title='bbox 1907 2145 2013 2178; x_wconf 88' lang='lat' dir='ltr'>ma·</span> 
     </span>
     <span class='ocr_line' id='line_1_73' title="bbox 1118 2194 1511 2254; baseline 0.005 -15"><span class='ocrx_word' id='word_1_321' title='bbox 1118 2194 1213 2252; x_wconf 83' lang='lat' dir='ltr'>gis,</span> <span class='ocrx_word' id='word_1_322' title='bbox 1234 2207 1381 2250; x_wconf 86' lang='lat' dir='ltr'>quam</span> <span class='ocrx_word' id='word_1_323' title='bbox 1399 2195 1511 2254; x_wconf 86' lang='lat' dir='ltr'>Dei,</span> 
     </span>
    </p>

    <p class='ocr_par' dir='ltr' id='par_1_26' title="bbox 1115 2262 2015 2453">
     <span class='ocr_line' id='line_1_74' title="bbox 1183 2262 2015 2322; baseline 0.007 -16"><span class='ocrx_word' id='word_1_324' title='bbox 1183 2265 1232 2306; x_wconf 82' lang='lat'><strong>5.</strong></span> <span class='ocrx_word' id='word_1_325' title='bbox 1284 2262 1524 2308; x_wconf 88' lang='lat' dir='ltr'>habentes</span> <span class='ocrx_word' id='word_1_326' title='bbox 1561 2263 1778 2322; x_wconf 87' lang='lat' dir='ltr'>speciem</span> <span class='ocrx_word' id='word_1_327' title='bbox 1818 2265 2015 2322; x_wconf 89' lang='lat' dir='ltr'>quidem</span> 
     </span>
     <span class='ocr_line' id='line_1_75' title="bbox 1115 2327 2015 2389; baseline 0.007 -16"><span class='ocrx_word' id='word_1_328' title='bbox 1115 2327 1334 2389; x_wconf 84' lang='lat' dir='ltr'>pietatis,</span> <span class='ocrx_word' id='word_1_329' title='bbox 1356 2329 1590 2387; x_wconf 83' lang='lat' dir='ltr'>virtutem</span> <span class='ocrx_word' id='word_1_330' title='bbox 1613 2333 1777 2378; x_wconf 89' lang='lat' dir='ltr'>autem</span> <span class='ocrx_word' id='word_1_331' title='bbox 1796 2332 1905 2389; x_wconf 88' lang='lat' dir='ltr'>ejus</span> <span class='ocrx_word' id='word_1_332' title='bbox 1926 2336 2015 2379; x_wconf 88' lang='lat' dir='ltr'>ab-</span> 
     </span>
     <span class='ocr_line' id='line_1_76' title="bbox 1116 2396 1828 2453; baseline 0.006 -13"><span class='ocrx_word' id='word_1_333' title='bbox 1116 2398 1376 2453; x_wconf 83' lang='lat' dir='ltr'>negantes.</span> <span class='ocrx_word' id='word_1_334' title='bbox 1444 2396 1512 2443; x_wconf 80' lang='lat' dir='ltr'>Et</span> <span class='ocrx_word' id='word_1_335' title='bbox 1528 2397 1621 2443; x_wconf 89' lang='lat' dir='ltr'>hos</span> <span class='ocrx_word' id='word_1_336' title='bbox 1642 2397 1828 2444; x_wconf 89' lang='lat' dir='ltr'>devita!</span> 
     </span>
    </p>

    <p class='ocr_par' dir='ltr' id='par_1_27' title="bbox 1118 2463 2015 2785">
     <span class='ocr_line' id='line_1_77' title="bbox 1185 2463 2014 2523; baseline 0.007 -17"><span class='ocrx_word' id='word_1_337' title='bbox 1185 2465 1232 2507; x_wconf 87' lang='grc'>6.</span> <span class='ocrx_word' id='word_1_338' title='bbox 1266 2463 1349 2509; x_wconf 80' lang='lat' dir='ltr'>Ex</span> <span class='ocrx_word' id='word_1_339' title='bbox 1373 2464 1452 2508; x_wconf 86' lang='lat' dir='ltr'>his</span> <span class='ocrx_word' id='word_1_340' title='bbox 1482 2464 1614 2510; x_wconf 89' lang='lat' dir='ltr'>enim</span> <span class='ocrx_word' id='word_1_341' title='bbox 1642 2466 1782 2522; x_wconf 88' lang='lat' dir='ltr'>sunt,</span> <span class='ocrx_word' id='word_1_342' title='bbox 1813 2465 1899 2522; x_wconf 83' lang='lat' dir='ltr'>qui</span> <span class='ocrx_word' id='word_1_343' title='bbox 1924 2479 2014 2523; x_wconf 84' lang='lat' dir='ltr'>pe-</span> 
     </span>
     <span class='ocr_line' id='line_1_78' title="bbox 1119 2529 2014 2588; baseline 0.006 -15"><span class='ocrx_word' id='word_1_344' title='bbox 1119 2531 1323 2574; x_wconf 84' lang='lat' dir='ltr'>netrant</span> <span class='ocrx_word' id='word_1_345' title='bbox 1349 2529 1550 2588; x_wconf 90' lang='lat' dir='ltr'>domos,</span> <span class='ocrx_word' id='word_1_346' title='bbox 1590 2532 1642 2576; x_wconf 88' lang='lat' dir='ltr'>et</span> <span class='ocrx_word' id='word_1_347' title='bbox 1669 2531 1891 2588; x_wconf 85' lang='lat' dir='ltr'>captivas</span> <span class='ocrx_word' id='word_1_348' title='bbox 1922 2533 2014 2578; x_wconf 87' lang='lat' dir='ltr'>du-</span> 
     </span>
     <span class='ocr_line' id='line_1_79' title="bbox 1120 2595 2015 2655; baseline 0.004 -15"><span class='ocrx_word' id='word_1_349' title='bbox 1120 2599 1241 2641; x_wconf 88' lang='lat' dir='ltr'>cunt</span> <span class='ocrx_word' id='word_1_350' title='bbox 1257 2595 1574 2643; x_wconf 81' lang='lat' dir='ltr'>mulierculas</span> <span class='ocrx_word' id='word_1_351' title='bbox 1588 2599 1820 2644; x_wconf 87' lang='lat' dir='ltr'>oneratas</span> <span class='ocrx_word' id='word_1_352' title='bbox 1834 2611 2015 2655; x_wconf 85' lang='lat' dir='ltr'>pecca·</span> 
     </span>
     <span class='ocr_line' id='line_1_80' title="bbox 1119 2662 2015 2721; baseline 0.004 -14"><span class='ocrx_word' id='word_1_353' title='bbox 1119 2662 1202 2721; x_wconf 88' lang='lat' dir='ltr'>tis,</span> <span class='ocrx_word' id='word_1_354' title='bbox 1224 2676 1350 2719; x_wconf 84' lang='lat' dir='ltr'>qnae</span> <span class='ocrx_word' id='word_1_355' title='bbox 1372 2663 1617 2709; x_wconf 87' lang='lat' dir='ltr'>ducuntur</span> <span class='ocrx_word' id='word_1_356' title='bbox 1639 2663 1788 2709; x_wconf 83' lang='lat' dir='ltr'>variis</span> <span class='ocrx_word' id='word_1_357' title='bbox 1819 2665 2015 2711; x_wconf 87' lang='lat' dir='ltr'>deside-</span> 
     </span>
     <span class='ocr_line' id='line_1_81' title="bbox 1118 2742 1237 2785; baseline 0 -11"><span class='ocrx_word' id='word_1_358' title='bbox 1118 2742 1237 2785; x_wconf 73' lang='grc' dir='ltr'>τηις</span> 
     </span>
    </p>

    <p class='ocr_par' dir='ltr' id='par_1_28' title="bbox 1120 2797 2015 2924">
     <span class='ocr_line' id='line_1_82' title="bbox 1186 2797 2014 2854; baseline 0.007 -14"><span class='ocrx_word' id='word_1_359' title='bbox 1186 2799 1235 2842; x_wconf 80' lang='grc'>’7.</span> <span class='ocrx_word' id='word_1_360' title='bbox 1271 2809 1467 2854; x_wconf 86' lang='lat' dir='ltr'>semper</span> <span class='ocrx_word' id='word_1_361' title='bbox 1495 2797 1768 2854; x_wconf 84' lang='lat' dir='ltr'>discentes,</span> <span class='ocrx_word' id='word_1_362' title='bbox 1801 2800 1851 2844; x_wconf 87' lang='lat' dir='ltr'>et</span> <span class='ocrx_word' id='word_1_363' title='bbox 1868 2812 2014 2846; x_wconf 88' lang='lat' dir='ltr'>uum-</span> 
     </span>
     <span class='ocr_line' id='line_1_83' title="bbox 1120 2863 2015 2924; baseline 0.004 -16"><span class='ocrx_word' id='word_1_364' title='bbox 1120 2876 1265 2920; x_wconf 86' lang='lat' dir='ltr'>quam</span> <span class='ocrx_word' id='word_1_365' title='bbox 1284 2863 1347 2908; x_wconf 89' lang='lat' dir='ltr'>ad</span> <span class='ocrx_word' id='word_1_366' title='bbox 1374 2863 1630 2909; x_wconf 87' lang='lat' dir='ltr'>scientiam</span> <span class='ocrx_word' id='word_1_367' title='bbox 1652 2864 1875 2912; x_wconf 85' lang='lat' dir='ltr'>veritatis</span> <span class='ocrx_word' id='word_1_368' title='bbox 1896 2881 2015 2924; x_wconf 85' lang='lat' dir='ltr'>per-</span> 
     </span>
    </p>
   </div>
   <div class='ocr_carea' id='block_1_16' title="bbox 1084 2915 1435 2978">
    <p class='ocr_par' dir='ltr' id='par_1_29' title="bbox 1084 2915 1435 2978">
     <span class='ocr_line' id='line_1_84' title="bbox 1084 2915 1435 2978; baseline -0.006 -2"><span class='ocrx_word' id='word_1_369' title='bbox 1084 2915 1090 2978; x_wconf 85' lang='grc' dir='ltr'>Ι</span> <span class='ocrx_word' id='word_1_370' title='bbox 1123 2930 1380 2976; x_wconf 86' lang='lat' dir='ltr'>venientes</span> <span class='ocrx_word' id='word_1_371' title='bbox 1389 2936 1435 2974; x_wconf 71' lang='grc' dir='ltr'>ἕ.</span> 
     </span>
    </p>
   </div>
   <div class='ocr_carea' id='block_1_17' title="bbox 1117 3005 2012 3144">
    <p class='ocr_par' dir='ltr' id='par_1_30' title="bbox 1117 3005 2012 3144">
     <span class='ocr_line' id='line_1_85' title="bbox 1164 3005 2012 3054; baseline 0.007 -12"><span class='ocrx_word' id='word_1_372' title='bbox 1164 3015 1181 3035; x_wconf 82' lang='lat' dir='ltr'>e</span> <span class='ocrx_word' id='word_1_373' title='bbox 1199 3007 1282 3044; x_wconf 79' lang='lat' dir='ltr'>Tit.</span> <span class='ocrx_word' id='word_1_374' title='bbox 1299 3013 1344 3051; x_wconf 89' lang='lat'>1,</span> <span class='ocrx_word' id='word_1_375' title='bbox 1362 3012 1394 3044; x_wconf 87' lang='lat'><strong>7.</strong></span> <span class='ocrx_word' id='word_1_376' title='bbox 1443 3005 1465 3034; x_wconf 64' lang='grc' dir='ltr'>ἅ</span> <span class='ocrx_word' id='word_1_377' title='bbox 1480 3007 1625 3044; x_wconf 68' lang='lat' dir='ltr'>nauh.</span> <span class='ocrx_word' id='word_1_378' title='bbox 1645 3013 1710 3054; x_wconf 80' lang='lat'>19,</span> <span class='ocrx_word' id='word_1_379' title='bbox 1728 3014 1785 3048; x_wconf 73' lang='lat'><strong>26.</strong></span> <span class='ocrx_word' id='word_1_380' title='bbox 1833 3020 1850 3039; x_wconf 82' lang='lat' dir='ltr'><em>e</em></span> <span class='ocrx_word' id='word_1_381' title='bbox 1869 3018 1887 3049; x_wconf 85' lang='lat'>1</span> <span class='ocrx_word' id='word_1_382' title='bbox 1908 3012 2012 3048; x_wconf 82' lang='lat' dir='ltr'>Tim.</span> 
     </span>
     <span class='ocr_line' id='line_1_86' title="bbox 1121 3051 2010 3100; baseline 0.004 -10"><span class='ocrx_word' id='word_1_383' title='bbox 1121 3059 1160 3094; x_wconf 79' lang='lat'>4,</span> <span class='ocrx_word' id='word_1_384' title='bbox 1179 3060 1216 3090; x_wconf 88' lang='lat' dir='ltr'><strong>l.</strong></span> <span class='ocrx_word' id='word_1_385' title='bbox 1264 3051 1289 3085; x_wconf 67' lang='lat' dir='ltr'><em>f</em></span> <span class='ocrx_word' id='word_1_386' title='bbox 1308 3066 1346 3090; x_wconf 86' lang='lat' dir='ltr'>v.</span> <span class='ocrx_word' id='word_1_387' title='bbox 1374 3058 1496 3092; x_wconf 80' lang='lat'>3-5,</span> <span class='ocrx_word' id='word_1_388' title='bbox 1524 3054 1593 3093; x_wconf 74' lang='lat' dir='ltr'>cir.</span> <span class='ocrx_word' id='word_1_389' title='bbox 1618 3056 1720 3094; x_wconf 85' lang='lat' dir='ltr'>Luc.</span> <span class='ocrx_word' id='word_1_390' title='bbox 1746 3061 1813 3100; x_wconf 88' lang='grc'>17,</span> <span class='ocrx_word' id='word_1_391' title='bbox 1842 3062 2010 3097; x_wconf 79' lang='grc'><strong>26-30.</strong></span> 
     </span>
     <span class='ocr_line' id='line_1_87' title="bbox 1117 3099 1451 3144; baseline 0.009 -10"><span class='ocrx_word' id='word_1_392' title='bbox 1117 3106 1141 3134; x_wconf 74' lang='grc' dir='ltr'><strong><em>ε</em></strong></span> <span class='ocrx_word' id='word_1_393' title='bbox 1159 3106 1179 3137; x_wconf 89' lang='grc'><strong>1</strong></span> <span class='ocrx_word' id='word_1_394' title='bbox 1202 3099 1289 3137; x_wconf 86' lang='lat' dir='ltr'>Cor.</span> <span class='ocrx_word' id='word_1_395' title='bbox 1306 3103 1343 3144; x_wconf 83' lang='lat'>8,</span> <span class='ocrx_word' id='word_1_396' title='bbox 1361 3103 1397 3139; x_wconf 88' lang='lat'><strong>2.</strong></span> <span class='ocrx_word' id='word_1_397' title='bbox 1414 3101 1451 3138; x_wconf 81' lang='grc'>8.</span> 
     </span>
    </p>
   </div>
   <div class='ocr_carea' id='block_1_18' title="bbox 413 3248 2012 3362">
    <p class='ocr_par' dir='ltr' id='par_1_31' title="bbox 413 3248 2012 3362">
     <span class='ocr_line' id='line_1_88' title="bbox 537 3248 2012 3308; baseline 0.001 -15"><span class='ocrx_word' id='word_1_398' title='bbox 537 3255 603 3294; x_wconf 74' lang='grc'>14.</span> <span class='ocrx_word' id='word_1_399' title='bbox 634 3251 694 3293; x_wconf 83' lang='lat' dir='ltr'>ad</span> <span class='ocrx_word' id='word_1_400' title='bbox 723 3248 837 3292; x_wconf 86' lang='lat' dir='ltr'>nihil</span> <span class='ocrx_word' id='word_1_401' title='bbox 863 3249 976 3293; x_wconf 84' lang='lat' dir='ltr'>utile</span> <span class='ocrx_word' id='word_1_402' title='bbox 1003 3250 1061 3291; x_wconf 82' lang='lat' dir='ltr'>ad</span> <span class='ocrx_word' id='word_1_403' title='bbox 1083 3249 1409 3291; x_wconf 81' lang='lat' dir='ltr'>subversionem</span> <span class='ocrx_word' id='word_1_404' title='bbox 1430 3250 1700 3295; x_wconf 81' lang='lat' dir='ltr'>audientium</span> <span class='ocrx_word' id='word_1_405' title='bbox 1730 3255 1871 3308; x_wconf 76' lang='lat' dir='ltr'>(deest</span> <span class='ocrx_word' id='word_1_406' title='bbox 1896 3253 2012 3295; x_wconf 81' lang='lat' dir='ltr'>enim</span> 
     </span>
     <span class='ocr_line' id='line_1_89' title="bbox 413 3303 2011 3362; baseline 0.001 -14"><span class='ocrx_word' id='word_1_407' title='bbox 413 3310 476 3350; x_wconf 87' lang='grc'>16.</span> <span class='ocrx_word' id='word_1_408' title='bbox 506 3307 758 3362; x_wconf 82' lang='lat' dir='ltr'>proficient.</span> <span class='ocrx_word' id='word_1_409' title='bbox 818 3309 884 3349; x_wconf 83' lang='grc'>18.</span> <span class='ocrx_word' id='word_1_410' title='bbox 913 3305 1281 3348; x_wconf 82' lang='lat' dir='ltr'>resurrectionem</span> <span class='ocrx_word' id='word_1_411' title='bbox 1296 3303 1391 3356; x_wconf 83' lang='lat' dir='ltr'>jam</span> <span class='ocrx_word' id='word_1_412' title='bbox 1411 3304 1735 3361; x_wconf 76' lang='lat' dir='ltr'>factam(deest</span> <span class='ocrx_word' id='word_1_413' title='bbox 1750 3310 1886 3362; x_wconf 84' lang='lat' dir='ltr'>esse).</span> <span class='ocrx_word' id='word_1_414' title='bbox 1945 3311 2011 3351; x_wconf 82' lang='grc'>19.</span> 
     </span>
    </p>
   </div>
   <div class='ocr_carea' id='block_1_19' title="bbox 166 3359 2013 3416">
    <p class='ocr_par' dir='ltr' id='par_1_32' title="bbox 166 3359 2013 3416">
     <span class='ocr_line' id='line_1_90' title="bbox 166 3359 2013 3416; baseline 0.003 -17"><span class='ocrx_word' id='word_1_415' title='bbox 166 3362 305 3404; x_wconf 81' lang='lat' dir='ltr'>stetit.</span> <span class='ocrx_word' id='word_1_416' title='bbox 363 3365 431 3404; x_wconf 83' lang='lat'><strong>21.</strong></span> <span class='ocrx_word' id='word_1_417' title='bbox 467 3362 745 3404; x_wconf 84' lang='lat' dir='ltr'>mundaverit</span> <span class='ocrx_word' id='word_1_418' title='bbox 766 3375 830 3403; x_wconf 90' lang='lat' dir='ltr'>se.</span> <span class='ocrx_word' id='word_1_419' title='bbox 887 3365 956 3404; x_wconf 88' lang='lat'><strong>22.</strong></span> <span class='ocrx_word' id='word_1_420' title='bbox 986 3373 1143 3416; x_wconf 85' lang='lat' dir='ltr'>pacem</span> <span class='ocrx_word' id='word_1_421' title='bbox 1171 3373 1267 3402; x_wconf 83' lang='lat' dir='ltr'>cum</span> <span class='ocrx_word' id='word_1_422' title='bbox 1298 3359 1368 3402; x_wconf 86' lang='lat' dir='ltr'>his</span> <span class='ocrx_word' id='word_1_423' title='bbox 1395 3361 1539 3414; x_wconf 79' lang='lat' dir='ltr'>(deest</span> <span class='ocrx_word' id='word_1_424' title='bbox 1562 3363 1645 3416; x_wconf 88' lang='lat' dir='ltr'>et).</span> <span class='ocrx_word' id='word_1_425' title='bbox 1703 3367 1772 3405; x_wconf 80' lang='lat'><strong>25.</strong></span> <span class='ocrx_word' id='word_1_426' title='bbox 1802 3364 1873 3415; x_wconf 86' lang='lat' dir='ltr'>qui</span> <span class='ocrx_word' id='word_1_427' title='bbox 1901 3365 2013 3406; x_wconf 85' lang='lat' dir='ltr'>resi-</span> 
     </span>
    </p>
   </div>
   <div class='ocr_carea' id='block_1_20' title="bbox 169 3416 1717 3473">
    <p class='ocr_par' dir='ltr' id='par_1_33' title="bbox 169 3416 1717 3473">
     <span class='ocr_line' id='line_1_91' title="bbox 169 3416 1717 3473; baseline 0.002 -18"><span class='ocrx_word' id='word_1_428' title='bbox 169 3421 289 3458; x_wconf 84' lang='lat' dir='ltr'>stunt</span> <span class='ocrx_word' id='word_1_429' title='bbox 307 3419 452 3473; x_wconf 77' lang='lat' dir='ltr'>(deest</span> <span class='ocrx_word' id='word_1_430' title='bbox 467 3418 695 3472; x_wconf 52' lang='lat' dir='ltr'>veritati„</span> <span class='ocrx_word' id='word_1_431' title='bbox 715 3417 822 3460; x_wconf 77' lang='lat' dir='ltr'>ibid.</span> <span class='ocrx_word' id='word_1_432' title='bbox 843 3417 921 3459; x_wconf 86' lang='lat' dir='ltr'>det</span> <span class='ocrx_word' id='word_1_433' title='bbox 938 3416 1032 3459; x_wconf 89' lang='lat' dir='ltr'>illis</span> <span class='ocrx_word' id='word_1_434' title='bbox 1053 3416 1191 3458; x_wconf 85' lang='lat' dir='ltr'>Deus.</span> <span class='ocrx_word' id='word_1_435' title='bbox 1248 3418 1315 3458; x_wconf 77' lang='lat'><strong>26.</strong></span> <span class='ocrx_word' id='word_1_436' title='bbox 1346 3416 1467 3470; x_wconf 83' lang='lat' dir='ltr'>capti</span> <span class='ocrx_word' id='word_1_437' title='bbox 1494 3420 1717 3459; x_wconf 84' lang='lat' dir='ltr'>tenentur.</span> 
     </span>
    </p>
   </div>
   <div class='ocr_carea' id='block_1_21' title="bbox 1828 3417 2012 3461">
    <p class='ocr_par' dir='ltr' id='par_1_34' title="bbox 1828 3417 2012 3461">
     <span class='ocr_line' id='line_1_92' title="bbox 1828 3417 2012 3461; baseline 0.016 -3"><span class='ocrx_word' id='word_1_438' title='bbox 1828 3417 1914 3460; x_wconf 87' lang='lat'><strong>111.</strong></span> <span class='ocrx_word' id='word_1_439' title='bbox 1970 3423 2012 3461; x_wconf 88' lang='grc'>2.</span> 
     </span>
    </p>
   </div>
   <div class='ocr_carea' id='block_1_22' title="bbox 169 3470 1969 3528">
    <p class='ocr_par' dir='ltr' id='par_1_35' title="bbox 169 3470 1969 3528">
     <span class='ocr_line' id='line_1_93' title="bbox 169 3470 1969 3528; baseline 0.003 -18"><span class='ocrx_word' id='word_1_440' title='bbox 169 3473 214 3510; x_wconf 86' lang='lat' dir='ltr'>et</span> <span class='ocrx_word' id='word_1_441' title='bbox 241 3476 383 3516; x_wconf 79' lang='lat' dir='ltr'>erunt.</span> <span class='ocrx_word' id='word_1_442' title='bbox 439 3478 480 3514; x_wconf 76' lang='lat'><strong>4.</strong></span> <span class='ocrx_word' id='word_1_443' title='bbox 510 3471 808 3528; x_wconf 79' lang='lat' dir='ltr'>voluptatium</span> <span class='ocrx_word' id='word_1_444' title='bbox 829 3472 927 3527; x_wconf 70' lang='lat' dir='ltr'>(cic,</span> <span class='ocrx_word' id='word_1_445' title='bbox 951 3476 1072 3518; x_wconf 77' lang='lat' dir='ltr'>deest</span> <span class='ocrx_word' id='word_1_446' title='bbox 1089 3472 1198 3526; x_wconf 86' lang='lat' dir='ltr'>et).)</span> <span class='ocrx_word' id='word_1_447' title='bbox 1256 3474 1297 3513; x_wconf 80' lang='lat'><strong>⁵.</strong></span> <span class='ocrx_word' id='word_1_448' title='bbox 1328 3470 1542 3514; x_wconf 84' lang='lat' dir='ltr'>habentes</span> <span class='ocrx_word' id='word_1_449' title='bbox 1562 3473 1735 3524; x_wconf 84' lang='lat' dir='ltr'>quidem</span> <span class='ocrx_word' id='word_1_450' title='bbox 1758 3474 1969 3527; x_wconf 83' lang='lat' dir='ltr'>speciem.</span> 
     </span>
    </p>
   </div>
   <div class='ocr_carea' id='block_1_23' title="bbox 1568 3532 1607 3575">
    <p class='ocr_par' dir='ltr' id='par_1_36' title="bbox 1568 3532 1607 3575">
     <span class='ocr_line' id='line_1_94' title="bbox 1568 3532 1607 3575; baseline 0 0"><span class='ocrx_word' id='word_1_451' title='bbox 1568 3532 1607 3575; x_wconf 79' lang='lat'>1³</span> 
     </span>
    </p>
   </div>
  </div>
 </body>
</html>
