2376 3925
321 177 422 229 334
545 166 771 222 EPIST.
807 160 1020 214 PAULI
1054 158 1148 207 AD
1184 144 1630 203 TIMOTHEUM
1662 144 1703 191 1.
1741 138 1894 190 CAP.
1934 136 1985 185 6.

322 209 2185 265 -,-..-.-..-—-—-———--——---—···—-

391 280 437 324 1.
475 273 784 328 Quicumque
818 267 936 310 sunt
971 263 1060 307 sub
1095 259 1220 316 jugo
1290 255 1339 298 et
1356 246 1679 295 inseruerunt
1704 256 1757 288 se
1778 240 2041 286 doloribus
2058 236 2186 282 mul-

325 343 478 401 servi,
493 339 722 386 dominos
738 346 856 380 suos
870 330 1008 377 omni
1023 328 1223 373 honore
1291 319 1371 364 tis.

327 414 508 471 dignos
543 403 877 458 arbitrentur,
938 410 1004 441 ne
1039 403 1225 438 nomen

325 474 531 526 Domini
543 476 593 519 et
604 470 832 517 doctrina
840 463 1015 521 blasph

1358 386 1437 429 11.
1474 382 1553 427 Tu
1586 378 1777 433 autem,
1814 387 1845 419 o
1882 374 2035 418 homo
2074 370 2187 415 Dei!

1017 460 1224 507 emetur.
1292 453 1416 498 haec
1426 451 1479 495 fu
1484 461 1545 505 ge
1559 460 1573 504 3
1587 446 1783 490 sectare
1794 453 1919 487 vero
1930 438 2189 497 justitiam,

396 546 441 589 2.
489 539 588 595 Qui
635 540 802 584 autem
836 531 1006 579 fideles
1042 526 1229 572 habent
1296 519 1545 577 pietatem,
1566 512 1739 568 fldem,
1762 508 2051 555 charitatem
2067 536 2083 565 ,
2106 518 2191 562 pa-

331 610 561 659 dominos
574 638 588 665 ,
617 618 724 651 non
744 596 1091 653 contemnant,
1113 591 1231 649 quia

331 681 516 728 fratres
537 676 678 731 sunt3
703 669 792 716 sed
807 664 966 722 magis
985 659 1229 716 serviant,

333 747 452 805 quia
486 741 656 789 fideles
691 738 806 783 sunt
832 734 883 779 et
909 728 1078 775 dilecti
1095 755 1111 784 ,
1147 724 1233 782 qui

333 810 565 863 beneficii
592 802 858 864 participes
895 798 1027 843 sunt.
1093 794 1234 839 Haec

339 883 481 938 doce,
504 880 554 923 et
573 864 864 919 exhortare!

407 950 455 994 3.
490 944 545 990 Si
564 940 672 997 quis
691 936 838 981 aliter
857 932 1005 977 docet
1017 960 1032 988 ,
1062 928 1112 975 et
1129 938 1236 971 non

340 1009 610 1070 acquiescit
636 1004 771 1051 sanis
791 998 1104 1047 sermonibus
1127 994 1237 1038 Do-

338 1081 464 1128 mini
495 1073 660 1122 nostri
685 1072 810 1117 Jesu
839 1064 1051 1123 Christi,
1091 1063 1142 1108 et
1171 1058 1237 1118 ei,

341 1160 467 1206 quae
487 1140 760 1189 secundum
776 1136 1013 1196 pietatem
1031 1132 1125 1188 est,
1146 1127 1240 1172 do-

344 1216 556 1271 ctrinae,

410 1285 460 1327 4.
496 1278 740 1336 superbus
761 1272 862 1330 est,
880 1266 1010 1314 nihil
1029 1263 1193 1310 sciens
1204 1264 1241 1319 θ,

347 1350 437 1398 sed
463 1348 710 1404 languens
742 1340 875 1388 circa
904 1332 1243 1393 quaestiones,

347 1420 400 1466 et
429 1425 622 1474 pugnas
650 1410 945 1459 verborum3
975 1412 1043 1446 ex
1070 1396 1245 1454 quibus

350 1484 582 1531 oriuntur
600 1473 847 1530 invidiae,
875 1465 1246 1520 contentiones,

347 1544 688 1607 blasphemiae
700 1572 715 1600 ,
735 1534 1050 1595 suspiciones
1068 1528 1246 1586 malae,

419 1620 466 1662 5.
533 1606 932 1658 conflictationes
992 1597 1250 1644 hominum

351 1684 520 1731 mente
541 1676 920 1733 corruptorum,
942 1669 993 1713 et
1010 1665 1095 1723 qui
1113 1662 1251 1709 veri-

1294 584 1537 641 tientiam,
1557 575 2004 624 mansuetudinem.

1364 669 1445 713 12.
1482 665 1631 710 Certa
1648 664 1837 708 bonum
1867 660 2119 705 certamen
2140 657 2196 700 fi-

1302 736 1399 794 dei,
1412 729 1731 792 apprehende
1750 728 1907 772 vitam
1926 727 2195 778 aeternam,

1302 804 1355 848 in
1374 814 1472 858 qua
1502 801 1708 844 vocatus
1738 808 1820 853 es,
1842 794 1895 839 et
1914 782 2201 837 confessus&

1301 873 1484 917 bonam
1498 862 1874 912 confessionem
1884 871 2056 905 coram
2070 855 2195 901 mul-

1303 938 1367 982 tis
1384 934 1610 981 testibus.

1371 1004 1451 1047 13.
1486 996 1751 1054 Praecipio
1770 994 1859 1040 tibi
1880 1003 2051 1037 coram
2070 990 2200 1043 Deo,

1305 1070 1389 1128 qui
1408 1068 1626 1114 vivificat
1645 1063 1831 1120 omnia,
1842 1062 1889 1105 et
1899 1058 2100 1103 Christo
2114 1058 2145 1103 J
2148 1071 2203 1101 e-

1306 1152 1391 1196 su,
1413 1135 1499 1193 qui
1514 1130 1856 1179 testimonium
1879 1124 2091 1172 reddidit
2110 1127 2204 1169 sub

1305 1203 1490 1250 Pontio
1500 1200 1662 1246 Pilato
1673 1190 1715 1257 ἒ,
1728 1200 1909 1244 bonam
1920 1192 2205 1239 confessio-

1309 1284 1450 1327 nem3

1378 1339 1459 1382 14.
1490 1336 1549 1381 ut
1576 1344 1749 1379 serves
1777 1327 2063 1375 mandatum
2098 1325 2205 1371 sine

1310 1403 1531 1461 macula,
1572 1394 2018 1457 irreprehensibile
2052 1405 2204 1449 usque

1313 1474 1368 1519 in
1386 1469 1655 1517 adventum
1671 1463 1875 1511 Domini
1900 1460 2067 1507 nostri
2090 1460 2121 1505 J
2125 1472 2205 1504 esu

1317 1538 1521 1596 Christi,

1383 1607 1464 1650 15.
1527 1614 1672 1659 quem
1736 1598 1841 1644 suis
1906 1593 2204 1652 temporibus

1320 1670 1552 1719 ostendet
1578 1668 1751 1715 beatus
1778 1668 1831 1711 et
1858 1663 1999 1709 solus
2017 1663 2204 1719 potens,

352 1754 457 1799 tate
474 1744 662 1808 privati
689 1742 832 1799 sunt,
863 1730 1255 1784 existimantium
1316 1742 1429 1787 Rex
1461 1749 1655 1795 regum,
1694 1734 1745 1779 et
1776 1730 2027 1778 Dominus
2060 1727 2204 1774 domi-

359 1817 617 1878 quaestum
639 1823 751 1857 esse
768 1806 1021 1866 pietatem.

427 1889 474 1930 6.
507 1883 602 1929 Est
620 1880 785 1925 autem
797 1872 1031 1932 quaestus
1045 1876 1255 1924 magnus

359 1954 520 2014 pietas
541 1960 652 1995 cum
669 1939 984 1992 sufficientia.

428 2022 475 2064 7.
493 2013 633 2062 Nihil
643 2012 777 2059 enim
787 2006 1042 2055 intulimus
1057 2002 1111 2046 in
1123 2000 1261 2044 hunc

363 2083 598 2132 mundum
610 2095 624 2137 3
635 2075 768 2124 haud
787 2073 1002 2128 dubium,
1015 2065 1148 2125 quod
1165 2077 1261 2109 nec

365 2153 567 2198 auferre
587 2144 704 2201 quid
723 2127 1044 2198 possumuss.

435 2220 481 2262 8.
516 2211 770 2259 Habentes
807 2206 974 2252 autem
1009 2198 1263 2255 alimenta,

369 2288 420 2332 et
445 2281 621 2340 quibus
648 2279 876 2334 tegamur
889 2302 903 2330 ‚
931 2269 1009 2316 his
1039 2263 1265 2314 contenti

369 2362 552 2400 sumus.
920 2359 924 2363 -

437 2423 484 2464 9.
501 2418 628 2461 Nam
647 2409 734 2469 qui
749 2406 928 2454 volunt
943 2402 1120 2449 divites
1139 2398 1267 2457 fieri,

370 2485 598 2535 incidunt
613 2481 669 2526 in
688 2475 1035 2530 tentationem,
1053 2471 1106 2515 et
1121 2468 1173 2513 in
1191 2466 1269 2510 la-

373 2567 552 2612 queum
564 2545 749 2594 diaboli
756 2549 803 2603 8,
816 2544 867 2588 et
877 2537 1122 2586 desideria
1139 2532 1271 2581 mul-

373 2626 426 2667 ta
443 2617 667 2674 inutilia,
699 2612 750 2657 et
766 2609 968 2664 nociva,
991 2617 1116 2662 quae
1136 2613 1270 2646 mer-

377 2689 502 2746 gunt
543 2681 773 2730 homines
818 2676 872 2721 in
917 2671 1174 2718 interitum
1223 2667 1275 2712 et

376 2752 725 2812 perditionem.

446 2820 526 2863 10.
544 2815 707 2862 Radix
725 2811 859 2859 enim
877 2805 1098 2854 omnium
1113 2799 1273 2850 malo-

378 2897 492 2932 rum
511 2885 587 2929 est
613 2880 878 2938 cupiditas3
909 2887 1055 2933 quam
1081 2869 1277 2929 quidam

385 2951 704 3011 appetentes,
741 2931 1078 2992 erraverunth
1105 2951 1135 2983 a
1161 2934 1275 2993 fide,

431 3078 448 3097 θ
464 3074 485 3106 1
505 3067 640 3106 eone,
650 3068 684 3100 1.
695 3066 731 3100 2.
776 3058 803 3092 ἰ
819 3057 928 3095 Hiob
937 3062 976 3100 1,
985 3061 1044 3094 21.
1089 3060 1114 3090 e
1131 3051 1277 3092 Matth-

382 3123 443 3160 19,
461 3119 521 3153 23.
566 3109 587 3138 7⁸
603 3108 750 3148 Matth.
766 3110 827 3148 13,
844 3109 904 3141 22.

379 3193 1042 3223 ,-,,,......-.----

1320 1805 1563 1863 nantium,

1388 1876 1469 1918 16.
1498 1870 1584 1928 qui
1603 1867 1741 1914 solus
1757 1866 1908 1912 habet
1924 1860 2206 1910 immortali-

1323 1943 1503 1998 tatem,
1537 1940 1587 1984 et
1612 1935 1773 1982 lucem
1799 1932 2048 1978 inhabitat
2079 1928 2209 1975 inac-

1326 2006 1631 2063 cessibilem,
1671 2015 1818 2060 quem
1854 1999 2024 2045 nullus
2059 1995 2211 2042 homi-

1326 2090 1446 2122 num
1458 2073 1580 2120 vidit
1587 2064 1621 2130 l,
1634 2069 1721 2116 sed
1732 2082 1825 2114 nec
1839 2066 2013 2112 videre
2029 2065 2212 2122 potest3

1330 2144 1409 2190 cui
1439 2143 1631 2197 honor,
1668 2138 1718 2182 et
1744 2133 2010 2192 imperium
2040 2129 2213 2187 sempi-

1328 2215 1543 2257 ternum.
1612 2206 1787 2250 Amen.

1466 2321 1479 2334 .
1537 2284 1788 2332 Divitibus
1838 2280 1989 2337 hujus
2041 2274 2219 2323 saeculi

1333 2356 1597 2417 praecipe,
1633 2364 1739 2397 non
1776 2347 1987 2394 sublime
2023 2356 2219 2403 sapere3

1333 2437 1496 2480 neque
1516 2431 1719 2479 sperare
1738 2416 1793 2462 in
1824 2414 2075 2460 incertum
2104 2409 2220 2457 divi-

1334 2493 1542 2548 tiarum,
1590 2485 1679 2532 sed
1713 2484 1767 2530 in
1804 2483 1916 2527 Deo
1958 2479 2107 2538 vivo,
2153 2475 2223 2534 qui

1337 2557 1558 2617 praestat
1584 2551 1731 2599 nobis
1759 2548 1928 2596 omnia
1956 2546 2156 2594 abunde
2173 2541 2226 2588 ad

1336 2624 1629 2678 fruendum3

1406 2694 1485 2736 18.
1521 2691 1648 2735 bene
1668 2697 1837 2743 agere,
1858 2681 2041 2728 divites
2057 2680 2170 2726 fieri
2184 2678 2229 2721 in

1338 2759 1486 2807 bonis
1523 2753 1774 2813 operibus,
1813 2749 1963 2797 facile
1999 2746 2229 2799 tribuere,

1342 2823 1726 2878 communicare,

1410 2895 1488 2938 19.
1523 2885 1904 2937 thesaurizaren
1938 2882 2035 2928 sibi
2058 2877 2231 2927 funda-

1388 2999 1404 3028 ἶ
1419 3001 1511 3038 Act.
1528 3001 1597 3042 16,
1621 3001 1656 3035 3.
1702 2993 1724 3022 ¹³
1740 2992 1830 3030 Jo'h.
1847 2994 1917 3035 18,
1933 2993 1993 3030 36.
2018 2993 2075 3028 37.
2125 2987 2143 3015 ²
2158 2986 2231 3023 Joh.

1342 3051 1464 3132 ἐὰΙὸ.
1507 3053 1543 3071 '¹⁸
1558 3043 1658 3082 Luc.
1682 3041 1947 3084 12,.16-21.
1994 3044 2019 3062 '⁸
2033 3034 2181 3073 Matth.
2202 3033 2231 3072 ὅ,

499 3262 613 3314 Cap.
643 3254 726 3297 VI.
783 3256 824 3294 4.
857 3249 1074 3304 superbus
1093 3245 1207 3288 nihil
1226 3245 1370 3287 sciens
1380 3244 1521 3298 (deest
1538 3239 1627 3292 est)
1642 3253 1655 3287 ς
1670 3235 1777 3279 ibid.
1786 3246 1995 3289 pugnans
2012 3231 2235 3274 verborum

385 3319 594 3426 ldzcsseum
618 3367 761 3421 (deest
781 3363 830 3403 in
856 3365 901 3402 et
921 3356 1122 3411 diaboli).

389 3428 506 3470 vidit
521 3423 672 3468 nullus
691 3419 928 3462 homiuum.

393 3482 604 3536 operibus
623 3477 764 3520 bonis.

569 3319 610 3357 ¹1.
647 3307 878 3353 intulimus
905 3306 952 3347 in
978 3303 1141 3344 mundo
1169 3304 1313 3356 (deest
1336 3298 1467 3350 hoc);
1494 3295 1601 3338 ibid.
1623 3293 1731 3334 haut
1750 3291 1932 3332 dubium
1952 3291 2070 3343 quis.
2131 3291 2173 3330 9.
2200 3289 2237 3323 et

1204 3359 1267 3398 16.
1308 3353 1451 3396 lucem
1469 3350 1677 3393 habitans
1698 3348 1839 3400 (deest
1857 3345 1953 3397 et);
1984 3343 2091 3386 ibid.
2124 3349 2237 3396 quen

997 3416 1064 3456 17.
1095 3413 1287 3467 superbe
1306 3420 1490 3464 saper03
1508 3403 1615 3448 ibid·
1634 3405 1685 3446 in
1704 3403 1801 3445 Deo
1824 3402 1969 3454 (deest
1984 3399 2126 3453 vivo).
2184 3397 2233 3437 18-
