2376 3925
629 178 838 226 slxfl
883 177 1154 228 QUINTI
1198 180 1644 226 PRAEFATIO.
1956 182 2071 226 Lm

197 316 518 380 praesumat,
549 310 653 357 nisi
679 305 838 356 lubitu
869 306 1009 364 prius
1040 307 1320 366 exemplari
1355 309 1409 354 in
1442 310 1801 368 Typographia
1826 309 2072 357 Vaticana

199 414 425 460 excuso,
471 395 736 446 eodemque
764 390 1079 447 inquisitoris
1106 392 1395 439 haereticae
1424 394 1687 451 pravitatis
1714 394 1825 452 ejus
1856 394 2073 452 provin—

199 489 310 535 ciae
322 517 338 546 ,
370 482 482 542 vel,
515 481 562 526 si
579 472 834 530 inluisitor
861 473 915 518 iu
935 487 999 520 ea.
1013 476 1283 533 provincia
1299 489 1408 522 non
1428 477 1495 522 sit
1514 477 1802 535 deputatus,
1821 476 2071 536 Episcopi

201 569 434 630 ejusdem
450 564 556 612 ισοξ
573 570 706 610 nanu
726 557 936 614 propria
957 559 1239 618 subscripto
1252 591 1267 619 ,
1292 559 1443 618 iuxta
1462 561 1590 607 illud
1603 591 1618 619 ,
1646 574 1713 606 ne
1730 561 1935 607 minima
1952 561 2068 618 qui-

203 655 318 702 dem
339 648 570 711 particuli
598 643 816 700 mutata,
847 640 1042 701 addita,
1076 642 1162 688 vel
1190 642 1430 690 detracta.
1497 643 1771 701 Postquam
1799 658 1922 691 vero
1949 645 2069 690 libri

205 736 343 786 „cri
373 734 446 782 εἰς,
473 723 672 780 fideliter
697 724 874 770 excusi
901 725 1094 772 fuerint
1103 757 1119 786 ,
1149 741 1245 773 nec
1272 730 1392 774 tunc
1422 727 1624 785 quidem
1646 728 1953 786 vendantur,
1983 730 2071 773 aut

207 820 494 878 evulgem&
506 837 522 867 ,
542 808 646 854 nisi
663 808 804 867 prius
825 808 992 855 delato
1012 823 1191 857 rursus
1212 811 1274 858 ad
1291 812 1671 872 inquisitorem,
1704 811 1787 859 vel
1810 811 2071 858 deficiente

210 903 520 963 {nquffiorffi
540 891 606 938 ad
623 891 933 951 Episcopum
951 893 1233 953 exemplari
1252 899 1312 943 ab
1334 897 1409 943 eis
1428 899 1579 944 antea
1597 896 1900 954 subscripto,
1921 895 2073 941 iidem

209 977 472 1037 ubl-iuxta
488 975 614 1022 illud
633 976 895 1038 impressi,
925 992 1036 1024 cum
1059 990 1121 1024 eo
1143 978 1437 1040 diligenter,
1468 985 1520 1028 et
1537 983 1771 1028 accurate
1790 979 1989 1037 collati,
2021 982 2073 1024 et

215 1059 540 1134 invisitur-is,
558 1059 640 1105 vel
657 1059 713 1106 in
733 1063 972 1108 eventum
991 1063 1322 1124 praedictum,
1340 1065 1583 1123 Episcopi
1604 1065 1772 1124 signo,
1792 1067 1880 1111 aut
1898 1063 2070 1110 chiro-—

215 1145 416 1218 papho,
435 1143 570 1202 quod
588 1143 723 1191 inter
741 1157 798 1190 se
815 1157 1027 1203 prorsus
1050 1147 1379 1208 concordent,
1400 1149 1546 1196 fldem
1572 1149 1821 1208 faciente,
1861 1151 1913 1194 et
1939 1151 2070 1193 atte-

199 1230 377 1288 tante,
399 1228 664 1286 approbati
685 1229 965 1276 extiterint.
1033 1230 1241 1290 Verum,
1262 1233 1500 1288 quoniam
1519 1245 1588 1279 ex
1607 1232 1780 1292 variis,
1802 1244 1929 1288 quae
1947 1230 2069 1278 hac-

188 1318 339 1361 tenus
359 1312 426 1359 ad
443 1312 720 1371 marginem
739 1311 956 1360 adscribi
973 1318 1377 1377 consueverant,
1397 1315 1727 1375 lectionibus,
1756 1313 1882 1362 illud
1902 1314 2069 1371 sequi-

187 1401 272 1446 tur
291 1395 628 1456 incommodi,
650 1409 709 1443 ac
727 1396 991 1444 molestiae
1005 1429 1020 1458 ,
1042 1397 1176 1454 quod
1188 1429 1205 1458 ,
1226 1413 1337 1445 cum
1356 1400 1570 1458 primum
1591 1398 1881 1457 hujusmodi
1900 1398 2071 1445 varie-

189 1474 266 1529 tas
288 1480 453 1528 oculis
473 1480 737 1540 objicitur,
767 1480 975 1527 lectoris
994 1482 1215 1529 animum
1232 1485 1295 1529 ab
1317 1497 1381 1530 eo
1394 1516 1410 1544 ,
1444 1483 1581 1542 quod
1596 1487 1719 1531 tunc
1736 1483 1895 1531 instat
1911 1496 2071 1541 agen·-

193 1566 327 1624 dum,
347 1565 559 1624 avocat,
580 1563 820 1622 illumque
839 1564 1009 1611 alieno
1031 1566 1182 1624 plane
1200 1568 1430 1626 tempore
1450 1568 1512 1614 ad
1531 1581 1592 1615 ea
1605 1599 1621 1629 ,
1652 1581 1779 1625 quae
1798 1568 1853 1614 in
1881 1567 2071 1614 codici-

194 1651 284 1696 bus
307 1648 602 1707 dissonant,
627 1648 762 1695 inter
780 1661 836 1695 se
857 1650 1168 1696 eonferenda
1184 1651 1430 1710 traducit,
1460 1665 1557 1698 nec
1585 1651 1739 1700 facile
1768 1655 1846 1698 est
1861 1651 1916 1698 in
1933 1653 2075 1697 tanta

194 1733 474 1780 lectionum
508 1730 881 1790 multiplicitate
911 1733 1188 1791 scripturas
1212 1734 1471 1781 inoffenso
1500 1733 1628 1792 pede
1656 1745 1958 1793 percurrere
1971 1763 1987 1792 ,
2026 1736 2077 1780 et

195 1831 258 1864 ea
275 1816 420 1874 quasi
436 1815 570 1863 silva
589 1815 896 1862 diversitatis
917 1817 1103 1876 oblata,
1125 1830 1253 1873 quae
1274 1817 1451 1874 quibus
1472 1818 1834 1876 praeponenda
1852 1818 1971 1876 sint,
1993 1818 2075 1862 in-

196 1903 524 1959 ternoscere3
559 1900 666 1946 Nos
683 1900 928 1958 optimum
948 1901 1102 1960 factu,
1117 1899 1321 1959 piisque
1342 1901 1572 1947 omnibus
1594 1903 1788 1959 gratum
1808 1903 1921 1947 fore
1940 1902 2077 1946 arbi-

191 1986 345 2045 trati,
379 1988 440 2033 ut
455 1983 719 2032 Ecclesiae
756 1985 848 2032 filii
883 1988 946 2032 ab
972 1986 1050 2032 his
1077 1985 1525 2046 perplexitatibus,
1566 1985 1788 2044 ejusdem
1816 1985 2077 2032 Ecclesiae

189 2070 404 2128 judicio,
423 2069 706 2117 liberentur
727 2068 983 2130 (Eph.4.),
1003 2074 1162 2127 utque
1181 2084 1291 2131 eos,
1313 2072 1492 2129 quibus
1512 2084 1665 2117 unum
1686 2069 1955 2129 baptisma,
1976 2082 2079 2114 una

193 2154 338 2213 fides,
351 2167 454 2200 una
469 2166 590 2212 spes
609 2155 896 2202 vocationis
917 2157 1011 2215 est,
1025 2155 1331 2203 dissentiens
1350 2170 1458 2204 non
1478 2155 1670 2203 dividat
1686 2154 1838 2201 lectio
1858 2154 2077 2211 scriptu-

191 2252 386 2298 rarum,
407 2250 617 2296 quarum
636 2238 951 2297 potissimum
969 2239 1267 2287 indifferens
1288 2240 1561 2287 consensio
1584 2252 1673 2286 eos
1698 2239 1865 2286 debuit
1887 2238 1942 2285 in
1960 2238 2077 2285 uni-

191 2324 355 2369 tatem
371 2322 578 2380 spiritus
605 2320 872 2383 copulare3
918 2325 1247 2383 auctoritate,
1279 2326 1332 2371 et
1358 2325 1540 2370 tenore
1560 2322 1850 2381 praemissis
1868 2322 2076 2368 manda-

195 2418 318 2453 mus
331 2436 347 2465 ,
371 2409 428 2452 ut
443 2407 692 2466 Vulgatae
721 2408 958 2454 editionis
977 2408 1138 2457 Biblia
1156 2407 1367 2467 posthac
1384 2406 1595 2453 nonnisi
1612 2406 1885 2453 uniformia
1903 2405 2079 2462 impri-

194 2491 431 2550 mantur,
461 2504 558 2537 nec
589 2491 775 2549 aliquid
795 2504 826 2538 a
841 2494 990 2549 textu
1009 2493 1265 2540 diversum
1282 2492 1335 2537 in
1353 2490 1584 2549 margine
1603 2490 1867 2537 scribatur.
1938 2489 2079 2542 Quae

195 2587 332 2622 vero
350 2575 562 2621 antehac
581 2575 971 2633 quibuscumque
999 2576 1054 2622 in
1072 2576 1203 2622 locis
1221 2576 1467 2634 impressa
1485 2576 1629 2635 sunt,
1660 2574 1809 2631 juxta
1828 2573 1962 2619 hunc
1979 2584 2078 2617 uo-

196 2662 361 2705 strum
392 2660 588 2706 textum
615 2658 676 2704 ad
708 2663 941 2719 verbum,
973 2663 1026 2706 et
1053 2659 1115 2707 ad
1143 2660 1367 2706 litteram
1395 2659 1735 2717 corrigantur.
1804 2652 1959 2712 quue
1978 2658 2079 2701 tam

193 2744 254 2789 in
271 2742 558 2802 impressis,
589 2755 736 2800 quam
763 2744 817 2790 in
835 2744 1180 2801 imprimendis
1200 2742 1519 2801 Missalibus,
1554 2737 1857 2796 Brevia-iis,
1889 2739 2079 2786 Officiis

193 2827 384 2873 Beatae
403 2826 600 2873 Mariae
619 2828 864 2888 Virginis,
884 2827 1164 2885 Psalteriis,
1183 2826 1485 2882 Ritualibus,
1504 2820 1899 2883 Pontificalibus,
1921 2825 2077 2870 Cere-

193 2910 532 2967 monialibus,
562 2912 614 2956 et
630 2910 743 2958 aliis
763 2911 1140 2958 Ecclesiasticis
1155 2910 1301 2957 libris
1316 2940 1330 2969 ,
1359 2906 1525 2966 quoad
1544 2918 1631 2952 eas
1650 2908 1839 2953 tantum
1860 2908 2077 2967 scriptu-

191 3008 284 3041 rae
303 2994 582 3053 lectiones,
614 2996 666 3040 et
686 2997 864 3053 verba,
896 3008 1024 3051 quae
1043 3008 1111 3041 ex
1129 2993 1349 3052 Vulgata
1368 2989 1590 3037 editione
1612 2994 1832 3050 sumpta,
1854 2995 2003 3049 atque
2022 2992 2076 3036 in

193 3077 386 3125 eisdem
415 3077 560 3125 libris
589 3077 780 3125 inserta
809 3078 968 3125 fuisse
988 3080 1214 3136 constat;
1249 3074 1435 3131 ubique
1453 3076 1701 3121 servetur.
1770 3076 1826 3121 Si
1852 3074 1963 3133 quis
1982 3086 2074 3120 au-

192 3167 300 3209 tem
319 3160 688 3221 ‘rypographus
709 3161 761 3207 in
781 3162 1172 3220 quibuscumque
1204 3158 1407 3218 regnis,
1436 3157 1746 3217 civitatibus,
1776 3156 2078 3215 provinciis,

197 3249 248 3293 et
275 3245 410 3292 locis
434 3246 540 3290 tam
567 3248 798 3305 nostrae,
829 3249 882 3293 et
909 3248 961 3293 S.
977 3246 1038 3291 R.
1057 3245 1118 3291 E.
1138 3243 1333 3289 ditione
1359 3243 1415 3289 in
1441 3240 1801 3299 temporalibus
1820 3240 2077 3298 subjectis,

198 3344 347 3387 quam
365 3341 474 3375 non
498 3328 754 3388 subjectis,
776 3330 936 3377 Biblia
949 3361 964 3390 ,
985 3341 1277 3385 sacramque
1299 3327 1609 3384 scripturam
1626 3324 1763 3370 intra
1782 3323 2081 3371 decennium

197 3412 513 3471 praedictum
533 3424 734 3470 quoquo
754 3413 935 3471 mod03
981 3413 1126 3472 lapso
1145 3415 1313 3459 autem
1332 3409 1583 3458 decennio
1604 3408 1752 3454 aliter
1771 3420 1917 3463 quam
1931 3406 2081 3464 Juxta

196 3495 490 3555 hujusmodi
511 3496 770 3555 exemplar
789 3500 852 3545 ab
877 3496 1178 3555 inquisitore
1192 3527 1209 3557 ,
1230 3509 1347 3555 seu,
1375 3494 1429 3540 in
1458 3493 1569 3549 eJ'us
1589 3491 1855 3548 defectum,
1876 3493 1937 3537 ab
1956 3490 2081 3549 Epi-
