2376 3925
281 192 446 236 xvffl
567 194 572 199 ’
743 189 1277 235 coMMENTATm
1331 187 1741 233 ISAGOGICA.

283 320 493 376 tuenda
519 328 576 374 et
602 321 868 374 instituta
896 318 1191 376 doctorum
1214 322 1469 375 virorum
1494 320 1645 375 oculi
1672 321 1733 375 in
1755 315 1906 372 hunc
1931 317 2140 372 librum

285 404 533 478 conjecti
560 411 708 456 sunt.
765 402 926 468 Quod
951 403 1176 479 quidem
1204 402 1415 458 duabus
1440 401 1753 456 rationibus
1779 399 2143 455 manifestum

285 495 387 542 est.
470 482 727 540 Primum
764 487 916 541 enim
949 504 1023 540 ex
1059 485 1211 540 bulla
1245 484 1529 559 pontificis
1575 484 1971 539 celeberrimae
2018 483 2142 538 edi-

288 570 434 624 tioni
457 571 766 641 praemissa
789 569 1152 644 intelligitur,
1165 564 1379 622 Romae
1403 575 1525 622 tum
1549 569 1889 622 vetustiores
1920 566 2145 621 codices

288 651 464 711 fuisse
492 660 824 728 congestos,
871 659 929 704 et
965 651 1037 705 ad
1063 652 1474 706 correctionem
1501 658 1669 724 atque
1697 650 2148 707 emendationem

287 742 478 790 textus
515 735 681 790 latini
719 731 870 787 haud
909 735 1026 789 levi
1061 735 1413 809 negligentia
1462 734 1817 789 saeculorum
1854 732 2147 808 depravati

289 827 656 893 comparatos.
743 813 836 870 En
861 825 992 872 tene
1016 817 1219 873 verba:

413 898 530 972 „In
564 899 672 954 hac
706 907 895 954 autem
932 901 1190 975 germani
1224 909 1415 956 textus
1448 900 1961 975 pervestigatione,
2007 899 2147 953 satis

287 985 581 1058 perspicue
625 984 777 1036 inter
811 1000 1005 1038 omnes
1042 992 1295 1054 constat,
1352 983 1570 1038 nullum
1602 990 1996 1058 argumentum
2024 999 2148 1036 esse

288 1068 499 1122 certius
527 1083 594 1120 ac
619 1065 869 1137 firmius,
911 1083 1080 1141 quam
1105 1067 1469 1140 antiquorum
1493 1064 1964 1140 probatorumque
1993 1061 2148 1118 codi-

289 1167 417 1203 cum
443 1145 778 1204 Latinorum
809 1147 1008 1219 fidem,
1046 1167 1184 1223 quos
1226 1157 1344 1203 tam
1379 1150 1681 1222 impressos
1718 1166 1884 1223 quam
1909 1143 2043 1202 Mss.
2074 1165 2149 1201 ex

283 1228 657 1287 Bibliothecis
681 1232 858 1286 variis
885 1231 1297 1305 conquirendos
1328 1232 1649 1286 curavimus
1676 1231 1829 1286 etc.“
1889 1227 2150 1283 Alterum

285 1323 706 1390 argumentum,
736 1332 811 1368 ex
839 1332 947 1388 quo
974 1315 1333 1388 perspicuum
1363 1322 1481 1380 est,
1520 1322 1716 1368 nostro
1746 1311 1939 1368 codice
1964 1313 2026 1365 in
2054 1329 2149 1366 ca-

287 1397 548 1473 stigando
585 1399 763 1451 latino
800 1405 968 1452 textu
1002 1415 1134 1452 usos
1177 1396 1385 1468 fuisse,
1427 1397 1723 1452 inventum
1748 1405 1838 1451 est
1859 1397 1922 1450 in
1946 1411 2151 1449 monu-

285 1490 475 1535 mento
515 1478 843 1549 chartaceo,
877 1479 1026 1555 quod
1045 1481 1106 1533 in
1149 1481 1413 1536 interiori
1452 1487 1781 1555 tegumento
1806 1479 1941 1533 libri
1966 1477 2152 1533 adhuc

286 1565 520 1638 legitur,
548 1563 641 1618 vel
666 1564 728 1616 in
757 1559 1083 1636 epigraphe,
1113 1579 1279 1637 quam
1304 1563 1446 1617 meis
1473 1564 1653 1618 oculis
1677 1562 1819 1632 vidi,
1845 1559 1935 1616 his
1960 1561 2150 1615 verbis

285 1641 497 1702 italicis
533 1647 774 1718 scripta:
841 1642 930 1700 La
961 1653 1246 1720 presente
1292 1644 1467 1700 Bibia
1510 1664 1547 1700 a
1594 1645 1658 1702 di
1707 1645 1796 1698 12.
1843 1645 1909 1702 di
1942 1641 2149 1720 Luglio

291 1729 464 1785 1587.
503 1729 589 1802 fu
626 1736 882 1805 portata
924 1725 1026 1782 all’
1070 1724 1482 1783 Illustrissimo
1539 1725 1855 1784 Cardinale
1905 1725 2151 1784 Antonio

289 1811 526 1884 Gar-afa
541 1830 657 1889 per
685 1811 898 1890 l’opera
934 1809 1064 1866 dell'
1105 1810 1510 1867 emendazione
1546 1810 1699 1868 della
1727 1807 1902 1865 Bibia
1928 1806 2153 1862 Latina

282 1895 557 1973 vulgata,
582 1913 699 1971 per
725 1895 926 1950 ordine
953 1893 1018 1948 di
1041 1890 1104 1948 S.
1133 1891 1379 1951 Santit&
1404 1891 1573 1948 Sixto
1610 1890 1671 1945 V.
1695 1895 1757 1948 in
1784 1889 1989 1961 Roma,
2020 1889 2151 1960 esu

286 1980 599 2035 restituita
626 1977 737 2032 alli
769 1977 854 2030 19.
885 1979 948 2033 di
977 1974 1252 2030 Gennaro
1285 1975 1458 2031 1590.
1486 1974 1595 2030 alli
1617 1972 1953 2032 Reverendi
1977 1971 2039 2028 P.
2070 1972 2150 2028 D.

283 2057 567 2115 Marcello
603 2058 792 2113 Vanm'
827 2068 884 2113 et
912 2054 1043 2111 Don
1071 2040 1328 2127 St'efano
1356 2055 1611 2114 Pizzetti
1644 2053 1885 2113 Monac-i
1929 2055 1993 2111 di
2024 2052 2151 2110 Mo—

285 2150 524 2196 nastero
567 2142 632 2195 di
671 2134 733 2195 S.
761 2138 1072 2196 Salvatore
1118 2141 1179 2194 in
1209 2135 1620 2196 Montamiata.
1704 2137 1775 2195 Jo
1804 2138 2028 2193 Arturo
2057 2140 2151 2195 de'

289 2222 461 2277 Conci
486 2223 540 2278 d'
564 2220 710 2276 Elei.
795 2220 849 2277 Is
887 2222 985 2295 qui
1019 2239 1229 2277 nomeu
1262 2224 1621 2295 subscripsit,
1664 2219 1863 2277 Comes
1906 2222 1976 2279 de
2000 2218 2156 2275 llice

286 2303 488 2379 Magni
516 2302 783 2361 Etruriae
808 2302 989 2359 Ducis
1017 2302 1072 2359 h.
1101 2313 1355 2380 tempore
1381 2304 1451 2360 ad
1478 2302 1795 2359 Romanum
1820 2303 2155 2377 pontificem

285 2389 509 2463 legatus
537 2387 714 2442 fuisse
740 2388 986 2463 videtur,
1017 2391 1182 2462 cujus
1210 2393 1536 2444 interventu
1579 2388 1758 2443 codex
1794 2406 1825 2441 e
1862 2396 2153 2441 monaste-

283 2472 370 2525 rio
401 2468 668 2525 Etruriae
693 2473 754 2525 in
777 2471 973 2526 urbem
997 2480 1286 2525 aeternam
1312 2479 1563 2526 venerat.
1648 2468 1734 2525 Ibi
1757 2488 1857 2544 per
1885 2478 2000 2523 tres
2027 2469 2156 2523 fere

287 2572 469 2609 annos
516 2554 705 2609 fuerat
737 2561 996 2609 servatus
1025 2562 1084 2608 et
1108 2571 1209 2627 pro
1238 2553 1485 2608 subsidio
1512 2553 1781 2626 primario
1821 2552 2020 2607 critico
2049 2551 2153 2605 ad-

284 2635 501 2693 hibitus
545 2636 618 2692 ad
666 2635 1118 2692 emendationem
1169 2653 1485 2710 novamque
1527 2636 1914 2689 recensionem
1954 2642 2153 2688 textus

265 2720 468 2773 latini.
555 2718 898 2791 Praeerant,
939 2719 1168 2791 auspice
1193 2717 1461 2790 pontifice
1498 2714 1593 2795 ¹),
1646 2714 1901 2794 Angelus
1929 2715 2153 2780 Rocca,

421 2882 474 2939 1)
513 2882 692 2929 Stssrtus
720 2886 777 2929 V.
799 2884 1035 2932 dedecori
1055 2884 1199 2930 duxit
1218 2883 1461 2929 ecclesiae
1477 2883 1759 2940 Romanae,
1780 2882 1987 2927 latinam
2016 2892 2151 2939 „ve-

286 2949 526 2995 ritatem“
544 2952 713 2995 textus
732 2953 916 3011 biblici,
939 2966 1066 3009 quae
1084 2952 1286 2999 concilii
1308 2951 1595 2999 Tridentini
1610 2952 1827 2999 decretis
1845 2948 2151 2995 auctoritate

289 3020 609 3063 sacrosancta
626 3018 818 3063 munita
835 3021 1024 3079 fuerat,
1054 3034 1146 3079 per
1165 3019 1426 3065 decursum
1446 3019 1761 3066 saeculorum
1775 3016 1831 3060 in
1849 3018 1927 3061 tot
1945 3014 2149 3074 menda,

285 3085 342 3129 in
369 3086 558 3129 tantam
584 3082 744 3129 labem
775 3090 825 3129 et
853 3087 1187 3145 corruptelam
1216 3086 1468 3133 incidisse.
1540 3087 1703 3137 Quare
1734 3082 1991 3141 dignitatis
2024 3096 2148 3128 suae

287 3150 577 3208 pontificiae
607 3162 718 3196 esse
745 3153 961 3208 censuit,
989 3152 1122 3199 hunc
1149 3156 1331 3199 statum
1354 3166 1524 3200 rerum
1551 3150 1839 3197 biblicarum
1860 3150 2146 3207 emendare,

285 3218 522 3265 remediis
543 3216 868 3275 undequaque
888 3219 1160 3265 advocatIs.
1217 3222 1391 3278 Itaque
1409 3232 1515 3265 non
1535 3218 1693 3263 solum
1715 3216 1985 3275 collegium
2005 3218 2147 3263 viro-

287 3298 400 3331 rum
419 3285 680 3331 doctorum
699 3286 795 3331 hoc
813 3288 910 3331 fine
931 3288 1258 3345 convocavit,
1293 3288 1383 3335 sed
1409 3284 1605 3343 singula
1626 3285 1775 3332 etiam
1794 3284 2031 3330 editionis
2048 3284 2147 3329 im-

289 3366 496 3409 pressae
514 3351 639 3398 folia
656 3352 765 3408 ipse
785 3352 1037 3412 correxit,
1067 3353 1296 3399 doctrina
1324 3354 1442 3400 satis
1462 3352 1715 3413 excultus,
1751 3366 1898 3410 quam
1924 3350 2148 3398 editione

291 3432 499 3475 operum
517 3418 771 3465 Ambrosia·
787 3422 904 3477 tum,
927 3433 1078 3475 quum
1093 3420 1302 3468 haberet
1318 3433 1503 3467 nomen
1524 3424 1573 3465 et
1594 3419 1882 3479 dignitatem
1903 3416 2147 3465 cardina-

285 3484 350 3529 lis
371 3486 429 3531 de
451 3486 722 3546 Μυπεαὶιο,
741 3486 1022 3533 luculenter
1039 3488 1293 3544 probarat.
