2376 3925
610 165 1152 210 COMMENTATIo
1206 166 1621 212 Isaoomca.
1949 169 2073 214 xm

365 293 604 352 Gulmen
629 295 1006 371 apostolicum
1035 312 1165 351 cum
1194 291 1513 354 Celestinus
1539 296 1775 354 haberet

360 376 592 433 Primus
616 385 679 432 ut
704 378 765 431 in
791 385 913 432 toto
940 377 1191 454 fulgeret
1217 378 1511 453 episcopus
1538 381 1675 435 orbe

359 458 527 516 Haec
553 478 694 535 quae
719 460 948 514 miraris
974 459 1240 515 fundavit
1262 459 1557 535 presbyter
1582 463 1741 520 urbis

361 541 593 618 Illyrica
621 541 688 597 de
715 549 887 618 gente
911 539 1116 598 Petrus
1141 544 1235 598 vir
1258 544 1490 598 nomine
1515 551 1681 602 tanto.

360 623 589 702 Dignus
616 625 685 680 ab
716 633 922 680 exortu
950 622 1164 680 Christi
1188 627 1439 680 nutritus
1466 627 1528 680 in
1556 628 1687 682 aula

357 706 712 782 Pauperibus
737 708 988 780 locuples
1015 707 1124 762 sibi
1151 725 1363 782 pauper
1390 710 1489 784 qui
1518 708 1667 764 bona
1690 713 1851 766 vitae*

356 789 686 847 Praesentis
711 789 940 866 fugiens
967 792 1178 846 meruit
1202 808 1431 864 sperare
1454 791 1705 848 futuram
1738 789 1821 872 ¹).

200 909 507 984 Superest,
562 913 630 961 ut
667 907 992 977 evincatur,
1043 907 1171 983 quis
1208 908 1284 962 sit
1318 907 1381 961 in
1418 908 1607 962 locum
1640 908 1859 966 abbatis
1900 907 2071 967 Petri

194 989 724 1069 Longobardorum‚
755 991 852 1063 qui
871 1007 926 1044 v.
957 989 1010 1044 5.
1042 1007 1201 1044 eraso
1227 993 1457 1044 nomine
1484 992 1717 1065 antiquo
1746 1011 1909 1048 suum
1938 994 2070 1049 sub-

194 1075 418 1143 stituit,
461 1070 836 1144 reponenduS.
921 1069 1204 1148 Antiquae
1235 1090 1373 1128 vero
1400 1074 1716 1146 scripturae
1740 1084 1963 1131 tantum
1998 1077 2068 1130 li-

189 1168 320 1213 tera
347 1153 398 1210 E
421 1162 694 1229 superest.

319 1253 448 1310 Jam
479 1251 747 1308 BANDINI
787 1252 1008 1308 curiose
1052 1255 1292 1311 volvens
1338 1255 1575 1325 librum,
1627 1263 1693 1311 ut
1736 1257 2073 1330 scriptorem

190 1341 556 1416 primumque
598 1335 927 1392 donatorem
965 1355 1188 1411 quoquo
1217 1337 1384 1393 modo
1413 1337 1729 1394 indicatum
1758 1337 2069 1414 detegeret,

193 1431 540 1496 anteaquam
566 1421 628 1474 in
653 1435 853 1473 verum
879 1419 1193 1491 inciderat,
1236 1429 1468 1495 propter
1501 1420 1676 1477 verba
1703 1439 1757 1476 v.
1788 1421 1844 1476 6.
1874 1430 2071 1476 extre·
2118 1445 2127 1462 ·

190 1508 304 1562 mis
331 1506 402 1561 de
414 1501 640 1574 finibus
663 1496 883 1566 Abbas,
922 1500 990 1557 de
1014 1500 1231 1558 Abbate
1261 1503 1502 1578 quodam
1529 1501 1770 1579 Angliae
1796 1511 1896 1559 aut
1927 1501 2072 1559 Ger—

193 1588 448 1656 maniae,
477 1585 576 1660 qui
600 1581 862 1658 pontifici
885 1580 1143 1640 Romano
1169 1588 1396 1642 muneri
1425 1586 1645 1641 dederit
1672 1585 1947 1656 codicem,
1978 1606 2072 1641 co-

199 1667 501 1747 gitandum
528 1685 652 1722 esse
680 1667 947 1739 conjecit.
1016 1665 1133 1723 Sed
1159 1687 1296 1724 mox
1321 1670 1382 1724 in
1412 1670 1707 1724 meliorem
1734 1671 2075 1724 sententiam

205 1751 476 1807 deductus
498 1757 602 1804 est.
662 1746 895 1803 Etenim
911 1751 974 1803 in
994 1751 1148 1805 calce
1163 1751 1298 1806 libri
1313 1749 1505 1806 Exodi
1519 1750 1831 1825 majoribus
1851 1752 2074 1826 graecis

203 1835 388 1889 literis
411 1849 619 1887 nomen
646 1830 942 1904 scriptoris
969 1832 1047 1885 ita
1086 1834 1442 1888 enuntiatum
1468 1835 1717 1888 invenit:
1774 1837 1817 1886 Ο
1848 1837 2082 1886 KYPIC

206 1917 546 1972 OEPBANA
554 1919 643 1969 00
662 1916 1112 1978 AIHOIHGEN,
1149 1915 1211 1971 id
1236 1924 1323 1972 est
1351 1911 1710 1971 DOMINUS
1739 1911 2075 1971 SERVAN-

197 1998 358 2057 DUS
400 1995 652 2054 FECIT.
737 1994 866 2053 Hoc
909 2006 1134 2072 reperto
1176 2000 1407 2055 nomine
1446 1992 1635 2070 εὕρηκα
1679 1999 1976 2069 clamavit,
2020 2008 2077 2054 et

191 2088 360 2159 J'ure3
413 2099 550 2136 nam
588 2082 740 2136 ultra
765 2080 1033 2156 progredi
1068 2082 1251 2137 licuit.
1336 2079 1621 2137 Lustratis
1652 2082 1805 2137 enim
1828 2080 2076 2139 Annali-

198 2168 304 2223 bus
341 2163 746 2222 Benedietinis
782 2160 873 2218 JO.
901 2162 1247 2219 Munium
1284 2164 1553 2219 inventus
1588 2173 1675 2219 est
1712 2162 1783 2220 T.
1825 2162 1867 2219 Ι.
1894 2182 1948 2237 p.
1977 2164 2072 2219 86.

198 2249 304 2305 sub
331 2264 484 2302 anno
513 2244 652 2301 541.
683 2242 1052 2301 Snnvmnus
1070 2286 1088 2315 ,
1119 2246 1429 2321 discipulus
1454 2245 1511 2303 S.
1540 2244 1875 2313 Benedicti,
1904 2245 2075 2302 abbas

197 2328 543 2389 monasterii
578 2346 613 2382 a
641 2324 874 2386 Liberio
900 2326 1146 2384 Patritio
1192 2331 1256 2384 in
1290 2326 1566 2385 honorem
1600 2330 1868 2403 martyris
1895 2327 2074 2385 Seba-

201 2414 396 2470 stiam’
419 2408 726 2466 aedificati.
810 2408 1078 2467 Liberius
1101 2414 1193 2467 vir
1221 2413 1506 2487 ingenuae
1530 2411 1737 2468 indolis
1764 2411 1866 2467 sub
1895 2408 2077 2467 Theo-

199 2498 408 2555 derico
443 2511 586 2569 rege
621 2492 734 2548 fuit
770 2492 1094 2567 praefectus
1128 2496 1417 2568 praetorio
1462 2491 1781 2549 Galliarum
1816 2512 1919 2567 pro
1959 2489 2076 2548 Go-

197 2577 342 2646 this,
370 2584 571 2651 postea
597 2575 698 2631 sub
725 2574 988 2632 Alarico.
1045 2574 1111 2632 In
1141 2575 1450 2650 Campania
1475 2573 1753 2646 Romana,
1781 2577 1842 2630 in
1869 2574 2077 2631 finibus

207 2658 365 2714 Latii
418 2660 580 2714 locus
622 2660 954 2714 monasterii
1009 2668 1133 2715 erat
1191 2678 1365 2734 prope
1410 2657 1701 2713 Alarinam
1764 2658 2077 2729 civitatem,

204 2740 363 2797 haud
386 2744 557 2817 longe
585 2758 620 2795 a
645 2739 887 2796 Vei-olis.
971 2738 1135 2798 Unde
1163 2740 1534 2798 SERvANnus
1564 2738 1750 2795 Abbas
1782 2739 1944 2796 facili
1977 2759 2078 2795 ne-

199 2826 371 2903 gotio
412 2825 749 2900 magistrum
795 2842 959 2880 suum
985 2822 1368 2883 Benedictum
1406 2826 1467 2877 in
1504 2818 1701 2877 Monte
1744 2819 1955 2879 Casino
1990 2821 2078 2903 ²),

199 2908 512 2983 degentem
547 2923 662 2960 una
704 2924 832 2960 cum
871 2905 1080 2961 dilecta
1132 2906 1366 2963 cohorte
1404 2902 1811 2960 monachorum
1848 2925 2079 2962 suorum

196 2990 366 3046 adire
389 2990 608 3065 potuit,
644 2996 709 3043 ut
737 2988 969 3043 coelesti
1003 2991 1367 3045 institutione
1404 2988 1608 3043 summi
1635 2990 1750 3044 viri
1774 2989 2076 3046 frueretur.

345 3179 400 3239 1)
436 3181 497 3224 V.
519 3192 647 3237 opus
667 3179 926 3224 Cunarum
963 3178 1072 3223 Vet-
1093 3177 1313 3224 Momem-
1336 3181 1397 3227 Τ.
1416 3182 1456 3227 1.
1479 3195 1521 3227 c.
1542 3178 1681 3225 XXI.
1710 3191 1759 3235 p.
1780 3179 1893 3225 19⁰.
1914 3175 2078 3234 (Rom.

202 3248 361 3293 1690.
382 3245 496 3303 fol.)
519 3260 631 3291 cum
649 3246 819 3292 tabula
838 3245 1130 3291 continente
1152 3259 1368 3293 carmen.

348 3312 402 3371 2)
437 3315 497 3360 V.
530 3313 918 3369 descriptionem
949 3316 1000 3359 et
1028 3314 1233 3363 brevem
1262 3314 1522 3360 historiam
1542 3310 1807 3358 clarissimi
1824 3308 2080 3352 monaste-

199 3382 276 3426 rii
297 3383 350 3426 et
369 3379 700 3427 bibliothecae
717 3380 908 3427 Montis
926 3381 1106 3427 Casini
1121 3380 1175 3427 in
1195 3380 1324 3429 libro
1344 3394 1484 3429 meo:
1517 3372 1912 3434 viacense-hafn.
1932 3371 2083 3419 Reice

205 3452 310 3494 ete.
330 3449 368 3491 1.
391 3449 436 3493 2.
457 3461 504 3505 p.
523 3448 819 3493 164—172.
