2376 3925
421 503 1397 588 EPISTOLA
1524 501 2103 584 PAULI

1202 671 1313 722 An

715 789 1805 866 GALATAS.

639 1110 805 1162 CAP.
862 1110 902 1159 1.

325 1209 490 1252 Paulus
512 1213 660 1265 carpit
680 1209 892 1260 Galatas,
921 1209 1040 1263 quod
1061 1209 1221 1250 deduci

325 1280 370 1308 se
393 1268 516 1320 passi
538 1268 626 1308 sint
646 1268 890 1315 averitate,
903 1279 1033 1318 quam
1053 1264 1221 1306 aChri-

505 1329 574 1365 sto
597 1323 762 1365 habeat
782 1323 1045 1364 derivatam.

390 1444 434 1485 1.
469 1421 670 1488 Paulus
706 1438 979 1496 Apostolus
1017 1451 1121 1482 non
1160 1440 1220 1483 ab

322 1506 604 1552 hominibus
618 1537 632 1564 ,
652 1519 816 1562 neque
839 1519 929 1562 per
948 1505 1218 1563 hominem,

322 1573 409 1618 sed
419 1586 508 1631 per
519 1574 548 1617 J
552 1587 690 1619 esum
700 1573 966 1629 Christum,
978 1572 1222 1617 etDeum⁰

324 1641 545 1698 Patrem,
600 1641 682 1696 qui
736 1639 997 1685 suscitavit
1043 1653 1156 1683 eum
1192 1653 1222 1684 a

323 1708 560 1764 mortuis;

389 1777 434 1820 2.
473 1778 523 1820 et
558 1776 641 1832 qui
670 1789 863 1821 mecum
891 1775 1008 1819 sunt
1045 1785 1220 1818 omnes

322 1845 520 1902 fratres,
541 1841 782 1889 Ecclesiis
804 1841 1028 1887 Galatiae
1040 1833 1077 1886 ὅ.

387 1911 432 1956 3.
472 1911 644 1955 Gratia
671 1911 815 1957 vobis
846 1913 897 1956 et
925 1922 1024 1967 pax
1052 1922 1081 1954 a
1107 1909 1219 1954 Deo

321 1979 493 2035 Patre,
542 1981 592 2023 et
624 1979 844 2023 Domino
885 1980 1061 2022 nostro
1097 1977 1221 2021 Jesu

323 2045 541 2101 Christo,

385 2112 432 2153 4.
470 2110 554 2164 qui
583 2110 716 2154 dedit
743 2112 901 2154 semet
935 2110 1096 2164 ipsum
1124 2121 1217 2166 pro

321 2176 537 2232 peccatis
557 2175 772 2231 nostris;
789 2177 845 2219 ut
863 2175 1110 2231 eriperet‘·
1122 2188 1218 2220 nos

322 2242 382 2286 de
403 2242 657 2297 praesenti
670 2241 871 2286 saeculo
894 2255 1122 2301 nequam,
1136 2256 1218 2287 se-

322 2309 534 2355 cundum
557 2309 862 2355 voluntatem
875 2308 972 2354 Dei
992 2312 1042 2354 et
1053 2310 1218 2355 Patris

317 2378 507 2435 nostri3

389 2448 433 2489 5.
489 2445 569 2491 cui
607 2444 682 2489 est
719 2442 884 2500 gloria
926 2444 979 2489 in
1017 2444 1220 2491 saecula

320 2512 650 2570 saeculorum,
672 2513 845 2556 Amen.

385 2582 430 2624 6.
474 2580 660 2637 Miror,
699 2578 831 2633 quod
869 2579 940 2624 sic
977 2582 1077 2623 tam
1117 2579 1216 2624 cito

317 2646 680 2693 transferimini
700 2647 759 2690 ab
782 2657 843 2689 eo
858 2674 872 2702 ,
905 2646 991 2702 qui
1011 2659 1101 2690 vos
1122 2659 1218 2690 vo-

318 2714 449 2758 cavit
467 2715 519 2758 in
540 2714 748 2771 gratiam
771 2712 981 2770 Christi,
1010 2712 1062 2756 in
1083 2712 1215 2757 aliud

317 2779 650 2837 Evangelium
663 2796 677 2837 ;

387 2846 431 2888 7.
468 2847 601 2900 quod
635 2861 738 2892 non
777 2848 854 2893 est
889 2846 1022 2891 aliud
1036 2839 1080 2904 d,
1117 2846 1218 2891 nisi

320 2916 435 2957 sunt
454 2912 634 2969 aliqui,
666 2914 749 2969 qui
772 2927 861 2959 vos
897 2917 1215 2970 conturbant,

320 2983 369 3023 et
382 2978 557 3023 volunt
572 2983 871 3025 convertere
883 2981 926 3025 E
935 2981 1217 3038 vangelium

319 3044 520 3092 Christi.

386 3116 430 3157 8.
470 3112 566 3158 Sed
595 3112 715 3157 licet
740 3125 863 3171 nos,
891 3116 976 3158 aut
993 3114 1217 3170 Angelus

363 3229 383 3245 α
403 3233 437 3256 v.
461 3225 512 3255 11.
537 3230 621 3267 sqq.
669 3218 686 3245 ὃ
702 3219 794 3255 Act.
814 3223 872 3261 16,
890 3223 925 3256 6.
963 3223 1021 3263 18,
1039 3225 1098 3258 23.
1146 3228 1163 3246 ⁸
1183 3233 1203 3255 c

316 3271 353 3307 6,
374 3273 432 3302 14.
459 3266 539 3301 Tit.
560 3271 594 3306 ¹’,
615 3268 672 3302 14.
721 3265 740 3291 d
758 3270 783 3300 2
802 3266 888 3302 Cor.
909 3270 965 3307 11,
983 3271 1022 3300 4.

1289 1095 1350 1139 de
1372 1092 1517 1138 coelo
1538 1093 1855 1150 evangelizet
1877 1094 2013 1138 vobis
2033 1108 2195 1150 prae-

1289 1165 1513 1216 terquam
1552 1159 1685 1215 quod
1731 1161 2193 1218 evangelizavimus

1292 1228 1450 1284 vobis,
1472 1227 1735 1273 anathema
1754 1226 1837 1274 sit!

1357 1297 1403 1339 9.
1440 1293 1580 1340 Sicut
1599 1295 1963 1353 praediximus,
1985 1299 2035 1340 et
2052 1310 2191 1341 nunc

1288 1363 1469 1408 iterum
1489 1360 1617 1407 dico.
1664 1361 1718 1406 Si
1739 1362 1848 1418 quis
1869 1362 2010 1407 vobis
2032 1376 2189 1408 evan-

1289 1429 1589 1486 gelizaverit
1605 1431 1805 1485 praeter
1835 1428 1911 1486 id,
1942 1429 2073 1485 quod
2102 1443 2188 1474 ac-

1290 1496 1509 1553 cepistis,
1532 1495 1826 1540 anathema⁶
1846 1495 1933 1541 sit!

1357 1563 1435 1607 10.
1456 1561 1609 1607 Modo
1624 1562 1755 1607 enim
1766 1563 2050 1608 hominibus
2070 1577 2182 1608 sua-

1289 1630 1402 1688 deo,
1426 1642 1491 1694 an
1511 1629 1653 1674 Deo?
1674 1642 1738 1673 an
1759 1642 1949 1684 quaero
1971 1629 2182 1676 homiui-

1288 1699 1377 1743 bus
1397 1695 1631 1752 placere?
1651 1695 1706 1742 Si
1725 1695 1885 1742 adhuc
1906 1697 2181 1742 hominibus

1287 1764 1555 1821 placerem,
1578 1763 1763 1808 Christi
1782 1776 1961 1809 servus
1980 1777 2081 1810 non
2102 1777 2179 1808 es-

1289 1844 1408 1877 sem.

1355 1900 1435 1944 11.
1470 1898 1654 1942 Notum
1692 1898 1827 1943 enim
1866 1899 2008 1944 vobis
2035 1899 2175 1952 facio,

1287 1968 1470 2012 fratres
1484 1965 1493 2010 !
1506 1966 1859 2025 Evangelium,
1878 1967 2009 2023 quod
2030 1980 2173 2011 evan-

1288 2034 1555 2091 gelizatum
1578 2036 1656 2078 est
1673 2046 1701 2077 a
1721 2047 1799 2078 me
1813 2063 1828 2092 ,
1855 2033 1971 2089 quia
1987 2048 2087 2079 non
2106 2035 2173 2077 est

1288 2101 1560 2146 secundum
1576 2090 1879 2146 hominems
1891 2116 1904 2157 3

1353 2170 1432 2212 12.
1454 2181 1617 2223 neque
1638 2168 1770 2213 enim
1790 2181 1887 2225 ego
1906 2171 1965 2214 ab
1985 2167 2170 2213 homine

1287 2235 1457 2291 accepi
1478 2234 1618 2292 illud,
1632 2248 1795 2291 neque
1817 2235 1982 2293 didici,
1996 2234 2077 2280 sed
2088 2246 2169 2289 per

1288 2301 1647 2347 revelationem
1667 2302 1699 2346 J
1701 2314 1788 2347 esu
1811 2302 2010 2348 Christi.

1352 2378 1431 2423 13.
1481 2377 1701 2422 Audistis
1740 2378 1877 2423 enim
1912 2388 2167 2423 conversa-

1285 2443 1475 2489 tionem
1510 2457 1670 2489 meam
1707 2444 1975 2501 aliquando
2011 2445 2061 2489 in
2086 2443 2166 2487 Ju-

1287 2510 1504 2568 daismo;
1544 2511 1781 2566 quoniam
1808 2525 1961 2569 supra
1987 2510 2167 2556 modum

1285 2580 1661 2634 persequebar8
1696 2578 1977 2625 Ecclesiam
1994 2578 2103 2630 Dei,
2124 2580 2167 2619 et

1288 2648 1634 2701 expugnabam
1655 2645 1809 2705 illam,

1353 2712 1431 2755 14.
1454 2715 1503 2756 et
1524 2713 1841 2768 proficiebam
1857 2715 1910 2759 in
1930 2716 1959 2759 J
1962 2712 2165 2759 udaismo

1285 2790 1436 2835 supra
1454 2779 1638 2825 multos
1650 2783 1953 2827 coaetaneos
1974 2792 2102 2825 meos
2120 2777 2165 2820 in

1285 2859 1473 2902 genere
1492 2859 1605 2891 meo
1618 2876 1633 2904 ,
1662 2847 1995 2893 abundantius
2014 2857 2163 2891 aemu-

1284 2912 1415 2957 lator
1446 2914 1671 2959 existens
1698 2915 2020 2971 paternarum
2044 2924 2163 2957 mea-

1283 2993 1393 3024 rum
1412 2980 1751 3025 traditionum.

1352 3047 1430 3090 15.
1470 3048 1591 3092 Cum
1612 3049 1776 3092 autem
1796 3047 1985 3105 placuit
2003 3048 2073 3103 ei,
2092 3043 2168 3100 qui

1283 3127 1363 3159 me
1400 3114 1689 3172 segregavit
1726 3128 1792 3161 ex
1831 3120 1975 3160 utero
2009 3111 2167 3159 matris

1330 3229 1347 3249 θ
1366 3227 1386 3258 1
1408 3222 1497 3258 Cor.
1517 3226 1576 3265 16,
1596 3226 1655 3257 22.
1702 3220 1729 3254 :f
1749 3234 1784 3259 v.
1803 3226 1862 3259 17.
1896 3228 1917 3259 1
1938 3222 2025 3259 Cor.
2044 3226 2097 3257 11.
2116 3222 2168 3254 23.

1284 3267 1376 3305 Act.
1395 3272 1455 3310 25,
1476 3272 1535 3306 16.
1581 3274 1606 3303 ε
1625 3268 1720 3305 Act.
1739 3272 1799 3311 22,
1818 3272 1859 3304 4.

431 3414 541 3467 Cap.
574 3413 609 3453 Ι.
668 3417 709 3453 4.
739 3416 790 3452 nt
807 3412 1047 3464 eriperent.
1108 3417 1148 3455 6.
1179 3415 1719 3466 transferemini3ibt‘d·in
1740 3416 1853 3459 aliut
1870 3414 2165 3465 Evangelium.

319 3470 362 3505 ¹1.
391 3482 477 3507 non
498 3474 567 3508 ost
587 3466 712 3508 aliut.
777 3470 841 3506 10.
875 3471 951 3508 aut
972 3468 1085 3516 Deo,
1107 3474 1185 3510 aut
1206 3484 1366 3523 quei-⁰3
1388 3470 1498 3515 ibid.
1518 3475 1555 3513 si
1576 3472 1725 3514 athuc.
1788 3477 1853 3515 15.
1888 3472 1942 3513 de
1963 3476 2096 3512 utero.
