2376 3925
488 209 761 263 ACTUS
812 211 1457 265 APOSTOLORUM.
1515 215 1681 268 cAP.
1720 219 1843 269 3.4.

295 314 373 358 17.
392 312 459 358 Et
476 327 631 372 nunc,
650 313 856 360 fratres!
878 315 1003 372 scio,
1014 315 1131 371 quia

221 393 316 438 per
346 373 719 438 ignorantiamb
753 381 961 440 fecistis,
1001 382 1131 428 sicut

219 450 273 493 et
292 447 551 504 principes
573 447 757 504 vestri;

288 516 370 560 18.
403 514 546 560 Deus
583 517 772 573 autem,
813 527 941 571 qnae
978 527 1129 572 prae-

219 581 488 626 nunciavit
519 594 609 638 per
646 582 961 627 os-omnium
998 583 1157 628 Pro-.

219 649 542 706 phem-mne,
568 649 673 706 pati
692 649 945 696 Christum
965 663 1127 710 suum,

218 715 295 761 sic
314 714 559 772 implevit.

288 784 371 827 19.
407 782 748 828 Poenitemini
765 782 920 840 igitur
941 785 991 828 et
1000 796 1127 828 con-

222 848 507 908 vertimini,
544 851 602 894 ut
630 849 893 899 deleantur
922 852 1129 909 peccata

223 917 394 961 vestra
406 908 435 944 ‘²
446 929 461 972 3

290 983 369 1027 2⁰.
406 985 459 1028 ut
487 995 600 1029 cum
628 983 867 1028 venerint
898 985 1129 1040 tempora

214 1049 479 1106 refrigerii
498 1062 529 1095 a
548 1050 825 1106 conspectu
839 1049 1062 1108 Domini,
1078 1052 1127 1096 et

214 1116 415 1162 miserit
432 1130 570 1175 eum,
601 1116 689 1173 qui
714 1116 1031 1175 praedicatus
1051 1120 1128 1162 est

220 1183 384 1242 vobis,
403 1184 436 1228 J
438 1195 576 1229 esum
597 1183 850 1229 Christum
860 1187 897 1242 ⁶,

284 1267 370 1310 21.
409 1279 554 1323 quem
572 1267 985 1324 oportetquidem
1002 1281 1125 1314 coe-

216 1331 323 1378 lum
352 1333 607 1392 suscipere
638 1348 792 1391 usque
822 1335 877 1380 in
895 1337 1125 1395 tempora

216 1400 554 1446 restitutionis
576 1402 813 1460 omnium,
832 1414 957 1458 quae
977 1402 1124 1450 locu-

214 1472 298 1512 tus
337 1470 415 1513 est
449 1468 586 1514 Deus
614 1481 707 1525 per
746 1480 803 1514 os
833 1471 1124 1516 sanctorum

215 1547 425 1580 suorum
439 1550 469 1582 a
478 1537 675 1584 saeculo
688 1535 1069 1592 Prophetarum.

284 1615 365 1660 22.
435 1617 644 1673 Moyses
708 1614 908 1670 quidem
970 1616 1121 1663 dixit:

213 1681 513 1741 „Quoniam
540 1679 844 1738 Prophetam
864 1683 1125 1729 suscitabit

212 1749 401 1808 „vobis
430 1746 679 1791 Dominus
710 1747 849 1791 Deus
876 1751 1044 1793 vester
1064 1749 1123 1793 de

212 1814 497 1875 „fratribus
522 1812 731 1871 vestris,
758 1815 995 1869 tanquam
1016 1827 1122 1872 me;

211 1883 421 1942 „ipsum
477 1879 691 1925 audietis
741 1878 891 1936 juxta
936 1881 1123 1941 omnia,

212 1960 597 2010 „quaecumque
624 1945 825 1993 locutus
853 1948 1010 1996 fuerit
1028 1961 1123 1995 vo-

252 2017 347 2064 bis.

210 2048 248 2077 ²,
280 2084 363 2129 23.
401 2081 552 2142 „Erit
579 2083 770 2129 autem:
809 2083 973 2129 omnis
1008 2084 1122 2131 ani-

210 2164 359 2211 „ma,
379 2162 506 2207 quae
524 2163 631 2196 non
658 2150 875 2196 audierit
891 2151 1121 2209 Prophe-

210 2220 358 2277 „tam
392 2216 561 2276 illum,
602 2218 1021 2264 exterminabitur
1059 2220 1119 2265 de

210 2276 503 2344 „plebe.“f

280 2354 362 2396 24.
397 2351 466 2397 Et
484 2362 659 2397 omnes
669 2351 955 2409 Prophetae
974 2363 1005 2397 a
1025 2354 1118 2398 Sa-

204 2418 365 2477 muel,
379 2421 429 2465 et
439 2418 691 2477 deinceps,
706 2420 790 2475 qui
807 2419 968 2464 locuti
985 2422 1119 2478 sunt,

206 2486 653 2533 annunciaverunt
672 2485 778 2531 dies
798 2486 940 2531 istos.

280 2571 363 2615 25.
396 2570 502 2614 Vos
542 2569 663 2615 estis
700 2568 791 2615 filii
832 2569 1117 2628 Propheta-

205 2642 379 2695 rume,
400 2638 451 2682 et
466 2636 769 2696 testamenti,
788 2636 922 2695 quod
943 2637 1117 2696 dispo-

206 2704 314 2750 suit
335 2703 473 2749 Deus
493 2703 556 2749 ad
580 2706 748 2761 patres
777 2707 1007 2763 nostros,
1040 2703 1117 2749 di—

206 2783 334 2817 cens
353 2771 415 2816 ad
431 2770 705 2818 Abraham:
728 2770 831 2830 „Et
849 2771 903 2817 in
922 2770 1116 2817 semine

204 2842 339 2899 „tuo
368 2838 727 2885 benedicentur
766 2850 940 2885 omnes
966 2836 1116 2884 fami-

204 2905 349 2965 „liae
368 2904 590 2952 terrae.“
602 2900 630 2934 ‘⁵

276 2974 359 3018 26.
392 2974 550 3019 Vobis
577 2966 818 3031 primumi
841 2972 979 3019 Deus
1000 2984 1114 3019 sus-

252 3080 269 3108 ⁸
286 3086 309 3117 1
331 3080 422 3117 cor.
438 3085 484 3125 2,
502 3084 540 3120 8.
605 3080 738 3118 ‘Lam
756 3084 828 3126 24,
846 3083 911 3118 44.
974 3079 997 3108 ¹¹
1016 3092 1049 3119 c.
1074 3085 1112 3123 2,

202 3130 346 3170 38.17,
364 3132 425 3165 30.
442 3132 501 3165 31.
540 3130 558 3151 ³
582 3126 673 3163 Joh.
694 3132 756 3171 14,
774 3132 834 3166 23.
878 3125 907 3159 f
920 3126 1041 3165 Deut.
1053 3132 1112 3171 18,

202 3178 265 3211 15.
294 3172 391 3210 Act.
411 3178 447 3216 7,
464 3178 524 3211 37.
568 3179 595 3208 ε
610 3174 728 3210 Rom.
746 3178 784 3219 3,
802 3178 837 3213 2.
892 3172 913 3199 ἢ
933 3174 1035 3211 Gen.
1051 3178 1113 3218 22,

200 3225 264 3258 18.
314 3216 331 3244 δ’
349 3232 381 3256 c.
401 3224 460 3262 13,
476 3222 541 3258 46.

2005 222 2106 272 189

1199 315 1360 360 citans
1395 317 1581 364 Filium
1609 333 1779 380 snum,
1818 322 1955 368 mIsit
1993 337 2105 368 eum

1200 383 1578 430 benedicentem
1608 387 1779 446 vobis3
1809 395 1866 435 ut
1885 403 2103 436 conver-

1197 450 1271 495 tat
1287 462 1343 495 se
1363 452 1704 510 unusquisque
1716 467 1746 500 a
1761 456 1988 513 nequitia
1997 471 2100 504 sua.

1493 571 1660 622 CAP.
1711 573 1803 626 IV.

1194 665 1250 708 In
1269 665 1364 710 solo
1387 665 1567 711 Christo
1597 669 1789 714 salutem
1817 687 1940 723 esse,
1969 676 2101 718 forti-

1195 726 1266 764 ter
1294 725 1487 777 exponit
1521 725 1702 768 Petrus.
1765 729 1837 770 De
1874 731 2100 784 apostolo-

1195 791 1292 819 rum
1313 781 1582 822 constantia.
1614 783 1949 838 Discipulorum
1969 799 2098 828 nemo

1317 835 1557 890 quidquam
1578 836 1714 880 habet
1730 841 1980 894 proprium.

1264 927 1310 970 1.
1345 927 1690 984 Loquentibus
1715 934 1884 978 autem
1907 933 2012 980 illis
2037 936 2101 981 ad

1193 992 1462 1053 populum,
1492 1002 1896 1053 supervenerunt
1918 1002 2099 1048 Sacer-

1195 1059 1368 1119 dotes,
1397 1064 1448 1106 et
1473 1063 1794 1120 magistratus
1815 1069 2014 1128 templi,
2051 1075 2104 1116 et

1195 1127 1491 1186 Sadducaei,

1263 1195 1309 1237 2.
1346 1187 1634 1255 dolentesl',
1682 1199 1814 1254 quod
1858 1200 2100 1248 docerent

1193 1259 1458 1320 populum,
1480 1264 1532 1308 et
1548 1265 1918 1312 annunciarent
1936 1268 1990 1312 in
2007 1270 2099 1316 Je-

1194 1339 1304 1372 sum
1321 1329 1751 1376 resurrectionem
1770 1345 1834 1379 ex
1854 1336 2096 1393 mortuis3

1261 1394 1308 1440 3.
1344 1397 1396 1440 et
1413 1395 1702 1453 injecerunt
1719 1398 1774 1444 in
1794 1413 1883 1446 eos
1902 1415 2097 1462 manus,

1193 1461 1246 1506 et
1262 1466 1544 1520 posuerunt
1561 1477 1651 1510 eos
1669 1465 1724 1510 in
1748 1468 2026 1515 custodiam
2043 1471 2098 1516 in

1194 1529 1493 1588 crastinum3
1509 1534 1620 1578 erat
1637 1533 1770 1578 enim
1787 1535 1894 1592 jam
1913 1549 2096 1594 vespe·

1190 1608 1266 1640 ra.

1257 1663 1305 1706 4.
1339 1663 1490 1709 Multi
1507 1666 1674 1710 autem
1695 1678 1886 1726 eornm,
1909 1669 1993 1726 qui
2005 1682 2095 1716 au-

1193 1726 1390 1773 dierant
1409 1733 1642 1792 verbum,
1675 1732 2023 1793 crediderunt3
2046 1740 2098 1782 et

1192 1793 1352 1838 factus
1367 1797 1443 1840 est
1459 1809 1699 1844 numerus
1711 1799 1936 1846 virorum
1949 1803 2096 1858 quin-

1193 1871 1289 1916 que
1305 1853 1504 1907 millial.

1261 1929 1308 1972 5.
1342 1927 1553 1975 Factum
1572 1931 1650 1977 est
1659 1932 1823 1978 autem
1843 1933 1894 1979 in
1917 1936 2094 1984 crasti-

1192 2007 1336 2054 num,
1365 1999 1424 2042 ut
1443 2003 1879 2057 congregarentur
1895 2002 2094 2051 Princi-

1190 2074 1278 2119 pes
1299 2075 1494 2124 eorum,
1517 2069 1568 2111 et
1587 2066 1826 2114 Seniores
1839 2099 1855 2128 ,
1885 2072 1937 2116 et
1955 2072 2092 2117 Scri-

1187 2131 1280 2175 bae
1298 2130 1353 2176 in
1372 2132 1648 2179 Ierusalem
1663 2148 1677 2191 ς

1254 2200 1302 2243 6.
1339 2200 1390 2244 et
1401 2200 1572 2245 Annas
1593 2202 1826 2261 princeps
1841 2206 2091 2252 Sacerdo-

1184 2264 1308 2322 tum,
1347 2268 1398 2311 et
1426 2267 1639 2325 caiphas
1669 2271 1720 2316 et
1745 2272 1999 2331 Ioannes,
2039 2277 2091 2319 et

1185 2330 1501 2393 Alexander,
1530 2338 1582 2380 et
1599 2338 1846 2394 quotquot
1863 2341 2009 2385 erant
2029 2339 2089 2385 de

1186 2410 1374 2455 genere
1394 2402 1768 2461 sacerdotalim3

1253 2466 1299 2510 7.
1337 2468 1388 2513 et
1405 2470 1680 2515 statuentes
1709 2484 1797 2515 eos
1822 2472 1875 2517 in
1901 2472 2086 2532 medio,

1185 2529 1590 2591 interrogabant:
1637 2538 1696 2581 In
1743 2551 1840 2595 qua
1885 2540 2085 2598 virtute,

1185 2600 1274 2643 aut
1307 2599 1362 2644 in
1397 2613 1498 2658 quo
1526 2602 1732 2648 nomine
1759 2605 1950 2651 fecistis
1989 2606 2086 2653 hoc

1184 2666 1311 2711 vos?

1251 2734 1298 2777 8.
1335 2735 1480 2782 Tunc
1497 2735 1720 2793 repletus
1749 2737 1939 2793 SpirItu
1965 2754 2085 2787 san-

1184 2799 1266 2844 cto
1285 2800 1524 2860 nPetrus,
1556 2801 1685 2847 dixit
1709 2802 1770 2849 ad
1790 2817 1904 2851 eos:
1932 2809 2084 2855 Prin·-

1184 2866 1321 2923 cipes
1342 2868 1533 2925 populi,
1548 2868 1599 2913 et
1614 2868 1870 2931 Seniores,
1891 2876 2080 2922 audite!

1251 2936 1297 2977 9.
1335 2933 1389 2979 Si
1407 2946 1502 2979 nos
1515 2934 1664 2981 hodie
1685 2936 2011 2995 dijudicamur
2028 2943 2084 2987 in

1182 3000 1447 3046 benefacto
1468 3000 1682 3049 hominis
1701 3004 1901 3067 infirmi,
1916 3008 1968 3054 in
1980 3022 2078 3064 quo

1180 3066 1277 3113 iste
1297 3066 1466 3113 salvus
1483 3069 1643 3115 factus
1663 3074 1756 3131 est,

1226 3172 1249 3202 7‘
1267 3186 1301 3213 c.
1320 3178 1356 3218 5,
1374 3180 1437 3214 33.
1469 3182 1486 3213 1
1510 3177 1601 3214 Cor.
1619 3184 1657 3222 1,
1675 3184 1734 3218 23.
1781 3180 1796 3208 2
1815 3192 1846 3220 c.
1865 3186 1910 3224 2,
1936 3185 1998 3218 41.
2017 3186 2079 3220 47.

1179 3228 1212 3248 m
1226 3220 1328 3259 Luc.
1341 3226 1380 3267 3,
1397 3226 1434 3259 2.
1481 3231 1503 3249 ⁷¹
1521 3224 1667 3261 March.
1685 3232 1746 3270 10,
1767 3233 1824 3265 19.

322 3369 438 3424 Cap.
466 3368 556 3411 111.
617 3374 685 3411 18.
715 3367 923 3423 implevit
942 3368 1022 3411 sic.
1082 3372 1149 3413 19.
1169 3374 1322 3415 vestra
1343 3376 1547 3427 peccata.
1607 3378 1676 3417 21.
1695 3373 1868 3415 caelum
1888 3374 2078 3425 quidem.

203 3431 277 3469 22.
329 3426 441 3479 quia
486 3424 756 3479 prophetam
799 3424 929 3466 vobis
966 3426 1215 3469 suscitavit.

1320 3433 1386 3471 24.
1447 3434 1566 3476 sunt,
1605 3434 1654 3471 et
1689 3428 2079 3475 adnuntiaverunt.

204 3482 289 3525 lv.
352 3486 393 3523 8.
426 3481 475 3523 in
494 3481 561 3521 eis
579 3492 749 3522 manus.
806 3483 849 3521 4.
882 3480 1076 3533 quinque
1103 3481 1242 3527 milia.
1302 3488 1342 3527 8.
1375 3484 1508 3527 Tunc
1525 3485 1691 3529 Petrus
1716 3481 1918 3536 repletus
1944 3486 2080 3539 spiri-

204 3550 257 3581 tu
278 3541 437 3581 sancto
459 3536 603 3587 dixit3
622 3534 730 3579 ibid.
753 3538 873 3579 deest
890 3536 1057 3580 audite.
