2376 3925
327 139 431 192 282

331 240 542 288 Domini
559 238 724 284 nostri
733 238 856 284 Jcsu
871 237 1075 295 Christi,
1090 236 1241 281 Pater

330 305 796 354 misericordiarum
831 307 882 350 et
909 303 1047 350 Deus
1083 303 1239 348 totius

333 371 720 430 consolationis,

399 443 448 484 4.
483 438 570 496 qui
589 438 884 485 consolatur
903 450 999 483 nos
1027 437 1080 482 in
1101 436 1241 482 omni

330 505 658 553 tribulatione
677 508 882 562 nostra3
913 507 972 550 ut
987 504 1239 562 possimus

330 575 382 620 et
399 573 498 631 ipsi
517 573 776 620 consolari
795 585 900 629 eos,
921 571 1078 628 quiin
1099 571 1240 616 omni

328 653 569 699 pressura
579 643 810 700 sunt,per
819 638 1243 698 exhortationem,

330 721 430 765 qua
449 708 776 754 exhortamur
795 708 846 752 et
863 705 961 762 ipsi
979 718 1010 750 a
1026 703 1156 750 Deo.

397 778 445 820 5.
493 773 744 828 Quoniam
797 773 926 818 sicut
979 771 1237 818 abundant

327 842 594 901 passiones
614 839 872 886 christiin
889 839 1065 895 nobis3
1096 839 1166 884 ita
1185 841 1237 885 et

329 923 420 967 per
442 901 726 954 Christumb
749 905 968 952 abundat
995 905 1234 952 consola-

326 977 400 1022 tio
419 977 611 1021 nostra.

393 1045 440 1087 6.
479 1042 598 1088 Sive
617 1042 784 1087 autem
812 1040 1110 1087 tribulamur
1137 1052 1231 1097 pro

327 1111 500 1155 vestra
544 1108 904 1155 exhortatione
953 1110 1005 1154 et
1051 1107 1231 1166 salute,

328 1177 438 1222 sive
457 1175 782 1222 consolamur
801 1188 895 1233 pro
917 1179 1086 1222 vestra
1105 1187 1232 1221 con-

327 1243 606 1302 solatione;
637 1244 748 1290 sive
784 1243 1112 1290 exhortamur
1137 1253 1231 1299 pro

325 1314 498 1358 vestra
541 1311 900 1358 exhortatione
947 1313 999 1356 et
1051 1308 1229 1367 salute,

325 1391 452 1434 quae
491 1379 732 1435 operatur
775 1376 1100 1422 tolerantiam
1142 1388 1231 1420 ea-

322 1445 548 1490 rumdem
566 1444 886 1502 passionum,
913 1455 1036 1499 quas
1064 1445 1114 1488 et
1133 1455 1231 1487 nos

323 1511 554 1568 patimur.

391 1580 437 1623 7.
473 1579 540 1622 Ut
559 1589 674 1634 spes
695 1579 872 1622 nostra
891 1577 1030 1621 firma
1047 1575 1116 1621 sit
1134 1589 1228 1632 pro

324 1645 496 1703 vobin
517 1645 762 1702 scientes,
793 1643 926 1700 quod
954 1643 1084 1690 sicut
1102 1643 1233 1689 socii

324 1713 615 1772 passionum
627 1712 766 1771 estis,
779 1712 852 1758 sic
871 1711 1012 1758 eritis
1033 1713 1085 1758 et
1103 1724 1229 1758 con-

323 1781 607 1828 solutionis.

391 1851 437 1893 8.
474 1849 591 1894 Non
611 1848 746 1894 enim
765 1846 996 1893 volumus
1017 1846 1229 1905 ignora-

323 1930 381 1961 re
413 1929 532 1976 vos,
572 1917 782 1975 fratres,
815 1913 874 1960 de
901 1913 1229 1960 tribulatione

323 1984 525 2042 nostra,
555 1996 682 2039 quae
712 1984 846 2028 facta
871 1983 948 2027 est
978 1982 1034 2027 in
1051 1981 1227 2038 Asia03

323 2050 562 2105 quoniam
597 2060 750 2104 supra
792 2048 994 2092 modum
1030 2048 1229 2104 gravati

323 2128 492 2160 sumus
533 2126 686 2171 supra
723 2114 984 2169 virtutem,
1032 2114 1126 2172 ita,
1173 2116 1231 2159 ut

321 2182 548 2227 taederet
566 2192 661 2225 nos
683 2180 833 2225 etiam
854 2179 1042 2225 vivere.

390 2250 435 2292 9.
475 2246 574 2293 Sed
601 2246 701 2304 ipsi
727 2246 780 2291 in
816 2247 1070 2293 nobismet
1103 2248 1228 2306 ipsis

321 2328 624 2373 responsum
647 2313 825 2360 mortis
853 2314 1142 2374 habuimus3
1172 2318 1231 2362 ut

321 2398 429 2430 non
448 2382 600 2429 simus
621 2382 830 2429 fidentes
860 2382 913 2427 in
931 2384 1106 2442 nobis,
1139 2383 1229 2429 sed

320 2452 376 2497 in
393 2452 523 2510 Deo,
545 2450 630 2507 qui
649 2450 856 2497 suscitat
874 2453 1103 2497 mortuos
1115 2444 1160 2511 ὅ,

387 2520 468 2564 10.
505 2519 589 2575 qui
609 2518 668 2563 de
687 2518 841 2563 tantis
871 2518 1110 2574 periculis
1132 2530 1227 2564 noa

323 2586 524 2645 eripuit,
546 2587 596 2632 et
615 2585 772 2641 eruit3
801 2585 854 2631 in
884 2598 1031 2641 quem
1049 2599 1226 2642 spera-

320 2667 446 2711 mus,
469 2653 707 2709 quoniam
726 2653 777 2699 et
795 2650 954 2697 adhuc
974 2652 1174 2711 eripiet,

388 2720 470 2765 11.
513 2719 864 2778 adjuvantibus
903 2721 954 2765 et
990 2720 1134 2766 vobis
1171 2720 1225 2765 in

323 2786 555 2832 oratione
575 2802 668 2846 pro
689 2787 836 2834 nobis
850 2801 864 2845 ς
879 2788 936 2832 ut
953 2800 1021 2834 ex
1037 2786 1226 2833 multo-

319 2879 383 2963 15⁶
397 2890 444 2962 ἑὲ
457 2883 516 2921 12,
535 2884 572 2918 9.
620 2888 638 2907 ⁶
655 2882 749 2919 Act.
768 2886 898 2926 19,23.
918 2892 1004 2931 sqq.
1054 2881 1076 2909 ἆ
1091 2887 1116 2919 1
1135 2882 1225 2919 Cor’.

368 2951 379 2967 ,
445 2952 456 2961 .

567 135 796 188 EPIST.
833 133 1050 186 PAULI
1085 134 1181 184 AD
1220 129 1665 183 CORINTHIOS
1700 131 1765 182 n.
1805 131 1960 182 cAP.
2000 135 2051 184 1.

1307 247 1419 280 rum
1439 233 1694 292 personis,
1706 233 1833 292 ejus,
1846 247 1979 291 quae
2000 236 2055 282 in
2068 239 2201 284 nobis

1309 302 1387 346 est
1396 300 1704 359 donationis,
1714 301 2007 357 permultos
2024 306 2201 362 gratiae

1308 368 1523 426 agantur
1541 379 1635 424 pro
1654 368 1823 414 nobis.

1374 436 1455 480 12.
1497 435 1625 480 Nam
1670 435 1841 491 gloria
1876 440 2053 484 nostra
2085 439 2198 485 haec

1306 505 1409 560 est,
1472 501 1819 548 testimonium
1872 505 2197 552 conscientiae

1304 572 1530 627 nostrae,
1544 569 1677 626 quod
1695 568 1752 614 in
1763 570 2079 628 simplicitate
2088 587 2197 619 cor-

1306 636 1381 682 dis
1404 637 1455 682 et
1480 636 1771 682 sinceritate
1791 637 1920 696 Dei,
1950 640 2001 684 et
2023 651 2119 684 non
2146 641 2197 685 in

1304 703 1554 760 sapientia
1581 703 1801 762 carnali,
1840 705 1933 751 sed
1960 706 2013 751 in
2047 707 2195 764 gratia

1302 769 1401 816 Dei
1448 769 1742 827 conversati
1788 785 1961 818 sumus
2005 773 2060 820 in
2106 774 2195 820 hoc

1300 836 1522 895 mund03
1570 837 1909 885 abundantius
1946 843 2111 886 autem
2139 841 2194 888 ad

1302 915 1394 950 vos
1406 909 1440 949 ².

1370 973 1451 1018 13.
1486 971 1604 1018 Non
1637 971 1775 1018 enim
1810 972 1905 1018 alia
1940 975 2191 1020 scribimus

1302 1039 1445 1085 vobis
1457 1069 1472 1097 ,
1494 1051 1641 1096 quam
1659 1052 1787 1095 quae
1806 1039 2017 1099 legistis,
2041 1044 2094 1087 et
2110 1055 2191 1088 co-

1301 1105 1567 1162 gnovistis.
1638 1107 1803 1163 Spero
1838 1109 2023 1166 autem,
2062 1109 2190 1164 quod

1299 1186 1457 1228 usque
1476 1173 1531 1218 in
1549 1175 1699 1220 finem
1718 1174 2047 1233 cognoscetis,

1366 1241 1445 1284 14.
1466 1240 1599 1286 sicut
1618 1242 1671 1286 et
1688 1241 2001 1298 cognovistis
2016 1253 2105 1286 nos
2124 1256 2187 1288 ex

1299 1309 1465 1365 parte,
1487 1307 1619 1364 quod
1640 1306 1808 1364 gloria
1827 1310 1995 1354 vestra
2010 1322 2184 1368 sumus,

1299 1374 1429 1419 sicut
1446 1376 1497 1420 et
1516 1387 1610 1420 vos
1627 1377 1807 1420 nostra
1818 1405 1833 1434 ,
1854 1376 1907 1420 in
1927 1376 2006 1422 die
2023 1375 2186 1421 Domi-

1299 1440 1352 1484 ni
1372 1441 1538 1486 nostri
1554 1442 1585 1486 J
1588 1454 1677 1488 esu
1697 1442 1903 1488 Christi.

1365 1509 1445 1553 15.
1480 1508 1549 1554 Et
1590 1508 1683 1556 hac
1721 1509 2030 1557 confidentia
2062 1511 2185 1556 volui

1296 1574 1437 1632 prius
1458 1575 1635 1622 venire
1654 1576 1717 1623 ad
1738 1589 1849 1635 vos,
1860 1579 1919 1622 ut
1935 1579 2185 1624 secundam

1298 1642 1511 1699 gratiam
1530 1643 1808 1700 haberetis,

1365 1711 1445 1756 16.
1483 1712 1535 1756 et
1556 1723 1649 1769 per
1668 1723 1761 1758 vos
1778 1713 2002 1759 transire
2019 1714 2071 1758 in
2086 1715 2182 1758 Ma-

1299 1769 1631 1835 cedoniams3
1671 1781 1723 1824 et
1759 1778 1947 1826 iterum
1974 1793 2005 1827 a
2030 1781 2182 1826 Mace·

1298 1843 1451 1890 donia
1479 1845 1655 1891 venire
1684 1846 1745 1891 ad
1777 1859 1898 1906 vos,
1930 1847 1983 1894 et
2000 1861 2030 1893 a
2058 1847 2181 1894 vobis

1298 1911 1475 1958 deduci
1496 1911 1549 1957 in
1567 1912 1824 1958 Judaeam.

1364 1981 1445 2025 17.
1483 1981 1604 2026 Cum
1632 1994 1756 2039 ergo
1788 1981 1887 2028 hoc
1908 1982 2181 2039 voluissem,

1294 2046 1537 2105 numquid
1562 2047 1769 2094 levitate
1795 2062 1921 2095 usus
1950 2052 2087 2096 sum?
2111 2052 2184 2096 aut

1296 2127 1424 2171 quae
1454 2115 1650 2174 cogito,
1688 2115 1967 2163 secundum
2002 2130 2183 2165 carnem

1298 2182 1493 2243 cogito,
1539 2185 1597 2229 ut
1627 2182 1693 2228 sit
1736 2184 1869 2241 apud
1904 2198 1986 2232 me
2019 2186 2109 2232 Est
2142 2192 2184 2232 et

1295 2249 1443 2295 Non?

1364 2318 1447 2362 18.
1478 2316 1671 2364 Fidelis
1701 2320 1869 2365 autem
1885 2319 2055 2380 Deus,
2085 2318 2186 2378 quia

1297 2396 1464 2429 sermo
1484 2389 1660 2430 noster
1672 2414 1687 2443 ‚
1719 2386 1803 2442 qui
1822 2387 1921 2433 fuit
1938 2387 2071 2446 apud
2090 2400 2185 2443 vos,

1294 2463 1402 2497 non
1424 2450 1573 2497 estin
1591 2452 1681 2497 illo
1700 2452 1795 2498 Est
1812 2455 1865 2499 et
1880 2454 2017 2501 Non.

1362 2518 1442 2563 19.
1476 2517 1575 2565 Dei
1594 2520 1725 2565 enim
1744 2520 1876 2565 filius
1889 2521 2041 2568 Iesus
2053 2520 2188 2567 Chri-

1294 2584 1417 2644 stus,
1439 2586 1525 2642 qui
1543 2586 1594 2632 in
1611 2586 1753 2635 vobis
1772 2600 1863 2644 per
1881 2601 1980 2635 nos
2000 2588 2189 2647 praedi·

1294 2652 1431 2697 catus
1454 2654 1556 2711 est,
1595 2666 1686 2711 per
1703 2666 1810 2713 me,
1850 2656 1902 2701 et
1920 2656 2187 2712 Silvanum,

1294 2721 1345 2765 et
1365 2718 1748 2780 Timotheume,
1778 2734 1886 2767 non
1912 2724 2015 2771 fuit
2038 2724 2129 2769 Est
2144 2722 2190 2767 et

1292 2786 1427 2845 Non,
1450 2786 1539 2833 sed
1556 2788 1651 2833 Est
1668 2788 1721 2834 in
1740 2788 1831 2834 illo
1853 2790 1966 2837 fuit.

1338 2890 1354 2909 θ
1374 2894 1407 2921 c.
1424 2885 1465 2924 4,
1485 2886 1523 2919 2.
1568 2880 1595 2915 f
1612 2888 1633 2920 1
1653 2883 1741 2920 Cor.
1761 2888 1829 2925 16,
1848 2889 1884 2923 ⁵.
1930 2892 1959 2921 ε
1974 2886 2066 2923 Act.
2086 2888 2143 2927 18,
2159 2888 2190 2920 5.

1291 2932 1315 2965 2
1333 2928 1478 2966 Thess.
1498 2934 1536 2971 1,
1557 2934 1591 2965 1.

434 3072 546 3127 Cap.
577 3072 615 3115 Ι.
671 3078 713 3117 4.
744 3088 998 3129 praessura·
1059 3080 1100 3121 6.
1131 3076 1310 3121 Desunt
1326 3076 1467 3121 verba
1492 3076 1587 3120 sivo
1616 3078 1915 3123 exhortamur
1930 3094 2015 3136 pro
2048 3086 2189 3123 vostr·

321 3128 636 3173 exhortatione
655 3134 702 3171 et
720 3128 889 3181 salute3
909 3131 1016 3175 ibid.
1049 3145 1163 3186 quae
1183 3137 1427 3188 operantur
1452 3131 1612 3187 (litem
1630 3148 1660 3176 n
1678 3134 1859 3178 minuta
1876 3136 1971 3179 εον·
2004 3143 2109 3180 tura
2126 3135 2191 3177 in·

323 3192 446 3228 serta
463 3184 548 3235 est)
570 3184 616 3226 in
635 3184 894 3227 tollerantia
914 3189 1156 3231 earundem
1174 3190 1447 3243 passionum.
1504 3192 1547 3230 ¹1.
1578 3188 1641 3231 Et
1660 3204 1765 3245 spes
1784 3196 1941 3235 nostra
2001 3204 2098 3235 rma
2118 3204 2193 3246 pro

322 3241 451 3283 vobis
489 3240 632 3293 (deest
657 3241 764 3293 sit);
801 3239 908 3283 ibid.
951 3244 1148 3287 scientes
1173 3245 1396 3297 quoniam.
1456 3247 1607 3287 &vos
1634 3246 1855 3297 ignorare.
1917 3251 1960 3291 9.
1991 3250 2041 3290 in
2067 3247 2195 3291 nohis

323 3297 452 3349 ipsis.
511 3299 578 3335 10.
609 3296 778 3349 eripuit
805 3310 886 3338 nos
914 3302 959 3339 et
985 3303 1129 3341 eruet.
1190 3304 1257 3342 11.
1286 3304 1339 3341 ut
1364 3312 1425 3342 ex
1454 3298 1692 3342 multarum
1711 3302 1932 3345 facierum
1952 3304 2068 3357 ejus.
2132 3305 2193 3345 12-

324 3351 372 3391 in
391 3348 682 3404 simplicitate
703 3354 750 3391 et
768 3351 1026 3393 sinceritate
1047 3354 1135 3396 Dei
1165 3355 1309 3409 (deest
1326 3356 1521 3409 cordis);
1541 3355 1649 3398 dbia.
1670 3356 1719 3398 in
1736 3358 1903 3399 mundo
1914 3361 2065 3415 (deest
2082 3357 2195 3409 lust)-

327 3407 393 3443 13.
426 3406 708 3455 cognoscitis.
768 3408 836 3445 14.
869 3408 972 3457 quia
1009 3404 1170 3457 gloria.
1241 3411 1307 3452 16.
1348 3410 1692 3454 Machedoniam
1730 3412 1824 3467 (ita
1859 3416 2073 3471 semper).
2136 3416 2195 3457 1¹1-

267 3469 422 3533 ιΜιειπιι
441 3457 524 3500 hoc
542 3473 661 3511 ergo.
725 3462 789 3501 18.
822 3460 897 3512 qui
917 3462 970 3502 fit
988 3463 1109 3515 apud
1127 3476 1219 3506 vos.
