2376 3925
467 197 728 249 ACTUS
782 197 1430 259 APOSTOLORUM.
1471 203 1636 253 CAP.
1696 205 1776 254 15.

261 302 340 346 21.
375 303 579 359 Moyses
618 301 753 346 enim
788 315 819 346 a
850 303 1094 360 tempori-

192 371 285 416 bus
304 368 521 424 antiquis
541 369 691 414 habet
707 369 762 413 in
788 368 999 426 singulis
1020 369 1094 415 ci-

190 435 457 494 vitatibus,
488 435 575 492 qui
603 449 715 482 eum
732 436 1023 493 praedicent
1041 436 1094 481 in

190 503 496 562 synagogis,
522 502 610 548 ubi
627 515 718 560 per
746 505 1093 550 omnesabba-

189 576 294 616 tum
310 570 518 628 legitur.

255 640 336 682 22.
377 639 523 682 Tunc
541 635 727 694 placuit
743 636 1021 696 Apostolis,
1043 638 1094 682 et

192 705 491 752 Senioribus
530 718 637 749 cum
675 705 813 750 omni
843 704 1091 762 Ecclesia,

190 773 385 830 eligere
415 771 553 816 viros
583 784 649 817 ex
678 771 778 830 eis,
818 773 869 816 et
892 771 1093 818 mittere

188 839 511 885 Antiochiam
530 851 641 884 cum
657 838 815 883 Paulo
837 839 889 884 et
902 838 1093 883 Barna-

190 911 281 964 ba,
314 907 344 950 J
346 906 518 964 udam,
540 905 626 961 qui
646 905 1095 963 cognominabatur

189 976 450 1031 Bai-sabas,
466 975 515 1018 et
527 972 681 1018 Silam
691 978 729 1033 ³,
741 973 881 1018 viros
902 973 1095 1030 primos

191 1043 247 1087 in
265 1041 519 1098 fratribus,

263 1109 343 1153 23.
380 1108 655 1154 scribentes
684 1119 776 1164 per
807 1119 983 1151 manus
1003 1119 1095 1152 eo-

189 1188 329 1221 rum:
357 1174 617 1233 Apostoli,
656 1174 707 1219 et
733 1171 962 1218 seniores
990 1175 1095 1218 fra-

192 1247 315 1301 tres,
334 1242 415 1287 his
428 1273 442 1301 ,
463 1242 546 1298 qui
566 1242 684 1287 sunt
700 1240 1025 1300 Antiochiae,
1049 1242 1099 1287 et

192 1310 403 1370 Syriae,
434 1311 483 1355 et
503 1309 734 1367 Ciliciae,
764 1307 1004 1354 fratribus
1032 1321 1099 1355 ex

100 1398 106 1405 ·
132 1390 135 1392 ’
192 1377 457 1435 Gentibus,
478 1377 703 1423 salutem.

263 1446 343 1488 24.
384 1444 632 1497 Quoniam
652 1442 959 1502 audivimus,
981 1442 1098 1499 quia

192 1511 395 1570 qnidam
426 1524 492 1556 ex
517 1511 664 1557 nobis
685 1512 957 1568 exeuntes,
987 1511 1097 1555 tur-

190 1580 442 1626 baverunt
461 1590 551 1623 vos
584 1577 779 1636 verbis,
810 1579 1098 1623 evertentes

191 1647 385 1692 animas
406 1648 617 1704 vestras,
635 1643 812 1699 quibus
830 1656 937 1688 non
948 1655 1100 1689 man-

192 1711 481 1768 davimus23

260 1783 343 1826 25.
380 1777 571 1836 placuit
605 1775 752 1821 nobis
791 1775 1017 1820 collectis
1048 1775 1102 1819 in

191 1861 369 1905 unum,
383 1844 575 1902 eligere
594 1843 734 1888 viros
755 1843 808 1888 et
822 1841 1021 1888 mittere
1041 1840 1103 1886 ad

192 1929 287 1962 vos
310 1927 425 1960 cum
445 1909 750 1956 charissimis
770 1909 959 1955 nostris
978 1909 1101 1954 Bar-

188 1987 328 2030 naba
348 1984 398 2029 et
415 1978 593 2036 Paulo,

258 2052 345 2095 26.
390 2046 699 2105 hominibus,
746 2046 830 2103 qui
876 2044 1100 2091 tradide-

187 2119 319 2163 runt
353 2116 541 2161 animas
579 2118 730 2159 suasu
762 2125 857 2172 pro
894 2112 1101 2158 nomine

188 2184 405 2230 Domini
424 2182 586 2228 nostri
604 2182 634 2226 J
638 2195 727 2227 esu
748 2181 949 2226 Christi.

264 2252 349 2295 27.
382 2250 609 2295 Misimus
656 2261 778 2306 ergo
826 2248 1005 2293 Judam
1050 2250 1119 2298 et,

168 2304 374 2377 Silam,
413 2316 497 2374 qui
533 2319 583 2363 et
617 2315 715 2373 ipsi
755 2315 896 2361 vobis
918 2313 1099 2360 ‘verbis

189 2386 429 2432 referent
446 2383 634 2429 eadem.

266 2454 351 2498 28.
392 2451 565 2497 Visum
608 2452 685 2496 est
720 2450 853 2496 enim
892 2447 1102 2507 Spiritui

194 2521 397 2577 sancto,
418 2521 468 2565 et
487 2518 658 2577 nobis,
688 2517 818 2563 nihil
845 2516 979 2562 ultra
1004 2516 1100 2561 im-

194 2600 397 2647 ponere
418 2586 557 2632 vobis
578 2585 750 2632 oneris
759 2591 799 2645 ⁹,
812 2598 959 2642 quam
974 2584 1100 2629 haec

194 2653 513 2701 necessaria:

270 2724 352 2766 29.
384 2722 442 2767 ut
459 2719 799 2766 abstineatisw
813 2731 902 2764 vos
922 2720 983 2764 ab
1004 2718 1099 2763 im-

194 2787 401 2835 molatis
430 2786 866 2843 simulachrorum,
896 2788 948 2830 et
980 2797 1099 2829 san-

196 2857 373 2916 guine,
387 2857 438 2901 et
453 2854 717 2911 suffocato,
733 2855 783 2897 et
800 2850 1099 2897 fornicatio-

193 2938 293 2983 ne,
334 2936 364 2969 a
401 2922 574 2978 quibus
613 2918 951 2966 custodientes
988 2930 1097 2974 vos,

194 2996 331 3038 bene
351 2990 525 3047 agetis.
576 2984 775 3032 Valete!

270 3060 350 3105 30.
370 3056 451 3103 Illi
470 3068 592 3115 ergo
606 3052 813 3111 dimissi,
826 3051 1099 3097 descende-

281 3188 317 3214 c·
336 3178 395 3216 16,
414 3178 469 3211 19.
498 3176 556 3214 17,
575 3176 613 3209 4.
641 3174 702 3213 18,
721 3175 757 3208 ⁵.
806 3173 823 3195 ί
841 3182 878 3206 v.
897 3175 931 3205 1.
954 3168 1043 3205 Gal.
1062 3172 1099 3211 2,

193 3227 235 3259 4.
288 3229 311 3248 ¹·
330 3232 366 3256 e.
383 3224 443 3262 13,
462 3222 519 3257 50.
537 3221 599 3261 14,
616 3222 672 3255 18.
730 3224 750 3242 ν
770 3228 808 3251 v.
826 3220 885 3253 10.
932 3222 964 3242 Ψ
980 3228 1019 3252 v.
1038 3219 1098 3251 20.

1965 205 2062 254 213

1160 306 1280 348 runt
1297 305 1641 362 Antiochiam3
1673 309 1724 352 et
1753 313 2063 364 congregata

1160 370 1476 417 multitudine
1521 373 1834 419 tradiderunt
1869 375 2060 431 episto-

1160 437 1276 483 lam.

1229 505 1308 549 31.
1345 503 1506 556 Quam
1535 519 1645 550 cum
1672 506 1941 564 legissent,
1970 519 2061 565 ga-

1161 569 1259 618 visi
1279 573 1396 616 sunt
1413 584 1565 628 super
1585 574 1950 620 consolatione.

1229 639 1308 683 32.
1343 638 1498 684 Iudas
1536 640 1701 685 autem
1739 643 1788 686 et
1825 640 1972 697 Silas,
2012 647 2064 688 et

1160 705 1258 762 ipsi
1277 719 1389 751 cum
1409 709 1580 751 essent
1589 706 1890 765 Prophetae,
1907 711 2060 754 verbo

1160 772 1376 829 plurimo
1415 773 1665 820 consolati
1703 778 1820 819 sunt
1859 776 2061 832 fratres,

1162 840 1214 884 et
1232 841 1669 885 confirmaverunt.

1231 907 1310 950 33.
1344 907 1500 951 Facto
1521 910 1683 953 autem
1715 907 1785 954 ibi
1803 908 2061 964 aliquanto

1160 974 1406 1032 tempore,
1423 973 1612 1019 dimissi
1631 978 1748 1020 sunt
1767 990 1875 1021 cum
1896 989 2018 1032 pace
2033 989 2064 1020 a

1161 1040 1399 1087 fratribus
1419 1040 1481 1086 ad
1501 1054 1616 1100 eos,
1637 1042 1720 1099 qui
1737 1043 1980 1089 miserant
1999 1042 2061 1088 il-

1160 1106 1258 1153 los.

1233 1175 1311 1218 34.
1347 1173 1521 1219 Visum
1541 1176 1619 1219 est
1646 1178 1810 1222 autem
1831 1176 1966 1223 Silae
1994 1177 2064 1223 ibi

1162 1252 1427 1286 remanere
1442 1255 1456 1298 ;
1470 1241 1622 1286 Judas
1634 1245 1798 1288 autem
1818 1244 1955 1289 solus
1977 1247 2064 1290 ab-

1163 1309 1226 1354 iit
1242 1307 1533 1353 Ierusalem.

1235 1376 1314 1420 35.
1349 1374 1534 1420 Paulus
1553 1377 1716 1423 autem
1747 1379 1797 1422 et
1813 1377 2066 1423 Barnabas

1168 1442 1556 1489 demorabantur
1589 1443 1917 1505 Antiochiae,
1975 1445 2066 1490 do-

1166 1511 1338 1556 centes
1351 1540 1366 1569 ,
1415 1512 1466 1555 et
1509 1510 1917 1569 evangelizantes
1956 1527 2067 1558 cum

1167 1576 1280 1623 aliis
1299 1576 1545 1636 pluribus,
1563 1581 1770 1624 verbum
1788 1579 2009 1626 Domini.

1235 1645 1314 1688 36.
1366 1645 1489 1689 Post
1521 1644 1717 1700 aliquot
1760 1649 1925 1691 autem
1961 1647 2068 1692 dies

1169 1709 1298 1754 dixit
1323 1709 1386 1752 ad
1422 1709 1700 1756 Barnabam
1729 1712 1938 1757 Paulus:
1969 1714 2068 1758 Re-

1171 1775 1426 1820 vertentes
1455 1775 1711 1822 visitemus
1736 1779 1948 1837 fratres,
1980 1793 2072 1835 per

1172 1841 1436 1887 universas
1496 1841 1741 1901 civitates,
1795 1845 1849 1889 in
1894 1845 2070 1900 quibus

1170 1907 1568 1967 praedicavimus
1609 1912 1810 1956 verbum
1848 1911 2069 1971 Domini,

1170 1975 1422 2033 quomodo
1443 1988 1496 2021 se
1515 1977 1745 2023 habeant.

1237 2044 1316 2089 37.
1352 2044 1606 2090 Barnabas
1652 2049 1816 2092 autem
1869 2047 2072 2094 volebat

1168 2124 1338 2158 secum
1355 2124 1608 2158 assumere
1629 2116 1680 2158 et
1695 2114 1726 2158 J
1729 2127 1944 2161 oannem
1954 2147 1969 2175 ,
1988 2117 2071 2172 qui

1168 2179 1620 2237 cognominabatur
1637 2182 1839 2228 Marcus
1849 2189 1890 2228 ⁸.

1235 2248 1315 2292 38.
1349 2247 1534 2293 Paulus
1553 2250 1717 2294 autem
1735 2253 1947 2308 rogabat
1957 2265 2071 2296 eum

1169 2311 1248 2373 (ut
1262 2314 1347 2371 qui
1363 2313 1676 2361 discessisset
1693 2318 1753 2363 ab
1765 2318 1837 2363 eis
1851 2318 1910 2363 de
1922 2318 2068 2363 Pam-

1166 2381 1339 2440 phylia
1349 2387 1399 2439 J,
1429 2384 1480 2427 et
1506 2396 1611 2427 non
1639 2383 1764 2429 isset
1791 2397 1903 2429 cum
1923 2384 1996 2428 eis
2016 2384 2068 2428 in

1168 2447 1318 2507 opus)
1337 2461 1445 2493 non
1465 2448 1648 2495 debere
1667 2450 1843 2506 recipi.

1236 2516 1315 2560 39.
1332 2515 1487 2561 Facta
1507 2518 1584 2561 est
1601 2520 1766 2561 autem
1779 2516 2068 2574 dissensi02,

1167 2582 1254 2641 ita,
1275 2586 1330 2628 ut
1349 2582 1665 2629 discederent
1681 2586 1742 2629 ab
1763 2583 1997 2641 invicem,
2021 2586 2071 2628 et

1168 2650 1420 2696 Barnabas
1434 2650 1647 2707 quidem,
1661 2650 1917 2707 assumpto
1929 2651 2067 2695 Mar-

1168 2730 1246 2775 co,
1269 2717 1536 2775 navigaret
1555 2718 1800 2774 Cyprum3

1233 2786 1314 2829 40.
1350 2783 1536 2829 Paulus
1565 2795 1717 2839 vero,
1751 2781 1912 2829 electo
1943 2784 2064 2839 Sila,

1162 2852 1423 2907 profectus
1470 2852 1571 2907 est,
1619 2848 1829 2895 traditus
1875 2854 2066 2909 gratiae

1165 2917 1263 2963 Dei
1281 2930 1312 2961 a
1329 2915 1582 2962 fratribus.

1232 2985 1314 3028 41.
1349 2980 1729 3028 Perambulabat
1747 2985 1910 3031 autem
1923 2986 2065 3043 Syri-

1166 3065 1247 3097 am
1273 3050 1324 3095 et
1352 3047 1607 3109 Ciliciam,
1637 3052 1936 3097 confirmans
1965 3052 2063 3096 Ec-

1215 3177 1238 3192 1
1258 3180 1291 3203 c.
1310 3170 1376 3209 12,
1397 3170 1452 3203 12.
1502 3176 1524 3200 7
1545 3179 1577 3204 c.
1594 3171 1661 3211 13,
1681 3172 1738 3206 13.

1165 3226 1255 3261 sqq.

1795 3174 1813 3193 ¹
1832 3168 1920 3205 Gal.
1939 3171 1986 3208 2,
2007 3172 2063 3203 11.

315 3367 431 3422 Cap.
476 3362 583 3405 XV·
649 3370 718 3408 22.
758 3364 957 3417 elegera
993 3364 1100 3407 ibid.
1130 3360 1614 3416 cognominatunibid.
1645 3329 1918 3404 Bambhass
1941 3360 2061 3415 (sic).

198 3430 271 3468 2⁵.
302 3422 496 3475 elegere.

199 3478 461 3536 epistulam.

580 3424 647 3464 29.
678 3423 893 3473 sanguine
930 3420 1145 3465 suffocato
1185 3422 1327 3473 (deest
1371 3420 1454 3472 et).

548 3480 616 3519 33.
658 3476 793 3519 Deest
827 3476 1078 3528 aliquant03
1116 3474 1222 3518 ibid.
1249 3477 1478 3518 miserunt.
1547 3476 1615 3514 34.
1656 3472 1792 3513 Deest
1819 3472 1962 3513 omnis
1991 3472 2065 3514 hs'c

1539 3420 1608 3459 30.
1647 3416 1717 3458 illi
1756 3418 1915 3467 igitur-3
1954 3416 2062 3457 ibid.

201 3536 459 3581 versionem.
520 3536 586 3575 38.
618 3546 645 3573 a
664 3531 956 3587 Pamphylia,
980 3531 1083 3574 ibid.
1104 3533 1244 3585 recipi
1265 3546 1375 3573 eum.
1436 3533 1504 3570 4⁰.
1535 3528 1730 3576 Domini.
