2376 3925
480 195 750 250 AcTuS
801 196 1449 252 APOSTOLORUM.
1504 205 1671 255 CAP.
1711 209 1793 258 28.

1974 212 2071 262 237

186 269 2073 298 *Μ-

263 302 312 345 9.
350 299 462 352 Quo
481 301 617 346 facto
639 313 831 359 omnes,
845 301 926 358 qui
946 301 1002 347 in
1019 301 1102 346 in-

1239 305 1320 350 19.
1376 305 1847 358 contradicentibus
1906 317 2073 362 autem

189 366 307 413 sula
326 367 578 414 habebant
594 367 932 428 infirmitates,
953 382 1100 416 acce·
1165 370 1392 431 Judaeis,
1434 376 1635 420 coactus
1672 390 1783 422 sum
1816 381 2072 437 appellare

187 434 398 493 debant,
421 436 474 480 et
492 437 820 492 curabantur3

261 503 344 546 10.
382 501 470 558 qui
499 501 647 548 etiam
678 501 848 551 multis
885 503 1100 549 honori-

185 571 282 616 bus
309 582 409 614 nos
438 569 844 629 honoraverunt,
875 572 926 616 et
952 571 1098 616 navi-

187 636 432 694 gantibus
451 636 820 696 imposuerunt,
851 650 977 694 quae
1004 651 1098 684 ne-

189 703 424 750 cessaria
447 705 605 749 erant.
661 723 667 730 -

257 772 342 817 11.
387 771 514 817 Post
555 784 753 817 menses
791 774 959 818 autem
993 775 1100 820 tres

185 833 543 896 navigavimus
568 838 624 884 in
653 839 773 884 navi
789 839 1097 886 Alexandri-

185 919 276 963 na,
314 919 441 962 quae
477 905 532 950 in
567 906 734 952 insula
769 907 1096 966 hiemaverat,

187 973 277 1018 cui
296 975 404 1018 erat
420 972 620 1030 insigne
642 974 922 1019 Castorum.

263 1041 343 1086 12.
375 1039 443 1085 Et
461 1054 572 1086 cum
599 1040 912 1086 venissemus
941 1040 1097 1099 Syra-

189 1119 381 1166 cusam,
401 1108 674 1153 mansimus
698 1107 768 1154 ibi
787 1107 972 1153 triduo.
997 1117 1002 1122 ’

261 1187 342 1231 13.
362 1186 484 1233 Inde
503 1187 921 1245 circumlegentes
942 1187 1096 1233 deve-

186 1254 359 1299 nimus
393 1253 665 1312 Rhegium3
705 1257 758 1301 et
791 1258 910 1314 post
943 1269 1096 1302 unum

189 1321 324 1367 diem
343 1321 492 1366 flante
519 1324 734 1383 Austro,
764 1322 984 1369 secunda
1013 1322 1095 1368 die

185 1388 423 1434 venimus
441 1389 697 1436 Puteolos.

259 1456 340 1500 14.
378 1455 473 1502 Ubi
490 1457 709 1503 inventis
739 1457 977 1504 fratribus
1003 1469 1094 1503 ro-

189 1523 298 1581 gati
317 1535 485 1569 sumus
504 1537 709 1570 manere
729 1524 858 1582 apud
876 1538 967 1572 eos
988 1525 1095 1571 dies

187 1592 408 1647 septem3
431 1593 482 1636 et
499 1591 574 1636 sie
591 1591 819 1636 venimus
838 1593 1061 1638 Romam.

258 1659 340 1702 15.
375 1657 446 1702 Et
463 1657 580 1702 inde
593 1671 704 1702 cum
715 1658 972 1704 audissent
989 1660 1095 1704 fra-

185 1727 292 1771 tres
304 1755 321 1783 ,
345 1725 680 1770 occurrerunt
695 1725 841 1769 nobis
857 1738 1016 1780 usque
1035 1724 1100 1768 ad

185 1791 341 1850 Appii
369 1792 567 1848 forum,
595 1802 654 1834 ac
689 1791 793 1834 tres
823 1791 1096 1836 Tabernas.

188 1860 334 1912 Quos
363 1869 474 1902 cum
500 1855 712 1901 vidisset
738 1855 949 1917 Paulus,
980 1869 1097 1914 gra-

186 1927 285 1973 tias
306 1937 469 1985 agens
486 1924 620 1983 Deo,
641 1924 836 1983 accepit
852 1923 1096 1971 fiduciam.

255 2008 338 2051 16.
389 2006 514 2051 Cum
555 2007 734 2051 'autem
785 2006 1096 2053 venissemus

183 2077 423 2133 Romam,
471 2073 766 2131 permissum
808 2074 882 2119 est
917 2074 1094 2133 Paulo,

183 2153 397 2188 manere
418 2140 614 2188 sibimet
641 2154 752 2187 cum
780 2141 1094 2189 custodiente

183 2225 241 2257 se
261 2209 424 2255 milite
435 2204 466 2254 ἰ.

255 2278 337 2322 17.
374 2277 496 2322 Post
523 2276 726 2323 tertium
760 2280 928 2321 autem
965 2275 1095 2321 diem

185 2344 497 2391 convocavit
531 2342 724 2401 primos
769 2344 1092 2391 Iudaeorum.

183 2415 412 2468 cumque
461 2411 848 2472 convenissent,
897 2410 1094 2457 dicebat

183 2480 286 2527 eis:
327 2478 471 2537 Ego,
503 2478 598 2525 viri
617 2476 824 2527 fratres!
854 2478 983 2525 nihil
1001 2479 1092 2525 ad-

181 2558 367 2593 versus
385 2544 581 2603 plebem
593 2546 785 2592 faciens
797 2548 882 2593 aut
899 2560 1091 2591 morem

180 2615 453 2674 paternum
462 2604 502 2671 ¹¹,
535 2613 730 2660 vinctus
750 2616 810 2660 ab
831 2613 1092 2673 lerosoly-

178 2682 279 2727 mis
296 2681 509 2727 traditus
529 2694 638 2726 sum
655 2682 710 2727 in
720 2694 895 2729 manus
903 2680 1092 2727 Roma-

177 2762 386 2809 norum,

249 2818 334 2861 18.
373 2816 459 2873 qui
497 2828 608 2861 eum
636 2816 1091 2873 interrogationem

180 2884 244 2931 de
263 2897 347 2929 me
367 2882 683 2941 habuissent,
711 2882 984 2928 voluerunt
1010 2894 1091 2928 me

181 2952 466 3009 dimittere,
507 2962 570 2995 eo
610 2948 745 3005 quod
780 2948 920 2995 nulla
959 2950 1094 2995 esset

180 3032 337 3065 causa
355 3017 533 3064 mortis
554 3016 607 3061 ln
624 3030 721 3062 me.

225 3123 243 3152 ἶ
261 3139 300 3165 v.
319 3131 380 3165 30.
401 3140 434 3163 c.
454 3129 518 3169 24,
535 3130 596 3165 23.
643 3124 665 3153 ⁷⁶
683 3138 716 3163 c.
735 3130 798 3169 m,
817 3130 875 3163 12.

1171 439 1439 486 Caesarem
1448 432 1481 500 ἶ,
1536 455 1643 489 non
1687 445 1829 502 quasi
1870 453 2074 505 gentem

1167 518 1330 551 meam
1349 506 1538 553 habens
1559 509 1745 568 aliquid
1762 525 2016 562 accusare.

1234 574 1316 618 20.
1350 573 1569 632 Propter
1598 576 1727 624 hanc
1758 579 1912 636 igitur
1948 596 2069 628 cau-

1167 651 1274 684 sam
1291 642 1475 698 rogavi
1493 655 1587 690 vos
1602 643 1773 692 videre
1794 648 1845 692 et
1864 647 2069 706 alloqui.

1164 706 1382 764 Propter
1401 722 1543 766 spem
1560 711 1695 760 enim
1712 713 1873 760 Israel
1893 719 2071 762 eatena

1166 773 1259 820 hac
1281 774 1611 823 circumdatus
1632 791 1739 824 sum
1750 787 1803 826 m,

1233 843 1316 886 21.
1350 843 1416 888 At
1449 843 1527 888 illi
1564 844 1803 892 dixerunt
1840 848 1904 894 ad
1930 863 2067 896 eum:

1164 907 1273 953 Nos
1292 922 1456 965 neque
1484 910 1679 957 litteras
1707 915 1989 972 accepimus
2010 917 2069 963 de

1166 975 1215 1020 te
1236 975 1483 1036 aJudaea‚
1496 989 1660 1034 neque
1672 981 1948 1028 adveniens
1969 981 2068 1030 ali-

1166 1041 1275 1098 quis
1294 1044 1507 1089 fratrum
1532 1047 1795 1094 nunciavit
1819 1052 1907 1096 aut
1923 1050 2069 1098 loeu-

1163 1110 1245 1154 tus
1266 1112 1343 1156 est
1359 1111 1478 1166 quid
1500 1111 1561 1158 de
1580 1116 1630 1158 te
1650 1115 1847 1161 malum.

1232 1177 1312 1220 22.
1331 1177 1584 1235 Rogamus
1596 1183 1759 1227 autem
1772 1196 1801 1229 a
1813 1186 1863 1228 te
1876 1185 2067 1244 audire,

1165 1256 1294 1300 quae
1330 1244 1515 1303 sentis5
1554 1259 1671 1292 nam
1709 1249 1769 1294 de
1810 1253 1948 1296 secta
1975 1253 2068 1298 hac

1163 1311 1341 1356 notum
1361 1314 1439 1356 est
1466 1313 1637 1374 nobis,
1666 1315 1783 1372 quia
1810 1317 1992 1375 ubique
2023 1321 2071 1365 ei

1165 1377 1531 1424 contradicitur
1542 1385 1583 1425 ⁷⁸.

1232 1447 1312 1490 23.
1354 1447 1477 1491 Cum
1498 1447 1879 1498 constituissent
1906 1455 2073 1500 autem

1162 1513 1241 1558 illi
1260 1513 1407 1572 diem,
1424 1519 1671 1563 venerunt
1689 1517 1753 1564 ad
1772 1532 1885 1564 eum
1901 1520 1955 1566 in
1973 1520 2070 1567 ho-

1164 1580 1366 1637 spitium
1386 1581 1611 1643 plurimi,
1642 1586 1819 1642 quibus
1840 1600 2069 1645 expone-

1166 1649 1250 1692 bat
1273 1647 1546 1695 testificans
1573 1665 1787 1709 regnum
1813 1653 1929 1714 Dei,
1950 1669 2068 1701 sua-

1166 1713 1389 1769 densque
1436 1715 1511 1761 eis
1555 1716 1616 1762 de
1660 1720 1691 1764 J
1694 1732 1785 1765 esu
1830 1734 1898 1767 ex
1932 1722 2069 1780 Lege

1163 1780 1338 1837 Moysi
1348 1782 1397 1825 et
1406 1781 1690 1844 Prophetis,
1701 1798 1731 1830 a
1748 1799 1895 1833 mane
1911 1800 2067 1845 usque

1165 1845 1231 1891 ad
1253 1859 1530 1903 vesperam.

1233 1914 1315 1958 24.
1349 1913 1417 1959 Et
1450 1915 1647 1973 quidam
1683 1918 1953 1967 credebant
1970 1921 2066 1983 his,

1165 1994 1293 2038 quae
1332 1982 1649 2045 dicebantur-3
1698 1986 1896 2044 quidam
1943 2003 2066 2037 vero

1163 2062 1272 2095 non
1293 2050 1576 2097 credebant.

1230 2118 1311 2161 25.
1350 2118 1572 2175 Cumque
1601 2120 1821 2169 invicem
1847 2137 1952 2170 non
1984 2140 2066 2173 es-

1163 2184 1279 2230 sent
1298 2187 1673 2235 consentientes
1689 2219 1705 2249 ‚
1728 2190 2064 2252 discedebant,

1163 2251 1363 2297 dicente
1412 2254 1572 2301 Paulo
1624 2269 1781 2305 unum
1832 2262 2062 2309 verbum:

1163 2318 1296 2370 Quia
1313 2322 1441 2367 bene
1462 2322 1677 2381 Spiritus
1697 2328 1900 2374 sanetus
1918 2328 2063 2375 locu-

1161 2388 1243 2433 tus
1264 2389 1339 2434 est
1358 2402 1449 2445 per
1476 2391 1657 2439 isaiam
1679 2393 1983 2452 Prophetam
2002 2396 2065 2440 ad

1160 2456 1331 2512 patres
1350 2459 1573 2516 nostros,

1233 2523 1312 2567 26.
1350 2522 1549 2569 dicens:
1590 2526 1765 2583 „Vade
1802 2526 1867 2571 ad
1902 2540 2063 2584 popu-

1161 2588 1305 2648 „lum
1330 2589 1507 2649 istum,
1536 2594 1587 2637 et
1608 2592 1684 2639 dic
1703 2593 1764 2639 ad
1785 2604 1899 2639 eos:
1926 2596 2063 2641 Aure

1160 2655 1411 2716 „audietis
1425 2688 1439 2716 ,
1467 2660 1518 2703 et
1534 2672 1641 2704 non
1660 2660 1983 2719 intelligetis;
2012 2665 2064 2709 et

1159 2723 1431 2783 „videntes
1450 2725 1682 2772 videbitis
1696 2756 1710 2783 ,
1740 2728 1791 2773 et
1818 2740 1923 2773 non
1942 2742 2061 2787 per-

1159 2791 1438 2851 „spicietis.

1226 2858 1309 2904 27.
1344 2860 1717 2915 „incrassatum
1736 2864 1814 2907 est
1826 2863 1960 2910 enim
1970 2879 2059 2911 cor

1159 2924 1373 2985 „populi
1392 2924 1566 2984 hujus,
1598 2928 1650 2972 et
1666 2928 1867 2977 auribus
1888 2933 2058 2991 gravi-

1161 2994 1277 3051 „ter
1296 2991 1579 3053 audierunt,
1592 2995 1767 3043 oculos
1788 3011 1907 3046 suos
1919 3012 2057 3047 com-

1205 3078 1436 3123 ²c.23,11.
1483 3086 1708 3127 nc.26,6.
1741 3084 1989 3134 Epi-,esta
2035 3094 2059 3113 ¹·

1155 3126 1259 3166 Luc.
1278 3128 1317 3169 2,
1334 3129 1397 3165 34.

298 3272 416 3327 Cap.
446 3269 675 3315 XXVIII.
733 3276 776 3315 9.
807 3279 856 3316 et
883 3286 1036 3317 omnes
1064 3275 1140 3327 qui
1167 3275 1217 3316 in
1246 3276 1349 3329 ipsa
1374 3276 1533 3319 insula.
1592 3283 1658 3321 11.
1694 3280 1948 3325 Castrorum
1972 3282 2057 3336 (sic

180 3335 252 3372 est
279 3326 573 3379 correctum)-
633 3332 698 3370 12.
730 3327 992 3381 Syracusas.
1054 3333 1120 3371 13.
1153 3331 1346 3373 seeundo
1378 3333 1474 3383 die;
1502 3333 1611 3376 ibid.
1630 3336 1849 3379 Puteolis.
1912 3342 1977 3379 15.
2010 3343 2057 3379 et

179 3385 328 3427 trihus
349 3383 593 3425 Tabernis.
653 3388 718 3427 16.
749 3385 1026 3427 venissemus
1046 3390 1222 3434 autem3
1252 3385 1359 3431 ibid.
1382 3389 1468 3430 sibi
1488 3402 1598 3431 cum.
1662 3396 1727 3433 18.
1760 3404 1893 3434 causa
1920 3398 2055 3435 esset.

179 3445 249 3483 ²1.
303 3438 603 3481 adnuntiavit.
681 3444 746 3482 23.
795 3438 973 3495 plures3
1002 3440 1110 3483 ibid.
1147 3441 1429 3503 suadensque
1456 3456 1555 3494 eos3
1583 3444 1691 3489 ibid.
1720 3450 1767 3489 et
1793 3445 1895 3499 lege
1922 3449 2053 3490 Mosi.

180 3534 252 3573 25.
274 3542 362 3586 per
378 3528 577 3573 Esaiam.
630 3532 696 3573 26.
729 3528 867 3575 Deest
884 3531 946 3573 ad
964 3543 1068 3582 eos;
1087 3530 1197 3575 ibid.
1216 3495 1382 3577 vid2¹tis
1402 3537 1449 3575 et
1467 3546 1555 3575 non
1571 3534 1784 3579 videbitis
1806 3534 1927 3591 (sic).
