2376 3925
608 163 1014 215 EPISTOLA
1047 166 1357 216 JACOBI.
1421 165 1588 215 cAP.
1611 170 1661 215 2.
1684 164 1731 215 3.

303 273 348 313 9.
395 268 448 315 Si
477 272 642 313 autem
672 279 915 325 personas
945 266 1132 323 accipi-

231 336 298 382 tis
312 367 325 393 ,
345 338 604 393 peccatum
633 333 937 392 operamini,
957 332 1133 378 redar-

232 403 342 461 guti
362 401 524 459 alege
543 400 686 457 quasi
711 405 1132 457 transgressores.

301 471 382 513 10.
431 469 738 525 Quicumque
775 471 942 512 autem
977 464 1145 511 totam

230 537 399 594 legem
418 535 714 592 servaverit,
729 534 950 579 offendat
967 536 1132 578 autem

231 605 286 649 in
309 616 429 661 uno,
450 603 609 647 factus
631 604 706 647 est
725 600 948 646 omnium
964 613 1082 645 reus
1093 604 1131 643 9.

303 672 382 714 11.
437 669 534 721 Qui
587 668 720 714 enim
771 668 924 713 dixit:
978 667 1132 726 „Non

231 734 672 795 „moechaberis“,
711 735 840 781 dixit
867 736 940 780 et:
977 735 1132 793 „Non

233 802 525 863 „occides“.
597 801 741 854 Quod
781 802 958 847 sinon
987 814 1131 846 moe-

232 870 491 926 chaberis,
522 870 720 915 occides
749 870 941 924 autem,
970 869 1130 913 factus

233 952 288 983 es
311 939 656 994 transgressor
675 936 820 993 legis.

301 1006 380 1048 12.
417 1004 499 1049 Sic
512 1002 790 1060 loquimini,
803 1004 852 1047 et
871 1001 942 1047 sic
961 1000 1128 1059 facite,

233 1072 364 1116 sicut
381 1083 471 1127 per
490 1070 654 1127 legem
681 1068 928 1115 libertatis
948 1068 1130 1125 incipi-

234 1139 376 1183 entes
391 1136 622 1194 judicari.

300 1206 381 1249 13.
416 1203 664 1249 Judicium
693 1202 826 1248 enim
851 1202 960 1249 sine
979 1202 1131 1248 mise-

230 1271 456 1317 ricordia
481 1270 583 1329 illi,
613 1270 821 1326 quinon
841 1270 962 1315 fecit
977 1269 1132 1314 mise-

232 1338 560 1395 ricordiam⁷3
599 1336 942 1395 superexaltat
968 1338 1134 1381 autem

231 1404 581 1451 misericordia
595 1404 850 1461 judicium.

301 1474 380 1517 14.
403 1472 533 1525 Quid
553 1472 794 1529 proderit,
815 1473 997 1517 tratres
1008 1467 1130 1517 mei!

233 1540 278 1585 si
325 1540 467 1585 iidem
514 1539 622 1595 quis
670 1539 802 1583 dicat
837 1552 891 1583 se
925 1538 1130 1596 habere,

234 1619 393 1663 opera
421 1607 587 1650 autem
617 1618 722 1650 non
749 1605 958 1650 habeat?
986 1617 1133 1649 num-

234 1673 352 1730 quid
375 1672 561 1729 poterit
578 1672 697 1715 fides
719 1670 914 1716 salvare
935 1684 1045 1715 eum
1061 1671 1084 1715 ’ἔ

306 1740 385 1783 15.
424 1739 478 1783 Si
515 1740 680 1783 autem
715 1739 871 1781 frater
901 1740 952 1781 et
987 1749 1136 1781 soror

236 1805 360 1850 nudi
379 1804 496 1863 sint,
517 1805 568 1849 et
585 1804 844 1861 indigeant
862 1803 994 1848 victu
1015 1816 1135 1859 quo-

236 1872 450 1927 tidiano,

305 1941 386 1983 16.
425 1936 556 1984 dicat
575 1940 739 1983 autem
759 1935 938 1994 aliquis
959 1949 1025 1982 ex
1043 1948 1136 1982 vo-

237 2008 312 2054 bis
333 2005 460 2052 illis:
494 2007 566 2051 Ite
586 2005 639 2050 in
663 2018 782 2062 pace
796 2035 809 2062 ,
832 2003 1136 2050 calefacimi-

236 2076 291 2120 ni
328 2076 379 2118 et
415 2071 723 2118 saturamini!
761 2085 868 2116 non
901 2071 1136 2117 dederitis

237 2143 404 2187 autem
423 2141 524 2197 eis,
555 2153 681 2196 quae
709 2139 998 2185 necessaria
1021 2140 1138 2184 sunt

239 2207 470 2265 corpori;
493 2207 610 2263 quid
629 2206 885 2264 proderit?

304 2276 383 2318 17.
424 2273 505 2320 Sic
526 2277 576 2318 et
593 2273 740 2328 fides,
770 2273 813 2318 si
833 2285 939 2317 non
957 2272 1137 2318 habeat

239 2354 412 2399 opera,
433 2343 630 2385 mortua
651 2339 798 2384 estin
818 2341 975 2385 semet
992 2338 1116 2394 ipsa.

305 2411 384 2452 18.
423 2406 520 2453 Sed
552 2406 683 2452 dicet
709 2406 845 2462 quis:
888 2407 967 2450 Tu
994 2405 1138 2450 fidem

237 2476 408 2533 habes,
421 2476 473 2520 et
483 2486 578 2530 ego
593 2485 749 2530 opera
760 2472 920 2519 habeo
934 2486 948 2530 ;
962 2474 1136 2516 osten-

239 2541 300 2588 de
326 2541 452 2587 mihi
478 2541 623 2586 fidem
650 2542 785 2584 tuam
821 2539 930 2584 sine
966 2537 1136 2595 operi-

237 2612 329 2656 bus
343 2623 356 2665 ;
371 2611 421 2654 et
440 2621 534 2666 ego
557 2607 815 2652 ostendam
833 2605 924 2653 tibi
935 2619 1000 2652 ex
1013 2618 1138 2662 ope—

236 2677 378 2723 ribus
398 2675 542 2720 fidem
560 2687 736 2719 meam.

307 2745 388 2798 19,
427 2743 506 2785 Tu
525 2741 713 2798 credis,
743 2740 980 2795 quoniam
1007 2751 1136 2784 unus

241 2812 319 2856 est
334 2807 498 2864 Deus;
536 2809 662 2852 bene
683 2807 831 2863 facis,
863 2809 913 2851 et
933 2805 1136 2850 daemo-

240 2889 332 2922 nes
353 2874 578 2930 credunt,
601 2875 652 2917 et
670 2872 1076 2918 contremiscunt.

308 2944 387 2986 20.
422 2941 511 2986 Vis
539 2943 701 2985 autem
731 2939 886 2996 scire,
926 2950 956 2983 o
984 2939 1134 2983 homo

240 3007 674 3065 inanis!quoniam
693 3005 812 3052 fides
833 3006 942 3052 sine
964 3005 1132 3062 operi-

239 3078 330 3123 bus
349 3078 549 3121 mortua
568 3074 672 3120 est?

288 3185 305 3210 9
325 3177 444 3211 Dent.
461 3179 521 3218 27,
540 3178 601 3212 26.
649 3182 666 3200 ⁷
683 3173 828 3210 Manui..
849 3178 884 3215 7,
902 3177 936 3209 2.

2002 162 2101 215 363

1268 268 1347 311 21.
1367 267 1616 313 Abraham
1627 269 1768 324 pater
1781 270 1955 312 noster
1966 280 2100 312 non-

1200 347 1265 379 ne
1305 346 1373 379 ex
1410 334 1645 390 operibus
1677 334 1977 390 justificatus
2008 335 2100 391 est,

1202 400 1423 445 offerens
1434 406 1453 429 ⁸
1463 401 1602 447 Isaac
1613 400 1767 446 filium
1788 414 1933 446 suum
1952 412 2103 457 super

1200 466 1390 512 altare?

1265 535 1347 578 22.
1382 533 1534 579 Vides
1564 534 1800 589 quoniam
1829 533 1949 580 fides
1975 545 2100 579 coo-

1199 602 1468 658 perabatur
1498 600 1734 658 operibus
1763 600 1923 657 illius3
1956 604 2007 645 et
2034 614 2101 647 ex

1201 667 1435 725 operibus
1455 667 1575 713 fides
1597 670 1937 712 consummata
1958 670 2047 713 est.

1265 736 1346 779 23.
1380 734 1449 779 Et
1464 734 1693 791 suppleta
1719 735 1797 779 est
1824 733 2097 791 Scriptura,

1200 799 1395 848 dicens:
1420 801 1683 860 „Credidit
1700 800 1951 846 Abraham
1969 801 2097 857 Deo,

1198 871 1287 928 „et
1321 870 1603 926 reputatum
1639 868 1716 913 est
1750 867 1827 912 illi
1854 867 1916 911 ad
1948 866 2097 923 J'usti-

1200 935 1383 993 ‚,tiam,
1414 938 1465 982 et
1492 935 1679 981 amicus
1699 934 1796 981 Dei
1821 933 2097 991 appellatus

1199 1002 1395 1062 ,‚e·t“t.

1265 1070 1346 1114 24.
1380 1068 1574 1114 Videtis
1585 1068 1817 1125 quoniam
1840 1081 1905 1113 ex
1926 1066 2097 1124 operi-

1198 1138 1289 1183 bus
1304 1136 1603 1193 justificatur
1622 1135 1799 1193 homo,
1832 1126 1883 1180 et
1908 1146 2014 1179 non
2034 1146 2100 1179 ex

1198 1203 1295 1249 fide
1312 1202 1573 1248 tantumn?

1266 1271 1347 1315 25.
1384 1269 1625 1316 Similiter
1644 1269 1694 1314 et
1712 1267 1879 1313 Rahab
1892 1274 1915 1298 ν
1932 1280 2097 1313 mere-

1198 1337 1321 1396 trix,
1358 1350 1531 1382 nonne
1561 1348 1628 1381 ex
1654 1334 1891 1392 operibus
1914 1332 2098 1391 justifi-

1200 1406 1311 1451 cata
1340 1405 1441 1462 est,
1474 1402 1753 1459 suscipiens
1778 1402 2019 1459 nuncios,
2050 1401 2101 1445 et

1200 1472 1301 1518 alia
1322 1471 1402 1516 via
1422 1469 1665 1527 ejiciens}

1267 1540 1347 1583 26.
1385 1538 1526 1585 Sicut
1578 1535 1713 1583 enim
1766 1548 1947 1592 corpus
1990 1534 2099 1578 sine

1202 1606 1381 1663 spiritu
1402 1606 1651 1650 mortuum
1672 1605 1775 1661 est,
1804 1603 1874 1648 ita
1904 1604 1955 1647 et
1982 1601 2099 1647 fides

1202 1673 1312 1717 sine
1332 1672 1567 1730 operibus
1586 1672 1783 1715 mortua
1802 1672 1892 1715 est.

1496 1818 1539 1868 C
1550 1816 1594 1865 A
1606 1816 1667 1865 P.
1718 1814 1806 1865 111.

1204 1917 1275 1958 De
1296 1913 1425 1956 malis
1444 1914 1625 1967 linguae
1645 1927 1728 1955 usu
1748 1912 1962 1955 oriundis.
2006 1912 2101 1959 Quo

1205 1975 1415 2014 cernatur
1434 1971 1788 2013 terrenaminter
1807 1966 2102 2012 etcoelestem

1381 2027 1649 2081 sapientiam
1677 2025 1929 2066 discrimen.

1270 2122 1317 2165 1.
1353 2118 1524 2166 Nolite
1544 2119 1715 2177 plures
1730 2117 1956 2174 magistri
1974 2116 2100 2173 fieri,

1202 2190 1385 2235 fratres
1422 2185 1543 2233 mei!
1584 2186 1826 2243 scientes,
1865 2184 2101 2241 quoniam

1201 2254 1363 2312 majus
1377 2254 1623 2312 judicium
1640 2253 1851 2299 sumitis.

1269 2323 1315 2367 2.
1351 2324 1410 2366 In
1434 2321 1603 2367 multis
1643 2321 1777 2366 enim
1805 2317 2100 2363 offendimus

1204 2402 1394 2434 omnes.
1445 2389 1499 2433 Si
1518 2387 1628 2443 quis
1649 2387 1700 2430 in
1722 2387 1875 2430 verbo
1895 2397 2000 2428 non
2020 2385 2100 2428 of-

1203 2455 1386 2511 fendit3
1439 2454 1521 2499 hic
1574 2454 1825 2510 perfectus
1879 2453 1956 2494 est
2007 2449 2100 2494 vir.

1203 2522 1379 2566 Potest
1416 2520 1565 2564 etiam
1602 2520 1780 2565 fraeno
1821 2516 2101 2562 circumdu-

1204 2601 1318 2634 cere
1336 2588 1497 2632 totum
1515 2598 1713 2642 corpus.

1270 2655 1316 2698 3.
1364 2653 1418 2699 Si
1456 2656 1620 2697 autem
1660 2649 1801 2707 cquis
1837 2650 2013 2695 fraena
2050 2649 2102 2694 in

1204 2734 1295 2766 ora
1322 2719 1562 2765 mittimus
1593 2718 1655 2762 ad
1674 2716 2102 2762 'consentiendum

1204 2788 1367 2846 nobis,
1406 2789 1457 2831 et
1494 2799 1641 2830 omne
1679 2796 1861 2840 corpus
1897 2782 2102 2829 illorum

1204 2852 1613 2900 circumferimus.

1269 2922 1315 2964 4.
1350 2917 1509 2964 Ecce!
1548 2920 1599 2964 et
1632 2931 1816 2976 naves,
1856 2933 1966 2964 cum
1994 2931 2100 2962 ma-

1205 3000 1333 3045 gnae
1354 2986 1480 3043 sint,
1509 2987 1559 3030 et
1576 2999 1607 3030 a
1628 2985 1789 3030 ventis
1812 2985 1987 3031 validis
2006 2984 2101 3029 mi-

1249 3089 1264 3108 ⁸
1284 3082 1385 3118 Gen.
1410 3083 1477 3124 22,
1502 3083 1646 3117 9—12.
1694 3079 1808 3117 Rom.
1825 3084 1873 3122 4,
1892 3084 1924 3116 2.
1947 3091 2032 3125 sqq.
2082 3080 2100 3104 θ

1206 3129 1306 3164 Gen.
1328 3131 1394 3170 15,
1420 3131 1455 3164 6.
1503 3135 1523 3152 ¹⁴
1542 3131 1561 3162 1
1582 3127 1672 3162 Cor.
1694 3132 1759 3169 13,
1787 3131 1823 3163 1.
1840 3130 1875 3163 2.
1926 3134 1943 3151 ¹³
1960 3125 2041 3161 Jos.
2059 3128 2097 3167 2,

1202 3179 1241 3211 4.
1273 3173 1396 3210 Hebr.
1416 3178 1473 3216 ll,
1491 3177 1551 3210 31.

357 3317 468 3372 Cap.
497 3317 561 3360 11.
621 3321 685 3359 13.
717 3317 1024 3360 misericordia
1055 3317 1242 3369 judicio.
1302 3322 1368 3361 15.
1399 3319 1437 3359 si
1474 3322 1621 3360 autem
1658 3319 1801 3360 frater
1838 3320 1915 3358 aut
1952 3331 2099 3368 soror3

241 3374 350 3416 ibid.
372 3375 492 3413 victu
512 3374 752 3415 cotidiano.
813 3375 877 3414 16.
910 3373 964 3415 de
985 3375 1112 3415 vobis
1131 3373 1245 3423 illis3
1274 3374 1383 3417 ibid.
1412 3371 1729 3421 caleficamini3
1760 3372 1864 3414 ibid.
1885 3373 2097 3426 corporis.

246 3434 312 3472 18.
343 3429 424 3471 sed
458 3428 576 3470 dicet
605 3427 783 3480 aliquis.
842 3431 907 3470 19.
939 3434 984 3470 et
1012 3435 1381 3472 contremescunt.
1438 3433 1506 3470 20.
1539 3430 1682 3470 otiosa
1710 3434 1793 3468 est.
1851 3431 1918 3468 25.
1951 3429 2103 3480 Raab;

243 3484 351 3528 ibid.
364 3484 540 3526 nuntios
553 3498 565 3532 3
583 3482 691 3526 ibid.
703 3484 880 3526 eiciens.

964 3484 1050 3528 111.
1098 3490 1138 3528 2.
1161 3485 1489 3528 circumducere
1509 3483 1652 3526 freno.
1708 3485 1747 3524 3.
1770 3482 1921 3526 frenos
1941 3485 1987 3526 in
2008 3496 2101 3526 ora.
