2376 3925
640 147 1180 196 coquNTATIo
1238 150 1659 222 ISAGoech.
1908 147 2083 196 xxm

198 277 468 348 subinde,
493 279 688 336 animo
713 279 1106 353 obtemperans
1133 279 1473 335 exacerbato
1489 319 1507 350 ,
1534 279 1844 336 invehitur.
1928 276 2080 336 Mul-

192 371 326 418 tum
351 360 572 430 abfuit,
617 371 682 418 ut
715 363 986 418 continuo
1024 360 1167 416 haec
1208 365 1331 434 ejus
1366 361 1555 418 studia
1579 364 1781 436 plausu
1808 362 2079 416 ecelesia-

191 463 329 500 rum
363 445 782 516 exciperentur.
867 442 988 500 Imo
1025 445 1252 499 saeculo
1289 445 1487 518 quinto
1522 453 1582 499 et
1615 445 1878 500 inferiori
1906 445 2079 499 etiam

195 537 463 599 tempore
488 527 744 600 utrisque
771 526 1243 582 translationibus
1272 534 1330 581 et
1355 535 1582 596 vetere,
1620 536 1677 582 et
1702 529 1921 582 recenti
1945 545 2079 600 pro-

193 610 424 664 misene
451 609 542 663 usi
565 618 699 664 sunt
722 626 824 682 pro
851 609 1039 665 lubitu
1063 625 1179 665 non
1206 618 1431 666 tantum
1456 609 1622 678 laici,
1649 609 1748 664 sed
1772 611 1910 664 item
1934 627 2077 682 pon-

194 691 422 760 tifices,
456 693 518 746 in
554 689 644 746 his
669 689 786 748 Leo
814 687 1099 766 Magnus,
1143 692 1243 766 qui
1270 693 1488 748 excitat
1514 691 1689 747 verba
1715 689 1787 745 N.
1814 689 1883 746 Τ.
1906 690 2079 748 hodie

197 773 450 848 perdita:
504 789 656 843 „vos
702 783 898 829 autem
942 774 1235 849 quaeritis
1272 775 1341 830 de
1370 775 1599 831 minimo
1626 790 1893 830 crescere
1921 785 1980 830 et
2008 775 2079 830 de

199 875 413 933 magno
456 856 707 911 minui.“
745 853 924 911 Sexto
960 857 1187 911 saeculo
1225 873 1279 929 p.
1309 855 1439 912 Chr.
1477 864 1723 911 exeunte
1755 853 2079 932 Gregorius

204 936 284 993 M.
313 941 374 992 in
399 938 791 1014 explicatione
835 936 975 993 libri
996 936 1130 994 Jobi
1167 941 1601 994 translationem
1622 935 1963 1012 Hieronymi
1996 939 2079 992 la-

200 1024 386 1076 tinam
409 1021 473 1077 in
498 1037 664 1076 usum
687 1021 948 1092 vocavit3
984 1022 1307 1096 antiquiore
1332 1030 1523 1078 autem
1548 1023 1813 1078 versione
1837 1020 1909 1076 ad
1928 1038 2083 1075 com-

197 1105 561 1178 parationem
599 1121 736 1158 usus
775 1111 894 1172 est,
937 1103 1217 1176 polemico
1258 1105 1514 1160 consilio.
1599 1101 1687 1159 Ita
1718 1103 1935 1159 factum
1971 1112 2079 1173 est,

197 1197 264 1242 ut
317 1185 528 1258 duplex
579 1204 721 1259 opus
777 1185 873 1240 diu
909 1188 1217 1242 multorum
1251 1187 1526 1242 memoria
1568 1195 1626 1240 et
1658 1204 1766 1241 usu
1798 1183 2077 1240 floruerit.

197 1267 369 1324 Nihil
397 1270 550 1322 enim
577 1267 870 1325 difficilius
897 1268 1217 1342 perficitur,
1244 1287 1414 1342 quam
1437 1276 1504 1322 ut
1527 1269 1775 1343 aliquem
1803 1267 2078 1326 destituas

199 1355 258 1406 in
287 1351 464 1406 rebus
487 1352 700 1420 sacris,
727 1369 896 1425 quem
923 1350 1130 1406 dudum
1157 1369 1225 1406 ea
1248 1370 1415 1407 usum
1440 1369 1563 1406 esse
1591 1353 1801 1420 scitur,
1827 1352 2077 1406 auctori·-

201 1443 343 1490 tate.
431 1429 601 1488 Haud
625 1451 758 1490 raro
787 1433 1026 1502 accidit,
1065 1443 1128 1488 ut
1157 1452 1233 1488 ex
1258 1435 1583 1508 antiquiore
1608 1434 1789 1488 latina
1814 1434 2078 1490 versione

199 1517 532 1584 recentior,
575 1524 634 1570 et
661 1515 734 1570 ad
759 1517 1137 1570 recentiorem
1163 1518 1447 1572 vetustior
1474 1518 1889 1592 corrigeretur,
1924 1524 1989 1572 ut
2016 1517 2079 1571 in

204 1599 406 1654 codice
450 1595 742 1654 Brixiensi
793 1607 1063 1673 argenteo
1115 1601 1545 1675 evangeliorum
1591 1607 1650 1653 et
1693 1599 1756 1652 in
1801 1596 2078 1653 Vaticano

205 1681 404 1736 codice
445 1697 539 1735 no.
579 1681 755 1736 7016.
803 1711 886 1720 —
937 1677 1323 1756 Hieronymus
1360 1690 1560 1738 cautus
1601 1682 1939 1750 translator,
1984 1681 2081 1755 qui

208 1765 426 1838 aliquot
453 1765 582 1819 loca
606 1764 801 1837 populi
839 1780 1008 1817 causa
1040 1765 1353 1839 reliquerat
1388 1767 1635 1831 intacta,
1680 1764 1829 1817 tanti
1869 1763 2080 1816 laboris

210 1845 528 1902 mercedem
553 1864 728 1920 quum
759 1845 1052 1899 retulisset
1092 1847 1369 1919 injurias,
1405 1845 1697 1920 querelas,
1742 1845 2080 1914 calumnias3

208 1929 452 1985 decursu
479 1929 696 2004 aliquot
735 1927 1089 1984 saeculorum
1124 1928 1543 2003 multorumque
1569 1924 1902 2000 pontificum
1926 1925 2081 1999 Judi-

206 2016 298 2069 cio
347 2031 444 2067 res
490 2029 672 2067 novae
715 2012 1058 2067 auctoritate
1094 2010 1416 2068 sufficiente
1453 2010 1682 2065 tandem
1716 2008 2082 2077 confirmatae

203 2102 358 2151 sunt.
391 2124 463 2135 —

331 2175 424 2231 De
452 2175 791 2251 linguistico
823 2185 993 2252 atque
1019 2180 1233 2233 critico
1262 2178 1458 2233 valore
1483 2177 1788 2245 versionis,
1806 2177 1943 2230 licet
1968 2173 2082 2245 his,

205 2279 354 2335 quae
406 2258 697 2329 dicentur,
743 2258 996 2335 defungi.
1081 2258 1365 2316 Latinitas
1412 2256 1752 2333 Hieronymi
1791 2259 1924 2313 talis
1974 2267 2081 2327 est,

207 2352 276 2398 ut
312 2360 498 2417 neque
536 2344 823 2397 contemni
854 2344 1067 2416 possit,
1112 2360 1219 2397 nec
1261 2341 1539 2397 laudanda
1576 2342 1817 2397 nimium
1856 2341 1948 2395 sit.
2032 2340 2083 2395 A

215 2426 572 2482 soloecismis
613 2426 764 2479 enim
797 2432 856 2478 et
895 2424 1152 2481 barbarie
1191 2426 1506 2500 peritorum
1548 2426 1802 2479 virorum
1844 2422 2081 2495 judiciis

209 2526 328 2563 non
361 2524 586 2581 semper
619 2505 903 2562 abhorret.
985 2504 1043 2561 J.
1069 2506 1149 2563 M.
1185 2506 1510 2576 Gesnerus,
1549 2504 1717 2561 homo
1754 2505 2082 2561 literatissi-

207 2610 367 2660 mus,
406 2590 605 2665 magni
638 2588 748 2644 hoc
785 2598 1215 2645 monumentum
1250 2591 1441 2645 facere
1483 2588 1729 2658 solebat,
1774 2605 1891 2643 non
1920 2588 2080 2661 quasi

215 2690 476 2728 sermone
500 2669 655 2727 Latii
679 2672 944 2746 plenum,
985 2672 1085 2728 sed
1119 2673 1271 2749 quod
1296 2674 1406 2729 sibi
1434 2672 1505 2727 ad
1534 2668 1955 2745 cognoscendas
1983 2689 2081 2743 pe-

213 2758 366 2810 nitus
389 2752 685 2823 Romanae
729 2756 960 2831 linguae
991 2765 1207 2812 aetates
1254 2755 1506 2813 subsidio
1548 2761 1713 2807 esset.
1800 2750 2083 2809 Gnaviter

209 2840 366 2893 enim
395 2838 662 2907 curabat,
703 2847 770 2893 ut
793 2838 976 2895 stadia
1001 2841 1277 2895 sermonis
1304 2828 1721 2905 Romanorum,
1761 2837 1855 2891 cui
1880 2854 2083 2909 perve-

209 2920 478 2997 stigando
503 2922 683 2975 vitam
708 2922 975 2995 viresque
1019 2921 1341 2989 dicaverat,
1384 2917 1758 2993 undequaque
1796 2920 2083 2992 perspice—

209 3014 317 3059 ret.
393 3000 504 3058 Est
527 3012 802 3078 argentea
824 3012 980 3059 aetas
1007 3004 1241 3079 linguae
1267 2999 1536 3071 Latinae,
1564 3010 1649 3057 est
1676 3004 1849 3055 etiam
1876 3001 2121 3073 ferrea.-

211 3084 514 3156 Novimus,
543 3082 962 3161 Hieronymum
983 3094 1245 3159 questum
1272 3102 1428 3154 esse,
1469 3085 1786 3140 orationem
1814 3102 1973 3139 suam
2000 3084 2083 3137 la-

216 3171 402 3224 tinam
435 3168 685 3223 lectione
741 3168 1019 3226 librorum
1061 3166 1453 3223 Hebraeorum
1496 3177 1554 3221 et
1592 3164 1943 3221 Graecorum
1978 3165 2083 3218 ali-

217 3261 493 3326 quantum
520 3250 782 3306 affectam
807 3270 960 3321 esse,
989 3258 1048 3304 et
1073 3250 1381 3327 „rubigine
1408 3249 1708 3305 obductam
1721 3250 1784 3318 ,“
1829 3256 1894 3302 ut
1918 3248 2084 3320 igno-

219 3333 492 3389 scendum
518 3336 596 3389 sit
623 3337 748 3407 eJus
772 3334 1028 3390 ruditati.
1113 3331 1263 3404 Sed,
1294 3333 1516 3388 collatis
1542 3329 1702 3386 Italis
1730 3328 2086 3385 versionibus

221 3416 659 3490 antiquioribus,
685 3434 830 3491 quae
861 3416 934 3472 ad
955 3414 1347 3476 Latinitatem
1376 3415 1694 3483 rusticam,
1722 3418 1961 3466 matrem
1984 3410 2087 3467 ho·-
